1527 2661
353 193 437 248 568
813 203 859 232 Τ.
882 204 1015 234 mvn

156 297 199 328 U.
211 297 249 329 C.
267 305 341 330 542.
356 291 525 342 corporis
545 290 757 327 hominum.
805 292 924 328 Sociis
943 293 986 329 C.
999 293 1139 331 Laelius
1160 295 1358 345 praefectus
1375 296 1470 334 clas³

155 341 197 371 Α·
211 340 247 372 C'
265 349 339 373 ²¹⁰¹
353 360 428 405 sis;
460 358 679 407 legionariis
717 357 775 394 M.
797 358 1044 409 Sempronius
1079 359 1292 396 Tuditanus
1330 361 1470 398 aderat.

349 424 409 460 Ea
427 423 625 459 contentio
645 436 759 471 quum
779 435 897 472 prope
918 425 1141 460 seditionem
1160 425 1319 467 veniret,
1342 425 1470 474 Scipio
1509 399 1511 451 i

349 496 425 526 tres
452 494 737 538 recuperatores
757 501 873 536 quum
899 500 939 523 se
965 488 1138 524 daturum
1165 489 1468 537 pronunciasset,
1511 513 1516 537 ἰ

348 553 427 603 qui,
450 554 605 602 cognita
634 565 767 588 caussa
794 552 1032 601 testibusque
1061 552 1213 594 auditis,
1233 551 1465 602 judicarent,
1511 546 1512 552 ¹

347 624 432 654 uter
461 618 565 668 prior
591 618 631 653 in
662 616 843 667 oppidum
872 617 1191 662 transcendisset3
1225 615 1404 654 C.Laelio
1429 621 1469 652 et

346 682 404 719 M.
419 683 646 732 Sempronio
676 682 867 717 advocatis
897 682 1014 731 partis
1045 682 1239 730 utriusque
1265 681 1306 718 P.
1321 681 1466 717 Corne-

346 746 440 784 lium
461 747 675 783 Caudinum
695 746 740 782 de
763 746 887 782 medio
908 746 1068 796 adjecit3
1101 758 1240 795 eosque
1258 753 1333 781 tres
1359 757 1468 780 recu-

347 815 541 861 peratores
575 810 785 852 considere,
816 815 853 845 et
883 822 1053 845 caussam
1084 821 1315 857 cognoscere
1337 807 1465 858 jussit.

347 876 477 916 Quum
497 887 555 912 res
575 886 620 910 eo
640 872 784 923 majore
800 880 976 921 ageretur
995 874 1214 917 certamine,
1229 874 1329 922 quod
1348 871 1476 908 amoti*

346 947 465 977 tantae
489 941 684 989 dignitatis
716 952 794 975 non
824 945 901 974 tam
932 940 1120 981 advocati,
1152 952 1264 988 quam
1294 939 1464 975 modera-

348 1010 449 1039 tores
469 1004 681 1038 studiorum
694 1000 869 1045 fuerant3
904 1001 934 1036 C
961 1001 1116 1044 Laelius,
1133 1001 1266 1037 relicto
1287 1000 1462 1043 consilio,

346 1067 394 1104 ad
423 1064 591 1102 tribunal
625 1064 670 1100 ad
702 1064 920 1112 Scipionem
955 1064 1114 1106 accedit,
1146 1076 1306 1112 eumque
1338 1064 1464 1107 docet,

344 1144 421 1168 rem
439 1132 515 1167 sirie
533 1131 638 1166 modo
664 1141 707 1165 ac
725 1130 900 1164 modestia
920 1129 1006 1175 agi:
1035 1140 1077 1163 ac
1091 1140 1208 1176 prope
1226 1140 1306 1171 esse,
1327 1134 1369 1165 ut
1386 1142 1464 1166 ma-

344 1208 412 1233 nus
431 1197 524 1232 inter
547 1207 584 1232 se
603 1198 801 1230 conserant.
850 1193 1029 1235 Ceterum,
1051 1194 1192 1230 etiamsi
1215 1195 1269 1230 vis
1286 1194 1388 1236 absit,
1408 1195 1465 1230 ni-

344 1261 538 1297 hilominus
572 1259 774 1296 detestabili
811 1259 971 1306 exemplo
1007 1270 1083 1294 rem
1120 1260 1204 1305 agi3
1242 1260 1374 1307 quippe
1408 1259 1466 1295 ubi

332 1325 476 1377 fraude
496 1338 539 1362 ac
561 1323 721 1373 perjurio
741 1324 844 1359 decus
867 1327 1014 1370 petatur
1042 1325 1196 1359 virtutis.
1249 1323 1358 1360 Stare
1384 1323 1466 1359 hine

345 1391 560 1438 legionarios
584 1390 729 1431 milites,
751 1389 833 1424 hinc
858 1389 1033 1431 classicos,
1054 1400 1118 1436 per
1139 1399 1257 1424 omnes
1274 1389 1375 1424 Deos
1397 1399 1466 1436 pa-

343 1459 443 1491 ratos
458 1454 602 1501 jurare,
623 1455 737 1500 magis
756 1465 833 1500 quce
857 1454 981 1495 velint,
1004 1464 1112 1500 quam
1131 1464 1209 1500 quoe
1231 1454 1359 1494 sciant,
1380 1463 1466 1488 vera

344 1531 427 1562 esse,
448 1524 484 1555 et
508 1519 723 1566 obstringere
743 1516 903 1564 pevju-rz'o
928 1529 999 1552 non
1022 1528 1058 1552 se
1082 1517 1197 1552 solum
1213 1527 1385 1563 suumque
1405 1528 1465 1552 ca·
1512 1535 1513 1543 κ

339 1588 422 1631 put,
443 1583 505 1619 sed
528 1584 633 1629 signa
655 1582 845 1624 militaria,
867 1586 900 1617 et
928 1582 1080 1629 aquilas,
1100 1581 1383 1628 sacra-mentique
1405 1591 1463 1616 re-

347 1648 527 1695 ligionem.
567 1646 658 1682 Haec
681 1657 717 1681 se
744 1646 793 1681 ad
822 1657 901 1681 eum
930 1646 974 1681 cle
999 1645 1175 1680 sententia
1194 1644 1239 1679 P.
1255 1642 1413 1691 Cornelii
1429 1649 1465 1680 et

343 1712 399 1748 M.
414 1712 620 1759 Sempronii
639 1709 789 1759 deferre.
847 1710 990 1758 Scipio,
1012 1707 1240 1745 conlaudato
1260 1706 1395 1751 Laelio,
1413 1707 1460 1744 ad

344 1776 568 1812 concionem
589 1775 800 1817 advocavit,
822 1773 1176 1823 pronunciavitque,
1195 1771 1242 1808 Se
1258 1773 1346 1808 satis
1364 1783 1457 1808 eom-

338 1845 485 1889 pertum
522 1840 662 1882 habere,
704 1840 747 1881 Q.
768 1839 984 1875 Trebellium
1014 1843 1049 1874 et
1077 1837 1158 1873 Sex.
1180 1838 1366 1885 Digitium
1389 1848 1459 1885 pa-

341 1907 431 1942 riter
460 1907 496 1940 in
524 1917 667 1940 murum
699 1905 914 1940 escendisse:
940 1915 1046 1951 seque
1073 1913 1130 1938 eos
1158 1901 1289 1944 ambos,
1319 1902 1461 1937 virtutis

340 1981 477 2013 caussa,
495 1971 633 2005 coronis
649 1969 842 2004 muralibus
861 1970 1005 2004 donare.
1034 1965 1133 2002 Tum
1150 1965 1331 2014 reliquos,
1348 1970 1459 2015 prout

342 2035 478 2083 cuique
506 2034 683 2069 meritum
712 2033 905 2081 virtusque
934 2037 1027 2073 erat,
1053 2030 1231 2066 donavit:
1263 2035 1350 2065 ante
1375 2041 1456 2065 om-

340 2109 407 2134 nes
429 2098 472 2134 C.
485 2097 646 2134 Laelium
667 2097 887 2147 praefectum
903 2096 1030 2132 classis
1052 2100 1089 2130 et
1105 2095 1209 2130 omni
1225 2106 1360 2143 genere
1375 2092 1455 2129 lau-

341 2162 398 2198 dis
419 2161 571 2198 sibimet
590 2163 670 2212 ipse
691 2163 868 2211 aequavit,
887 2166 926 2196 et
945 2172 1088 2196 corona
1107 2171 1219 2195 aurea
1238 2171 1282 2195 ac
1300 2157 1458 2206 triginta·

341 2224 466 2262 bubus
485 2225 653 2262 donavit.

394 2289 548 2327 XLIX.
578 2289 676 2325 Tum
697 2289 847 2325 obsides
875 2287 1086 2324 civitatium
1112 2284 1310 2336 Hispaniae
1328 2283 1451 2320 vocari

335 2353 475 2404 jussit:
509 2366 671 2405 quorum
693 2360 856 2405 quantus
887 2364 1064 2390 numerus
1084 2351 1212 2395 fuerit,
1233 2350 1336 2401 piget
1362 2348 1451 2384 scri-
