1527 2661
352 186 505 215 LIBER
528 185 671 214 XXVI.
706 185 811 214 CAP.
836 187 965 215 xvli.
1129 185 1210 232 523

96 281 247 312 senatus
274 274 491 321 interfecti;
523 276 683 312 trecenti
709 274 827 312 ferme
852 276 999 312 nobiles
1027 276 1314 327 CampaniU.C.
1334 290 1407 315 541.

96 339 135 375 in
155 350 342 375 carcerem
362 339 506 375 conditi
525 354 532 375 z
566 339 643 382 alii,
667 351 734 389 per
763 340 952 375 sociorum
981 339 1112 376 Latini
1142 353 1212 376 no·
1224 328 1264 358 A·
1278 327 1313 357 C·
1331 335 1407 358 ‘²³¹¹‘

95 403 207 439 minis
237 402 346 438 urbes
376 403 415 439 in
441 404 632 440 custodias
659 404 751 445 dati,
773 405 883 439 variis
909 404 1056 440 casibus
1080 405 1212 440 interi-

95 473 231 503 erunt:
264 466 469 504 multitudo
493 467 567 504 alia
593 469 730 505 civium
753 468 1034 517 Campanorum
1055 481 1213 505 venum-

22 574 23 586 *
95 529 196 567 data.
230 529 292 566 De
312 530 404 566 urbe
424 543 591 579 agroque
610 531 754 580 reliqua
773 532 1004 568 consultatio
1024 532 1110 575 fuit,
1129 533 1212 581 qui·
1226 539 1287 569 Res
1303 540 1341 569 ad
1354 539 1416 568 Ca-

16 579 23 666 l
94 593 252 630 busdam
285 593 481 631 delendam
515 595 755 632 censentibus
790 596 921 632 urbem
957 596 1211 646 praevalidam,
1224 591 1429 665 Egssaffom‘

21 648 22 675 ¹
92 659 360 709 propinquam,
395 661 599 698 inimicam.
657 662 836 697 Ceterum
870 674 1034 711 przesens
1068 662 1212 698 utilitas

93 723 210 758 vicit:
252 736 342 760 nam
373 731 531 774 propter
561 737 708 773 agrum,
740 737 851 773 quem
881 726 985 761 omni
1016 725 1214 762 fertilitate

92 791 203 822 terrae
238 787 328 822 satis
359 787 562 825 constabat
591 789 752 837 primum
786 789 825 823 in
856 788 970 824 Italia
999 801 1092 832 esse,
1124 789 1212 825 urbs

93 856 242 886 servata
271 857 342 894 est,
373 859 416 887 ut
449 857 548 887 esset
581 852 705 900 aliqua
737 859 930 888 aratorum
959 853 1092 888 sedes:
1129 853 1214 889 urbi

92 914 379 964 frequentandae
405 917 608 953 multitudo
635 916 846 952 incolarum
871 915 1213 964 libertinorumque

94 986 133 1016 et
160 980 380 1017 institorum
409 981 663 1030 opificumque
692 986 866 1016 retenta:
903 992 993 1028 ager
1021 981 1145 1015 omnis
1175 985 1214 1016 et

92 1049 196 1080 tecta
214 1044 367 1094 publica
385 1045 516 1095 populi
536 1045 705 1081 Romani
724 1044 838 1080 facta.
897 1044 1076 1080 Ceterum
1102 1044 1214 1080 habi-

94 1107 166 1143 tari
185 1113 349 1151 tantum,
369 1114 563 1157 tamquam
589 1108 733 1151 urbem,
755 1108 940 1157 Capuam,
960 1107 1213 1155 frequentari-

93 1183 166 1220 que
191 1171 359 1221 placuit:
398 1185 534 1222 corpus
560 1172 707 1208 nullum
735 1172 913 1213 civitatis,
943 1184 1013 1207 nec
1044 1178 1211 1214 senatus,

92 1247 163 1271 nec
195 1235 315 1285 plebis
350 1237 567 1280 concilium,
601 1250 672 1273 nec
702 1236 946 1284 magistratus
981 1248 1088 1271 esse:
1132 1236 1213 1271 sine

93 1299 255 1335 consilio
274 1300 442 1349 publico,
464 1302 545 1337 sine
570 1301 730 1350 imperio
755 1300 1052 1342 multitudinem,
1072 1299 1212 1335 nullius

94 1365 148 1399 rei
174 1364 274 1399 inter
301 1376 339 1400 se
366 1365 522 1407 sociam,
545 1365 592 1400 ad
618 1376 843 1400 consensum
870 1362 1078 1399 inhabilem
1100 1363 1209 1398 fore:

93 1426 315 1477 praefectum
352 1427 398 1463 ad
428 1426 519 1477 jura
550 1427 737 1463 reddenda
769 1427 816 1462 ab
850 1426 978 1462 Roma
1007 1426 1212 1474 quotannis

92 1491 286 1527 missuros.
344 1490 406 1526 Ita
431 1491 478 1526 ad
505 1491 676 1540 Capuam
705 1503 763 1526 res
794 1490 1029 1539 compositae,
1052 1489 1213 1525 consilio

95 1553 141 1590 ab
162 1555 266 1590 omni
286 1560 392 1605 parte
412 1554 593 1591 laudabili
612 1569 619 1590 ε
652 1567 780 1591 severe
800 1563 836 1590 et
858 1554 1029 1589 celeriter
1048 1555 1086 1589 in
1107 1566 1213 1589 max-

94 1619 168 1655 ime
193 1620 330 1655 noxios
352 1620 677 1655 animadversum:
710 1618 915 1654 multitudo
943 1619 1081 1654 civium
1103 1617 1212 1653 dissi-

94 1688 183 1732 pata
202 1682 241 1718 in
261 1682 403 1718 nullam
423 1695 525 1733 spem
546 1683 687 1718 reditus
705 1697 711 1717 z
738 1695 815 1717 uon
836 1682 1008 1717 saevitum
1028 1681 1211 1716 incendiis

94 1746 286 1795 ruinisque
312 1747 351 1782 in
377 1752 480 1782 tecta
505 1747 663 1783 innoxia
686 1758 910 1793 murosque:
944 1752 981 1780 et
1001 1758 1086 1780 cum
1107 1757 1210 1780 emo-

93 1809 264 1846 lumento
284 1811 443 1859 quaesita
462 1811 577 1846 etiam
597 1811 694 1859 apud
719 1811 842 1845 socios
863 1809 1029 1845 lenitatis
1051 1810 1208 1858 species,

93 1874 355 1910 incolumitate
394 1873 496 1909 urbis
541 1873 786 1910 nobilissimae
823 1873 1208 1923 opulentissimaeque,

94 1937 200 1988 cujus
227 1939 345 1974 ruinis
366 1939 488 1974 omnis
511 1938 734 1987 Campania,
756 1950 901 1979 omnes,
919 1937 981 1985 qui
1004 1936 1210 1985 Campani-

95 2014 156 2038 am
185 2002 285 2038 circa
313 2001 506 2044 adcolunt,
528 2001 657 2051 populi
686 2002 987 2049 ingemuissent:
1021 1999 1211 2035 confessio

94 2078 270 2115 expressa
288 2066 405 2107 hosti,
424 2072 566 2113 quanta
582 2067 636 2101 vis
658 2066 695 2100 in
718 2065 902 2101 Romanis
920 2064 967 2099 ad
983 2063 1211 2112 expetendas

93 2142 223 2178 poenas
245 2129 292 2165 ab
312 2128 525 2165 infidelibus
546 2129 673 2171 sociis,
696 2134 732 2164 et
753 2141 864 2177 quam
885 2127 981 2163 nihil
1001 2128 1037 2162 in
1060 2127 1211 2162 Hanni-

95 2194 178 2229 bale
199 2193 327 2229 auxilii
349 2194 395 2229 ad
414 2199 585 2242 receptos
607 2194 645 2229 in
665 2193 777 2229 fidem
797 2193 957 2228 tuendos
981 2197 1089 2227 esset.

149 2259 281 2295 XVII.
310 2259 477 2294 Romani
504 2259 649 2301 Patres,
671 2259 873 2308 perfuncti,
895 2257 996 2306 quod
1017 2256 1063 2291 ad
1085 2255 1210 2304 Capu·

99 2335 154 2359 :1n1
177 2322 385 2366 adtinebat,
403 2335 504 2364 cura),
528 2323 569 2358 C.
587 2322 732 2358 Neroni
755 2335 799 2359 ex
820 2323 864 2358 iis
885 2320 1029 2357 duabus
1050 2318 1209 2367 legioni-
