1527 2661
320 228 475 257 LIBER
497 227 617 256 XXV·
650 226 757 255 cAP.
779 226 887 256 x1v.
1091 227 1174 271 455

64 315 188 365 tisque
202 315 412 353 Beneventi
432 315 586 359 relictis,
603 314 733 366 paullo
749 320 838 352 ante
856 314 979 353 lucem
994 328 1110 366 quum
1129 317 1176 354 ad
1190 324 1232 357 U.
1244 324 1281 355 C.
1299 333 1374 358 540.

18 400 19 423 2
66 386 192 416 castra
215 380 488 430 pervenissent,
514 385 664 416 tantum
693 379 843 430 pavoris
873 378 1099 430 injecerunt,
1120 387 1176 424 ut,
1191 371 1374 408 A.C.212.

18 449 19 463 ³
68 443 99 479 si
119 444 157 480 in
184 443 299 494 plano
319 450 440 481 castra
468 444 593 495 posita
626 450 765 487 essent,
786 443 887 480 haud
914 442 1028 480 dubie
1056 445 1180 494 primo

19 518 20 533 l
68 507 200 556 inpetu
225 508 308 558 capi
337 508 556 559 potuerint:
588 507 749 544 altitudo
778 506 853 543 loci
882 513 920 544 et
944 507 1183 545 munimenta

19 603 21 623 ³:
68 569 331 615 defenderunt,
353 585 437 621 quae
456 571 560 608 nulla
579 584 625 608 ex
644 577 752 622 parte
778 571 887 615 adiri,
907 571 981 607 nisi
1000 571 1119 608 arduo
1139 584 1183 608 ac

20 629 21 662 ἕ
69 633 212 672 difficili
244 636 442 680 adscensu,
470 642 660 687 poterant.
715 636 821 673 Luce
849 635 971 686 prima
1006 635 1186 686 proelium

20 687 21 720 Ῡ
69 697 203 748 ingens
241 712 442 737 accensum
474 706 553 737 est:
586 712 658 736 nec
690 698 832 736 vallum
864 699 979 735 modo
1011 704 1188 735 tutantur

21 765 22 787 ³
69 759 196 807 Poeni,
223 764 301 808 sed,
321 770 364 801 ut
382 763 518 815 quibus
534 763 652 800 'locus
680 763 824 814 aequior
850 769 963 807 esset,
983 763 1190 800 deturbant

68 827 234 864 nitentes
253 840 321 879 per
339 828 457 865 ardua
474 829 617 865 hostes.

126 891 238 928 XIV.
267 891 372 929 Vicit
396 898 527 929 tamen
553 891 683 928 omnia
707 889 883 942 pertinax
901 891 1034 934 virtus,
1055 897 1094 926 et
1119 890 1188 927 ali·
1201 894 1374 928 Hannonis

72 962 169 1006 quot
187 955 299 993 simul
323 955 495 1008 partibus
522 956 570 993 ad
587 955 729 992 vallum
755 967 798 991 ac
817 954 939 992 fossas
966 961 1188 1005 perventum
1201 946 1372 1022 ἓζξξῗυῖζ

75 1026 157 1066 est;
189 1020 254 1058 sed
273 1034 359 1058 cum
378 1020 506 1058 multis
526 1019 742 1057 vulneribus
764 1033 807 1056 ac
826 1019 990 1056 militum
1009 1019 1190 1071 pernicie.
1204 1025 1373 1057 Romanis.

76 1083 212 1133 Itaque
232 1084 450 1121 convocatis
478 1084 640 1121 tribunis
666 1082 831 1120 militum
853 1083 1001 1127 consul,
1021 1084 1193 1120 absisten-

25 1153 26 1156 ’
77 1149 164 1185 dum
189 1150 379 1185 temerario
403 1150 557 1197 inceptO,
584 1148 661 1184 ait:
694 1148 806 1184 tutius
833 1147 900 1184 sibi
922 1149 1050 1190 videri,
1070 1148 1196 1184 reduci

78 1223 118 1248 eo
144 1213 203 1248 die
227 1213 420 1249 exercitum
438 1213 703 1249 Beneventum.-
731 1212 814 1248 dein
836 1215 978 1260 postero
1007 1213 1134 1248 castris
1159 1222 1196 1247 se

26 1290 28 1327 g
80 1275 234 1312 hostium
243 1274 366 1324 jungi,
386 1288 430 1312 ne
448 1277 542 1312 exire
559 1276 642 1312 inde
663 1275 854 1324 Campani,
874 1286 960 1311 neve
980 1275 1112 1311 Hanno
1136 1286 1193 1311 re—

27 1338 28 1357 *
76 1340 181 1388 gredi
194 1344 322 1388 posset.
378 1340 424 1376 Id
438 1351 507 1388 quo
515 1338 672 1388 facilius
685 1338 900 1381 obtineatur,
917 1339 1092 1386 collegam
1107 1350 1194 1386 quo-

27 1407 29 1445 {
78 1415 145 1452 que
163 1408 199 1440 et
226 1404 420 1440 exercitum
447 1401 521 1449 ejus
537 1414 573 1438 se
601 1403 821 1445 adciturum,
842 1406 1024 1450 totamque
1048 1413 1088 1438 eo
1115 1413 1195 1437 ver-

28 1488 29 1519 3
77 1477 178 1503 suros
194 1466 350 1503 bellum:
376 1466 458 1502 haec
478 1465 638 1502 consilia
656 1465 775 1508 ducis,
795 1477 912 1514 quum
924 1463 1007 1514 jam
1026 1465 1195 1515 receptui

28 1546 29 1551 ¹
81 1538 246 1575 caneret,
273 1530 417 1568 clamor
440 1530 604 1567 militum
633 1530 941 1581 adspernantium
970 1535 1051 1566 tam
1081 1542 1197 1579 segne

30 1623 31 1645 3
84 1599 283 1649 imperium
302 1597 462 1648 disjecit.
508 1597 690 1634 Proxima
708 1603 830 1648 portae
847 1597 1016 1633 hostium
1036 1602 1116 1633 erat
1133 1608 1198 1633 co-

30 1650 31 1696 }
84 1661 176 1698 hors
201 1660 383 1710 Peligna:
416 1659 522 1710 cujus
549 1660 748 1712 praefectus
768 1659 903 1697 Vibius
923 1660 1108 1697 Accuaeus
1135 1659 1200 1696 ad-

87 1731 237 1777 reptum
252 1725 430 1762 vexillum
448 1732 553 1762 trans
567 1724 709 1761 vallum
723 1724 893 1761 hostium
907 1722 1072 1774 trajecit.
1118 1723 1200 1760 Ex-

32 1831 33 1834 *
85 1796 254 1827 secratus
273 1788 360 1826 inde
385 1801 498 1839 seque
518 1795 556 1825 et
574 1789 786 1832 cohortem,
807 1789 838 1824 si
864 1787 944 1839 ejus
963 1787 1091 1825 vexilli
1110 1788 1201 1824 hos-

32 1846 33 1851 *
88 1862 146 1892 tes
165 1854 279 1905 potiti
297 1860 438 1898 essent,
453 1854 627 1905 princeps
648 1854 729 1904 ipse
746 1865 814 1904 per
830 1852 972 1889 fossam
988 1851 1203 1901 vallumque

33 1920 34 1959 j
90 1920 130 1956 in
159 1925 284 1956 castra
311 1918 505 1969 inrumpit.
562 1917 724 1968 Jamque
753 1917 853 1954 intra
881 1916 1021 1954 vallum
1052 1915 1204 1966 Peligni

34 1978 35 2004 ἦ
90 1981 328 2035 pugnabant,
354 1994 471 2032 quum
499 1981 618 2019 altera
645 1987 766 2032 parte,
793 1979 947 2017 Valerio
966 1979 1105 2017 Flacco
1134 1979 1204 2016 tri-

34 2068 36 2109 ἶ
91 2048 197 2085 buno
215 2046 379 2085 militum
402 2047 524 2083 tertiae
549 2045 709 2096 leg10nis
736 2044 992 2096 exprobrante
1015 2043 1204 2080 Romanis

30 2134 36 2147 n
91 2111 298 2161 ignaviam,
321 2111 386 2160 qui
414 2110 525 2146 sociis
554 2115 752 2161 captorum
781 2115 991 2145 castrorum
1021 2107 1206 2144 concede-

32 2176 36 2196 ”
90 2182 177 2212 rent
201 2175 329 2218 decus,
355 2173 401 2211 T.
419 2173 624 2217 Pedanius,
650 2172 824 2224 princeps
849 2172 992 2223 primus
1019 2170 1207 2214 centurio,

95 2251 212 2289 quum
230 2238 413 2288 signifero
438 2238 589 2287 signum
614 2237 828 2280 ademisset,
849 2237 938 2274 Jam
963 2235 1028 2272 hoc
1052 2236 1209 2282 signum,

95 2310 132 2341 et
150 2304 208 2341 hic
225 2304 396 2347 centurio,
417 2302 553 2352 lnquit,
573 2303 671 2339 intra
687 2302 825 2338 vallum
843 2301 998 2338 hostium
1015 2300 1096 2336 erit.
1143 2298 1210 2334 Se-

97 2374 267 2417 quantur,
297 2369 358 2416 qui
386 2368 467 2416 capi
497 2367 637 2414 signum
664 2365 708 2403 ab
736 2365 834 2403 hoste
861 2363 1080 2414 prohibituri
1113 2366 1209 2399 sunt.
