1527 2661
382 212 535 240 LIBER
560 212 668 240 xm.
701 212 806 240 CAP.
830 211 962 239 xxu.
1137 205 1213 247 177

117 305 250 348 gentos
270 299 544 348 quinquaginta
567 299 710 348 pedites
731 303 904 334 caetratos
926 296 1028 331 misit
1054 295 1090 330 in
1111 295 1214 330 Afri-
1228 297 1315 328 U-C.
1333 304 1403 329 ⁵34.

115 374 212 404 cam,
229 369 267 397 et
283 362 491 398 funditores
509 361 676 397 Baliares
692 362 933 409 octingentos
951 359 1210 408 septuaginta:
1225 341 1313 372 A’C'
1332 347 1414 371 ²²⁸*

115 425 256 472 equites
283 425 422 460 mixtos
452 437 499 461 ex
526 423 652 460 multis
683 422 856 473 gentibus
890 421 991 458 mille
1020 420 1214 457 ducentos.

114 487 196 524 Has
216 489 343 538 copias
363 489 500 538 partim
518 488 750 536 Karthagini
768 486 942 537 praesidio
963 497 1056 527 esse,
1077 484 1216 534 partim

115 551 286 587 distribui
307 564 373 601 per
400 551 567 588 Africam
590 550 724 601 jubet:
757 549 868 586 simul
896 547 1215 598 conquisitoribus

115 614 155 649 in
174 614 343 650 civitates
363 615 499 657 missis,
520 621 681 663 quatuor
699 613 817 649 millia
835 613 1049 661 conscripta
1063 610 1217 647 delectae

108 677 333 728 juventutis,
354 679 566 727 praesidium
594 678 745 713 eosdem
771 683 810 712 et
828 676 991 718 obsides,
1011 674 1095 711 duci
1114 675 1219 712 Kar·

112 741 306 788 thaginem
317 740 441 790 jubet.

170 804 307 840 XXII.
344 805 479 852 Neque
522 803 749 853 Hispaniam
793 801 1058 850 negligendam
1098 809 1214 846 ratus,

121 870 251 917 (atque
278 868 362 903 ideo
386 867 486 903 haud
514 868 652 909 minus,
682 866 783 915 quod
811 866 911 901 haud
938 866 1090 913 ignarus
1120 872 1214 909 erat,

118 932 350 967 circumitam
371 931 417 966 ab
440 929 622 966 Romanis
638 942 720 965 eam
739 929 873 977 legatis
894 928 940 964 ad
959 927 1215 965 sollicitandos

116 996 328 1044 principum
354 994 517 1041 animos)
544 992 775 1029 Hasdrubali
797 992 918 1035 fratri,
945 993 1026 1028 viro
1052 993 1217 1041 inpigro,

118 1071 200 1094 eam
236 1058 468 1107 provinciam
505 1057 683 1099 destinat,
722 1055 931 1104 firmatque
958 1068 1042 1091 eum
1078 1055 1216 1092 Africis

118 1122 280 1157 maxime
305 1121 500 1170 praesidiis,
521 1121 686 1170 peditum
706 1119 886 1156 Afrorum
908 1119 1081 1154 undecim
1106 1119 1219 1155 milli-

118 1184 187 1220 bus
217 1184 445 1232 octingentis
475 1184 761 1232 quinquaginta,
791 1181 996 1229 Liguribus
1025 1183 1244 1225 trecentis,‘

119 1246 332 1282 Baliaribus
350 1247 588 1294 quingentis:
621 1245 667 1281 ad
689 1246 768 1280 haec
795 1245 962 1294 peditum
989 1245 1129 1280 auxilia
1153 1245 1221 1281 ad-

119 1310 186 1346 diti
216 1310 358 1358 equites
382 1309 676 1358 Libyphoenices
703 1309 879 1354 (mixtum
907 1307 1092 1343 Punicum
1117 1308 1219 1344 Afris

119 1374 253 1422 genus)
275 1373 448 1414 trecenti,
469 1378 506 1407 et
524 1371 700 1407 Numidae
719 1371 920 1419 Maurique
939 1369 1077 1406 adcolae
1098 1370 1219 1408 Ocea-

120 1438 158 1472 ni
179 1437 227 1472 ad
254 1435 355 1471 mille
379 1436 634 1482 octingentos,
655 1440 692 1470 et
720 1447 834 1484 parva
854 1433 1059 1482 Ilergetum
1087 1446 1219 1471 manus
1246 1457 1248 1459 ·

121 1514 167 1537 ex
186 1501 388 1550 Hispania,
408 1500 560 1534 ducenti
586 1500 728 1547 equites
745 1514 752 1535 :
787 1506 836 1541 et,
858 1511 905 1534 ne
924 1498 1013 1547 quid
1034 1500 1218 1535 terrestris

121 1566 268 1601 deesset
286 1564 415 1600 auxilii
436 1576 567 1611 genus,
589 1562 779 1612 elephanti
796 1563 1101 1611 quatuordecim:
1125 1562 1219 1599 clas-

121 1629 170 1663 sis
202 1634 384 1677 praeterea
419 1627 507 1662 data
540 1626 586 1661 ad
620 1627 798 1662 tuendam
836 1627 1063 1662 maritimam
1099 1639 1218 1670 oram,

122 1692 241 1739 (quia,
261 1703 332 1738 qua
360 1696 465 1739 parte
483 1689 573 1724 belli
599 1690 780 1732 vicerant,
801 1702 845 1724 ea
869 1697 948 1724 tum
967 1701 1115 1736 quoque
1142 1702 1220 1725 rem

120 1760 289 1803 gesturos
301 1752 512 1794 Romanos,
530 1751 629 1786 credi
644 1752 812 1800 poterat)
826 1752 1098 1800 quinquaginta
1111 1753 1219 1800 quin-

119 1827 324 1865 queremes,
353 1814 602 1862 quadriremes
628 1813 724 1856 duae,
750 1814 919 1849 triremes
939 1814 1124 1862 quinque:
1158 1814 1221 1850 sed

120 1886 216 1929 aptae
236 1879 501 1925 instructaeque
520 1877 678 1925 remigio
704 1877 861 1924 triginta
880 1883 917 1912 et
936 1877 1017 1912 duae
1037 1878 1219 1926 quinque·
1257 1881 1259 1883 ’

118 1955 236 1978 remes
281 1947 400 1983 erant,
438 1946 476 1975 et
516 1941 685 1975 triremes
723 1941 898 1989 quinque.
954 1940 1014 1976 Ab
1051 1940 1221 1977 Gadibus

120 2005 396 2052 Karthaginem
435 2003 481 2038 ad
516 2003 674 2038 hiberna
710 2005 894 2039 exercitus
938 2003 1071 2040 rediit:
1109 2011 1222 2053 atque

122 2069 221 2111 inde,
245 2067 434 2117 profectus
464 2073 599 2116 praeter
627 2066 842 2102 Etovissam
878 2067 1024 2110 urbem,
1054 2068 1101 2103 ad
1134 2067 1222 2103 Ibe-

122 2145 205 2168 rum
233 2132 533 2178 maritimamque
561 2142 667 2165 oram
687 2130 802 2166 ducit.
858 2130 934 2173 Ibi,
952 2130 1056 2167 fama
1083 2138 1155 2174 est,
1184 2133 1223 2167 in

122 2196 246 2242 quiete
263 2195 383 2228 visum
411 2193 458 2228 ab
479 2205 524 2228 eo
536 2191 716 2242 juvenem
737 2193 863 2228 divina
885 2195 1023 2242 specie,
1043 2195 1106 2242 qui
1125 2206 1161 2229 se
1179 2195 1224 2229 ab

121 2257 210 2294 Jove
240 2257 381 2292 diceret
410 2257 534 2291 ducem
568 2257 612 2290 in.
636 2256 785 2291 Italia-m
819 2257 1022 2292 Hannibali
1056 2259 1224 2294 missum:
1235 2274 1407 2306 Somnium

107 2368 109 2370 q
120 2321 268 2367 proinde
284 2324 500 2367 sequeretur,
519 2331 633 2367 neque
652 2331 798 2366 usquam
825 2332 848 2356 a
872 2333 908 2356 se
926 2321 1123 2370 deflecteret
1140 2322 1225 2359 ocu-
1237 2317 1437 2348 Hannibalis.

640 2382 659 2418 1
679 2383 700 2418 5
