1527 2661
339 163 490 190 LIBER
517 161 670 189 xx111.
704 160 810 187 CAP.
834 161 962 188 XLII.
1102 148 1195 203 359'

80 250 181 286 missi
202 250 313 286 simul
339 264 384 287 ex
416 258 573 299 utraque
594 255 719 298 gente,
750 250 803 284 ita
832 249 993 285 Poenum
1022 250 1291 329 adloctntiU.g.
1311 263 1384 294 ⁵37·

1200 300 1240 328 A.
1286 307 1388 332 .215.

78 321 188 350 sunt:
222 316 349 351 Hostes
373 316 501 363 populi
532 315 700 355 Romani,
726 314 925 356 Hannibal,
943 313 1088 361 fuimus
1109 317 1187 363 pri-

76 570 170 604 riam
190 571 401 616 accepimus,
412 568 625 617 fuimusque
644 570 679 603 in
698 581 740 604 ea
756 581 821 616 per
836 581 945 604 annos
960 582 1075 617 prope
1091 572 1194 619 quin-

80 634 267 680 quaginta,
289 634 337 668 ad
362 634 400 668 id
429 637 578 680 tempus,
599 626 667 679 quo
695 634 731 667 in
751 632 900 668 Italiam
919 634 1055 669 venisti.
1118 635 1196 670 Tua

79 708 143 732 nos
160 709 230 732 non
259 699 372 744 magis
390 699 502 732 virtus
519 696 757 745 fortunaque,
780 709 886 744 quam
915 699 1021 733 unica
1051 700 1199 734 comitas

79 774 124 798 ac
141 762 339 809 benignitas
364 775 451 810 erga
470 763 560 798 cives
586 767 735 804 nostros,
758 775 842 810 quos
870 768 992 811 captos
1016 765 1113 800 nobis
1139 776 1196 800 re-

82 826 221 867 misisti,
243 827 296 861 ita
321 826 524 861 conciliavit
551 825 626 865 tibi,
647 830 700 866 ut,
724 830 756 860 te
779 827 878 861 salvo
897 831 1003 874 atque
1029 829 1198 864 incolumi

83 889 212 931 amico,
245 900 315 924 non
350 890 454 924 modo
482 889 659 936 populum
690 888 906 931 Romanum,
936 891 998 924 sed
1030 902 1074 925 ne
1096 890 1197 926 Deos

83 954 225 1001 quidem
246 955 358 989 iratos
375 954 420 999 (si
440 951 586 1000 dicifas
601 953 668 996 est)
689 953 899 989 timeremus.
943 955 1008 996 At,
1029 954 1196 998 Hercule,

84 1029 153 1052 non
171 1006 284 1053 solum
312 1017 479 1052 incolumi
503 1020 538 1051 et
561 1017 706 1057 victore,
727 1017 789 1051 sed
813 1022 987 1064 praesente
1014 1023 1058 1059 te,
1083 1019 1196 1065 (corn-

82 1081 267 1128 ploratum
285 1093 398 1128 prope
423 1078 610 1127 conjugum
640 1091 682 1115 ac
702 1080 891 1115 liberorum
909 1085 1110 1117 nostrorum
1137 1094 1197 1117 ex-

85 1145 224 1185 audire,
245 1149 278 1179 et
289 1144 495 1193 flagrantia
522 1148 615 1180 tecta
631 1155 747 1191 posses
772 1145 985 1191 conspicere)
1009 1147 1061 1180 ita
1080 1158 1199 1182 sumus

85 1208 273 1255 aliquoties
301 1207 368 1244 hac
396 1213 517 1244 aestate
540 1209 729 1249 devastati,
760 1213 800 1243 ut
820 1208 873 1243 M.
888 1208 1098 1252 Marcellus,
1128 1222 1198 1245 non

85 1271 283 1313 Hannibal,
313 1273 435 1308 vicisse
464 1272 513 1307 ad
544 1271 686 1307 Cannas
717 1273 904 1315 viduum,-
932 1273 1200 1321 glorienturque

87 1335 256 1377 Romani,
278 1340 324 1378 te,
341 1337 390 1371 ad
409 1348 519 1371 unam
538 1337 642 1370 modo
662 1337 769 1371 ictum
789 1337 977 1382 vigentem,
997 1337 1095 1372 velut
1113 1349 1199 1372 acu-

86 1400 140 1435 leo
160 1401 295 1442 emisse,
317 1405 465 1448 torpere.
522 1399 595 1435 Per
614 1405 754 1435 centum
771 1411 882 1447 prope
908 1412 1017 1435 annos
1037 1413 1114 1436 cum
1133 1413 1199 1448 po-

81 1464 169 1512 pulo
190 1463 354 1500 Romano
374 1464 503 1501 bellum
518 1466 699 1512 gessimus,
720 1465 820 1500 nullo
839 1468 983 1499 externo
1003 1464 1119 1511 adjuti
1139 1477 1202 1500 nec

88 1528 187 1570 duce,
217 1540 281 1564 nec
309 1530 489 1565 exercitu:
518 1530 587 1564 nisi
615 1529 709 1576 quod
735 1540 802 1576 per
832 1528 1009 1563 biennium
1039 1529 1202 1576 Pyrrhus

88 1596 208 1627 nostro
226 1594 342 1639 magis
365 1594 478 1628 milite
501 1604 583 1628 suas
608 1594 710 1627 auxit
728 1593 830 1633 vires,
852 1604 957 1639 quam
981 1593 1053 1627 suis
1071 1593 1202 1627 viribus

88 1667 151 1690 nos
176 1654 347 1703 defendit.
405 1655 487 1691 Non
513 1668 576 1703 ego
603 1656 765 1691 secundis
789 1655 890 1690 rebus
916 1657 1044 1690 nostris
1062 1657 1200 1702 gloria-

90 1719 163 1760 bor,
185 1720 273 1754 duos
291 1721 461 1762 consules,
481 1732 522 1755 ac
542 1721 628 1755 duos
647 1720 846 1755 consulares
872 1721 1045 1755 exercitus
1064 1732 1086 1754 a
1105 1720 1202 1755 nobis

88 1782 151 1817 sub
167 1780 296 1830 jugum
317 1783 450 1825 missos,
471 1787 505 1818 et
529 1785 558 1818 si
577 1794 648 1830 qua
672 1782 747 1818 alia
772 1788 837 1817 aut
856 1783 938 1818 loeta
966 1787 1029 1818 aut
1044 1783 1202 1830 gloriosa

89 1846 188 1881 nobis
215 1851 427 1882 evenerunt:
459 1858 535 1894 quoe
553 1858 677 1894 aspera
706 1847 923 1894 adversaque
952 1850 1036 1881 tunc
1064 1847 1202 1882 accide-

90 1914 189 1951 runt,
210 1911 346 1944 minore
364 1910 610 1957 indignatione
629 1909 763 1959 referre
777 1921 977 1957 possumus,
1000 1921 1107 1957 quarm
1127 1921 1204 1957 quce

91 1972 193 2007 hodie
212 1974 388 2009 eveniunt.
443 1973 574 2020 Magni
593 1974 784 2009 dictatores
801 1985 881 2009 cum
905 1974 1087 2020 magistris
1105 1974 1202 2020 equi-

92 2041 180 2078 tum,
201 2036 273 2072 bini
292 2038 446 2072 consules
465 2049 542 2073 cum
562 2037 650 2073 binis
669 2030 908 2074 consularibus
925 2037 1130 2072 exercitibus
1147 2039 1202 2072 in-

88 2100 345 2147 grediebantur
356 2101 452 2150 fines
470 2106 630 2145 nostros3
659 2106 742 2136 ante
767 2102 964 2149 explorato,
986 2105 1020 2136 et
1043 2100 1205 2136 subsidiis

92 2165 228 2211 positis,
256 2169 291 2200 et
316 2165 378 2200 sub
402 2166 512 2212 signis
542 2166 591 2200 ad
616 2165 863 2212 populandum
886 2164 1084 2199 ducebant:
1112 2175 1205 2199 nunc

89 2229 229 2274 proprii
245 2229 346 2264 unius
361 2233 396 2264 et
412 2229 517 2276 parvi
533 2229 580 2263 ad
600 2229 768 2263 tuendam
784 2227 921 2262 Nolam
937 2227 1096 2274 praesidii
1110 2238 1207 2273 prce-

76 2290 142 2328 ⁴da
158 2302 285 2326 sumus.
333 2292 419 2327 ,Iam
440 2299 482 2326 ne
500 2291 753 2338 manipulatim
769 2291 922 2338 quidem,
944 2291 1005 2325 sed
1026 2290 1206 2324 latronum

78 390 174 413 ntum
192 390 258 426 per
276 390 340 413 nos
358 379 439 426 ipsi,
461 379 580 425 quoad
599 382 717 412 nostra
740 389 856 419 arma,
877 382 1005 413 nostrae
1022 380 1113 413 vires
1130 390 1191 413 nos
1203 353 1333 425 ἓξὲξ,

80 443 195 477 tutari
216 446 413 489 poterant:
439 445 627 488 postquam
656 442 697 476 iis
714 453 844 488 parum
859 441 1074 489 fidebmnus,
1097 442 1190 488 Pyr·
1204 438 1287 466 tium
1305 439 1344 468 ad

78 504 144 540 rho
162 507 238 552 regi
256 517 317 541 nos
343 504 591 552 adjunximus5
622 517 643 539 a
664 517 731 552 quo
751 506 865 540 relicti
890 517 1013 553 pacem
1033 518 1190 541 necessa·
1204 480 1376 553 ssxnma'
