1527 2661
156 288 244 319 .C.5

152 331 245 361 .C.2

215 337 286 366 ⁷17

313 189 394 235 252
572 218 575 220 .
765 194 811 223 Τ.
832 194 973 224 -L1v11

249 281 416 326 35.fecti,
437 280 680 318 exscensione
700 281 747 318 ab
768 282 924 319 navibus
951 283 990 319 in
1009 288 1149 319 terram
1167 282 1282 325 facta,
1303 292 1418 330 quum

293 345 445 381 ‘urbem
463 346 498 381 vi
516 346 716 394 cepissent,
734 352 958 395 captamque
978 347 1232 396 diripuissent,
1249 344 1419 381 Kartha-

298 411 441 459 ginem
460 411 547 446 inde
570 416 727 459 petunt:
761 417 888 459 atque,
909 423 1060 447 omnem
1086 423 1219 459 agrum
1237 410 1337 445 circa
1355 408 1420 444 de-

314 474 501 525 populati,
536 480 729 523 postremo
761 480 864 510 tecta
893 487 1044 523 quoque
1076 474 1281 524 conjuncta
1310 483 1420 508 muro

314 538 510 587 portisque
541 537 801 573 incenderunt.
858 537 952 573 Inde
974 536 1056 587 jam
1082 536 1208 586 praeda
1227 536 1347 584 gravis
1374 535 1422 571 ad

314 601 598 649 Longunticam
617 602 788 650 pervenit
808 601 935 637 classis
952 615 959 636 :
992 600 1054 637 ubi
1073 602 1127 637 vis
1148 612 1286 648 magna
1305 597 1423 648 sparti

316 663 361 699 ad
380 677 459 700 rem
478 665 668 700 nauticam
686 671 868 712 congesta
884 665 930 701 ab
947 663 1209 701 Hasdrubale:
1242 662 1342 712 quod
1361 673 1421 697 sa-

314 731 362 766 tis
393 731 431 765 in
461 741 568 764 usum
587 728 674 771 fuit,
705 728 868 772 sublato,
890 736 1056 766 ceterum
1085 741 1197 765 omne
1226 729 1422 764 incensum

315 799 383 829 est.
439 792 522 828 Nec
543 790 914 828 continentis'modo
940 791 1128 843 projectas
1156 803 1239 827 oras
1267 795 1421 840 praeter·

314 863 435 900 vecta,
470 855 534 891 sed
566 856 604 891 in
636 855 807 891 Ebusum
843 856 1005 892 insulam
1042 856 1324 892 transmissum:
1358 852 1423 888 ubi

314 920 421 963 urbe,
455 933 537 969 quae
570 925 684 969 caput
714 920 845 956 insulae
878 927 948 962 est,
982 920 1139 956 biduum
1170 918 1424 967 nequidquam

316 996 461 1020 summo
481 983 610 1019 labore
629 983 863 1031 obpugnata,
884 983 949 1018 ubi
978 984 1015 1018 in
1037 995 1138 1032 spem
1160 983 1305 1017 irritam
1322 980 1420 1016 frus-

316 1055 375 1083 tra
392 1048 463 1083 teri
484 1054 630 1095 tempus
664 1047 961 1083 animadversum
983 1053 1053 1090 est,
1075 1047 1120 1083 ad
1137 1045 1421 1096 populationem

317 1111 397 1158 agri
416 1110 526 1151 versi,
543 1110 697 1158 direptis
719 1109 862 1158 aliquot
882 1111 1118 1158 incensisque
1137 1110 1242 1151 vicis,
1263 1107 1420 1157 majore,

316 1186 429 1221 quam
449 1186 494 1210 ex
514 1173 740 1214 continenti,
765 1173 891 1222 praeda
910 1179 1031 1222 parta,
1053 1185 1167 1220 quum
1193 1173 1233 1207 in
1252 1183 1363 1207 naves
1384 1183 1424 1206 se

316 1237 558 1285 recepissent,
579 1248 623 1271 ex
636 1236 849 1272 Baliaribus
871 1236 1000 1271 insulis
1016 1235 1131 1284 legati
1146 1248 1276 1285 pacem
1291 1241 1423 1285 peten-

316 1306 370 1335 tes
385 1300 431 1335 ad
452 1299 667 1348 Scipionem
684 1307 878 1337 venerunt.
935 1299 1027 1335 Inde
1046 1299 1144 1335 flexa
1162 1305 1264 1335 retro
1279 1298 1422 1341 classis,

318 1365 552 1411 reditumque
568 1364 606 1398 in
628 1364 802 1399 citeriora
817 1364 1044 1413 provinciae3
1077 1376 1152 1411 quo
1172 1363 1339 1398 omnium
1356 1375 1424 1412 po-

320 1427 507 1476 pulorum,
529 1428 591 1475 qui
612 1427 764 1463 iberum
790 1427 975 1469 incolunt,
996 1426 1201 1462 multorum
1227 1432 1265 1461 et
1284 1426 1424 1461 ultimae

319 1491 516 1540 Hispaniae
543 1490 658 1538 legati
678 1497 961 1527 concurrerunt.
1019 1490 1105 1534 Sed,
1127 1491 1189 1538 qui
1209 1502 1293 1526 vere
1313 1490 1424 1525 ditio-

312 1555 375 1591 nis
408 1555 629 1604 imperiique
649 1554 813 1591 Romani
840 1555 930 1590 facti
960 1560 1061 1597 sunt,
1090 1554 1283 1590 obsidibus
1314 1554 1425 1596 datis,

318 1619 448 1668 populi
476 1618 637 1668 amplius
655 1619 809 1655 fuerunt
833 1625 984 1654 centum
1003 1618 1149 1666 viginti.
1206 1617 1328 1665 Igitur
1348 1624 1423 1653 ter-

319 1681 499 1716 restribus
520 1694 669 1730 quoque
690 1682 808 1731 copiis
837 1682 926 1716 satis
947 1681 1063 1716 fidens
1084 1680 1281 1716 Romanus
1308 1692 1425 1729 usque

320 1746 365 1780 ad
384 1745 520 1781 saltum
542 1745 855 1781 Castulonensem
882 1752 938 1780 est
964 1757 1195 1795 progressus.
1253 1744 1424 1781 Hasdru-

320 1808 382 1843 bal
402 1809 439 1843 in
458 1808 697 1844 Lusitaniam
717 1822 759 1845 ac
780 1809 933 1858 propius
955 1821 1138 1843 oceanum
1158 1809 1356 1844 concessit.

373 1871 490 1908 XXI.
510 1872 691 1910 Quietum
705 1872 790 1907 inde
805 1872 886 1907 fore
903 1871 1098 1906 videbatur
1117 1871 1301 1919 reliquum
1318 1877 1427 1907 aesta-

320 1935 368 1971 tis
386 1941 546 1984 tempus,
562 1935 768 1983 fuissetque
784 1948 849 1985 per
864 1936 1025 1971 Poenum
1042 1936 1189 1971 hostem
1204 1951 1214 1980 3
1237 1935 1315 1978 sed,
1332 1948 1427 1984 prae-

320 2006 491 2047 terquam
511 2000 611 2047 quod
636 2000 803 2049 ipsorum
824 1999 1084 2048 Hispanorum
1112 2000 1279 2047 inquieta
1299 2000 1426 2036 avida-

321 2074 393 2111 que
412 2062 451 2097 in
472 2074 586 2097 novas
607 2075 664 2097 res
685 2069 772 2097 sunt
798 2063 964 2110 ingenia,
984 2062 1212 2097 Mandonius
1234 2062 1427 2098 Indibilis—

312 2137 407 2172 que,
428 2125 491 2173 qui
520 2131 632 2160 antea
658 2125 863 2173 Ilergetum
892 2125 1041 2173 regulus
1061 2125 1197 2168 fuerat,
1228 2132 1428 2174 postquam

321 2187 489 2224 Romani
509 2188 555 2224 ab
572 2188 668 2224 saltu
689 2202 873 2225 recessere
893 2189 939 2225 ad
955 2189 1179 2224 maritimam
1195 2202 1313 2231 oram,
1335 2202 1426 2225 con-

324 2252 408 2297 citis
429 2251 688 2301 popularibus,
712 2253 750 2287 in
777 2264 909 2300 agrum
934 2259 1110 2302 pacatum
1136 2253 1325 2287 sociorum
1344 2252 1425 2287 Ra-

312 2327 522 2353 ,manorum
549 2315 593 2363 ad
619 2315 877 2367 populandum
896 2322 1092 2352 venerunt.
1148 2315 1336 2352 Adversus
1363 2328 1427 2352 eos
