1527 2661
101 237 143 276 U.
158 245 195 275 C.
213 250 286 275 438.

101 289 141 319 Δ.
158 288 196 318 C.
212 294 286 318 314.

107 739 149 770 U.
162 737 197 768 C.
216 745 290 771 439.

106 784 147 813 A.
161 782 197 813 C.
215 787 289 813 313.

111 1260 151 1290 G.
169 1259 284 1289 Fabius

109 1305 264 1333 Dictator.

109 1522 264 1555 Proelium

111 1572 257 1606 equestre

112 1621 189 1640 cum
203 1609 293 1639 Sam-

113 1655 243 1684 nitibus.

293 149 353 191 34
753 150 799 177 T.
823 149 957 178 leu

299 239 419 288 signa.
464 238 647 275 Infestior
664 246 793 276 tamen
815 241 856 276 in
875 245 1114 290 erumpentes
1134 239 1312 276 incessit:
1343 253 1416 278 nec

299 317 439 353 magno
459 305 665 340 certamine
694 305 796 341 intra
821 305 965 340 moenia
995 303 1190 354 compulit.
1230 304 1330 340 Tum
1355 311 1417 341 to-

299 374 379 404 tam
398 369 518 404 aciem
539 369 578 404 in
598 368 787 405 Samnites
808 368 997 405 obvertit:
1030 368 1084 405 ibi
1104 368 1187 418 plus
1202 370 1418 406 certaminis

298 432 384 468 fuit.
425 432 599 468 Victoria
629 433 727 468 sicut
755 444 852 474 sera,
884 433 937 468 ita
965 445 1036 468 nec
1062 431 1190 476 dubia,
1220 445 1290 468 nec
1319 433 1423 469 varia

298 496 384 532 fuit.
427 496 518 532 Fusi
548 497 587 532 in
615 503 739 532 castra
770 497 974 539 Samnites,
997 497 1193 533 exstinctis
1223 503 1337 533 nocte
1363 497 1422 546 ig-

299 560 427 603 nibus,
454 561 572 596 tacito
599 562 751 609 agmine
780 560 947 596 abeunt:
979 566 1030 603 et,
1052 572 1117 609 spe
1147 559 1298 610 abjecta
1323 560 1423 596 Sati-

302 612 395 659 culae
421 624 586 667 tuendae,
614 624 789 660 Plistiam
815 625 902 674 ipsi,
924 624 1048 660 socios
1075 623 1354 668 Romanorum,
1383 631 1425 661 ut

301 700 431 738 parem
451 687 621 723 dolorem
640 689 743 723 hosti
763 688 977 730 redderent,
999 688 1282 724 circumsidunt.

357 751 496 788 XXII.
534 753 650 788 Anno
694 754 942 795 circumacto,
979 751 1120 788 bellum
1159 752 1335 802 deinceps
1378 751 1427 788 ab

303 816 489 852 dictatore
508 816 556 855 Q.
577 815 698 852 Fabio
719 824 867 864 gestum
889 822 957 852 est.
999 815 1184 851 Consules
1204 816 1308 858 novi,
1326 816 1424 851 sicut

302 880 529 931 superioreS,
549 880 686 916 Romae
707 887 951 916 manserunt:
986 879 1142 923 Fabius,
1164 880 1210 916 ad
1232 880 1422 930 accipien-

301 944 391 980 dum
411 943 458 980 ab
479 944 640 980 sEmilio
667 946 890 988 exercitum,
912 945 960 980 ad
990 944 1196 980 Saticulam
1219 957 1304 979 cum
1334 956 1424 994 sup-

301 1008 497 1059 plemento
526 1010 652 1045 venit:
686 1023 809 1058 neque
840 1010 942 1046 enim
963 1010 1150 1045 Samnites
1181 1009 1226 1045 ad
1251 1009 1426 1045 Plistiam

301 1080 547 1110 manserant:
581 1074 660 1117 sed,
693 1074 827 1110 adcitis
858 1074 904 1110 ab
935 1074 1049 1110 domo
1088 1074 1194 1109 novis
1226 1073 1425 1116 militibus,

303 1137 547 1174 multitudine
566 1138 669 1182 freti,
691 1145 817 1174 castra
836 1139 984 1181 eodem,
1006 1152 1081 1187 quo
1103 1145 1228 1180 antea,
1250 1137 1335 1173 loco
1355 1150 1426 1187 po-

305 1208 484 1236 suerunt:
518 1201 823 1251 lacessentesque
856 1202 992 1252 proelio
1026 1201 1224 1237 Romanos
1258 1207 1427 1237 avertere

307 1265 353 1301 ab
385 1264 583 1301 obsidione
614 1266 865 1302 conabantur.
908 1266 968 1302 Eo
992 1267 1175 1302 intentius
1196 1266 1358 1302 dictator
1386 1267 1426 1302 iu

307 1330 450 1366 moenia
478 1330 648 1366 hostium
683 1343 825 1374 versus,
856 1331 895 1367 id
923 1330 1065 1366 bellum
1096 1336 1248 1365 tanturn
1277 1330 1428 1374 ducere,

305 1394 407 1444 quod
442 1394 574 1430 urbem
611 1394 883 1445 obpugnabat:
917 1396 1084 1432 securior
1115 1394 1162 1431 ab
1193 1394 1429 1431 Samnitibus

306 1471 430 1507 agere,
452 1458 680 1494 stationibus
708 1459 824 1494 modo
849 1458 1051 1508 obpositiS,
1071 1471 1119 1494 ne
1139 1471 1215 1507 qua
1238 1459 1277 1493 in
1305 1466 1429 1495 castra

306 1523 360 1558 vis
392 1522 509 1560 fieret.
552 1523 613 1559 Eo
643 1523 806 1559 ferocius
839 1523 1057 1572 adequitare
1088 1523 1276 1559 Samnites
1309 1523 1424 1567 vallo,

307 1599 429 1636 neque
463 1589 584 1623 otium
615 1589 718 1637 pati:
753 1595 790 1624 et
820 1601 935 1638 quum
967 1587 1049 1638 jam
1085 1601 1203 1638 prope
1235 1589 1275 1624 in
1308 1590 1428 1638 portis

308 1658 518 1687 castrorum
540 1659 639 1688 esset
658 1653 795 1696 hostis,
817 1652 914 1688 nihil
934 1652 1110 1688 consulto
1127 1652 1325 1695 dictatore,
1347 1666 1427 1689 ma-

308 1716 424 1765 gister
440 1717 610 1765 equitum
627 1717 675 1755 Q.
696 1717 830 1752 Aulius
849 1717 1091 1759 Cerretanus,
1106 1729 1247 1765 magno
1263 1716 1430 1753 tumultu

307 1793 393 1816 cum
413 1781 590 1817 omnibus
610 1782 745 1817 turmis
767 1783 937 1831 equitum
961 1788 1127 1824 evectuS,
1148 1781 1340 1817 submovit
1358 1782 1429 1818 ho-

290 1852 427 1893 rstcm:
461 1852 542 1881 tum
572 1846 611 1881 in
642 1847 798 1882 minime
828 1847 1013 1895 pertinaci
1043 1859 1180 1895 genere
1209 1859 1346 1896 pugnae
1376 1848 1431 1883 sic

306 1908 463 1944 fortuna
490 1910 660 1945 exercuit
690 1922 794 1959 opes,
817 1916 859 1945 ut
889 1911 1057 1958 insignes
1088 1911 1276 1958 utrimque
1306 1909 1430 1947 clades

307 1979 343 2008 et
365 1972 466 2009 clara
486 1974 654 2023 ipsorum
675 1974 812 2010 <lucum
843 1975 970 2010 ederet
990 1974 1135 2010 funera.
1178 1974 1289 2009 Prior
1320 1975 1428 2012 Sam-

307 2038 445 2073 nitium
474 2039 694 2088 imperator,
727 2052 824 2088 aegre
854 2040 1016 2089 patiens,
1038 2052 1113 2088 quo
1144 2045 1223 2074 tam
1252 2039 1432 2076 ferociter

308 2101 577 2150 adequitasset,
610 2103 696 2140 inde
727 2116 765 2139 se
794 2103 901 2140 fundi
930 2103 1143 2152 fugai-ique,
1168 2104 1312 2139 orando
1341 2105 1432 2140 hor-

307 2166 500 2215 tandoque
529 2168 674 2217 equites
701 2168 880 2218 proelium
907 2169 1133 2218 integravit:
1168 2169 1206 2204 in
1226 2181 1352 2217 quem,
1372 2169 1431 2204 in-

308 2231 455 2278 signem
476 2232 576 2267 inter
605 2245 694 2268 suos
715 2233 879 2269 cientem
909 2246 1090 2283 pugnam,
1115 2234 1296 2282 magister
1325 2234 1431 2282 equi-

307 2303 388 2349 tum
414 2295 612 2334 Romanus
636 2298 775 2335 infesta
804 2298 957 2349 cuspide
986 2300 1041 2335 ita
1069 2299 1241 2350 permisit
1272 2311 1427 2349 equum,
