1527 2661
102 295 280 326 U.C.536.

100 339 138 367 A.
156 338 279 369 0216.

100 392 266 424 Exercitus

100 434 254 484 multipli-

98 486 171 510 eati.

294 211 374 254 270
743 210 788 240 Τ.
812 211 948 240 L1v11·

294 305 457 344 Quantae
477 311 603 340 autem
622 303 789 353 peditum
810 303 1051 352 equitumque
1080 301 1216 339 additae
1235 304 1311 339 sint
1329 315 1396 340 coe

294 369 379 419 piae,
410 368 504 405 adeo
533 374 571 404 et
598 380 756 403 numero
788 374 826 402 et
854 379 990 415 genere
1020 367 1212 416 copiarum
1250 367 1398 404 variant

293 440 480 476 auctores,
512 438 554 468 ut
583 433 645 467 vix
673 431 875 480 quidquam
904 431 994 466 satis
1024 437 1167 466 certum
1200 431 1402 468 adfirmare*

292 498 424 535 ausim.
480 496 625 533 Decem
644 495 762 531 millia
780 507 967 530 novorum
986 494 1146 530 militum
1167 494 1230 530 alii
1256 497 1395 546 scripta

291 563 329 598 in
360 560 661 611 supplementum
676 576 686 605 3
719 559 782 596 alii
811 573 926 596 novas
955 567 1115 609 quatuor
1143 560 1325 609 legiones,
1355 568 1398 598 ut

291 632 382 662 octo
410 624 625 674 legionibus
654 637 732 660 rem
752 631 947 673 gererent:
978 637 1136 661 numero
1156 637 1305 674 qnoque
1332 638 1399 676 pe-

291 690 413 726 ditum
432 689 676 739 equitumque
694 687 864 737 legiones
884 695 1027 732 auctas,
1047 687 1211 724 millibus
1231 689 1398 739 peditum

290 761 329 791 et
348 754 516 790 centenis
544 752 732 803 equitibus
758 754 798 790 in
817 753 983 802 singulas
1010 751 1164 802 adjectis
1178 768 1194 798 3
1223 759 1264 789 ut
1282 753 1397 803 quina

288 818 408 856 millia
432 819 613 868 peditum,
641 818 784 854 treceni
812 818 955 868 equites
982 824 1129 863 essent3
1162 818 1254 854 socii
1273 817 1396 868 dupli-

285 895 368 919 cem
405 894 603 918 numerum
639 882 808 932 equitum
836 882 981 925 darent,
1011 882 1154 931 pedites
1193 888 1397 931 aequarent.

285 947 440 998 Septem
471 953 509 983 et
528 948 729 996 octoginta
754 946 875 984 millia
904 952 1134 984 armatorum
1159 954 1197 982 et
1216 947 1397 983 ducentos

283 1011 325 1048 in
345 1011 476 1047 castris
496 1010 701 1056 Romanis,
719 1025 835 1061 quum
855 1018 1065 1062 pugnatum
1085 1011 1132 1047 ad
1152 1011 1302 1047 Cannas
1323 1016 1394 1055 est,

283 1075 437 1124 quidam
457 1081 630 1111 auctores
658 1081 760 1112 sunt.
817 1075 916 1112 Illud
939 1075 1230 1125 haudquaquam
1256 1074 1394 1111 discre-

281 1144 364 1189 pat,
395 1138 540 1189 majore
560 1145 700 1176 conatu
720 1145 837 1190 atque
863 1140 996 1190 inpetu
1021 1152 1100 1176 rem
1126 1145 1262 1182 actam,
1282 1151 1397 1188 quam

281 1203 472 1254 prioribus
510 1204 644 1249 annis3
677 1204 766 1252 quia
804 1215 923 1253 spem,
961 1216 1072 1254 posse
1101 1204 1202 1240 vinci
1229 1204 1393 1248 hostem,

283 1267 447 1305 dictator
472 1268 696 1319 praebuerat.
753 1268 947 1313 Ceterum,
967 1270 1186 1319 priusquam
1211 1269 1320 1318 signa
1345 1267 1392 1306 ab

281 1331 375 1369 urbe
394 1345 502 1369 novae
522 1332 690 1382 legiones
708 1340 917 1377 moverent,
939 1334 1141 1371 decemviri
1158 1333 1274 1371 libros
1292 1333 1394 1371 adire

280 1402 394 1445 atque
413 1396 599 1447 inspicere
618 1395 718 1447 jussi
737 1404 893 1448 propter
910 1399 1061 1435 territos
1081 1397 1197 1447 vulgo
1221 1398 1394 1434 homines

279 1462 387 1497 novis
407 1461 612 1512 prodigiis:
644 1474 748 1506 nam,
769 1469 807 1498 et
825 1461 959 1499 Romae
980 1464 1017 1499 in
1038 1463 1231 1499 Aventino
1250 1467 1288 1498 et
1305 1462 1396 1498 Ari-

279 1526 361 1570 ciae,
382 1527 604 1563 nunciatum
624 1533 717 1570 erat,
739 1526 808 1563 sub
825 1527 923 1564 idem
937 1533 1084 1577 tempus
1104 1526 1290 1578 lapidibus
1310 1525 1394 1576 plu·

278 1590 375 1627 isse:
409 1598 447 1628 et
464 1592 585 1628 multo
605 1605 738 1629 cruore
758 1593 867 1642 signa
893 1594 932 1629 in
953 1593 1102 1629 Sabinis
1125 1592 1252 1635 caedis,
1271 1603 1386 1641 aquas

257 1649 300 1690 'e
329 1654 437 1692 fonte
467 1655 604 1692 calidas
635 1670 819 1694 manasse.
876 1657 922 1693 Id
947 1657 1099 1706 quidem
1130 1657 1258 1699 etiam,
1288 1655 1390 1705 quod

83 2173 189 2212 Legati

81 2225 159 2247 cum
174 2218 231 2248 do·

82 2260 131 2290 nis
148 2260 187 2290 ab

81 2302 223 2333 Hierone

81 2344 222 2378 Romam

79 2390 179 2421 missi.

279 1721 414 1770 saepins
444 1721 646 1765 acciderat,
677 1723 796 1771 magis
825 1721 1015 1758 terrebat:
1049 1727 1087 1757 et
1109 1721 1147 1757 in
1176 1721 1238 1757 via
1255 1720 1396 1757 Forni--

278 1790 377 1828 cata,
394 1798 475 1833 quae
493 1785 539 1821 ad
557 1786 747 1836 Campum·
759 1792 853 1829 erat,
873 1785 1020 1835 aliquot
1039 1785 1211 1821 homines
1232 1785 1277 1820 de
1292 1783 1399 1820 coelo

277 1848 371 1884 tacti
398 1849 679 1899 exanimatique
704 1849 867 1886 fuerant.
923 1850 986 1886 Ea·
1011 1850 1186 1899 prodigia
1211 1861 1257 1885 ex
1283 1848 1388 1884 libris

276 1918 492 1963 procurata.
548 1912 688 1962 Legati
709 1927 730 1950 a
750 1913 876 1950 Paesto
896 1921 1047 1964 pateras
1075 1925 1205 1949 aureas
1226 1912 1390 1949 Romam

276 1975 494 2013 adtulerunt
510 1992 516 2012 :
550 1979 609 2021 iis,
631 1979 728 2014 sicut
742 1977 1024 2029 Neapolitanis,
1042 1979 1173 2028 gratiae
1192 1984 1300 2021 actae,
1321 1990 1387 2013 au-

275 2052 359 2076 rum
378 2053 454 2076 non
476 2047 687 2091 acceptum.
851 2074 855 2076 .

329 2105 544 2142 XXXVII.
575 2106 648 2142 Per
685 2106 836 2144 eosdem
865 2107 943 2143 di'es
978 2106 1024 2142 ab
1054 2105 1228 2143 Hierone
1258 2105 1385 2141 classis

275 2168 424 2206 Ostiam
440 2183 525 2206 cum
543 2184 683 2219 magno
700 2179 913 2208 commeatu
934 2172 1103 2208 accessit.
1158 2170 1295 2218 Legati
1314 2170 1382 2219 Sy-

275 2234 447 2270 racusani
467 2235 506 2271 in
534 2242 708 2272 senatum
727 2236 934 2272 introducti
960 2236 1210 2272 nunciarunt:
1246 2234 1384 2270 Coedem

278 2299 316 2334 C.
334 2300 513 2336 Flaminii
541 2301 693 2337 consulis
721 2303 961 2350 exercitusque
988 2301 1154 2336 adlatam
1179 2300 1267 2335 adeo
1292 2311 1384 2347 (egre

275 2365 396 2400 tulisse
414 2376 530 2412 regem
548 2365 756 2408 Hieronem,
777 2371 818 2401 ut
842 2366 944 2402 nulla
962 2377 1028 2402 sua
1050 2365 1199 2414 propria
1217 2364 1383 2412 regnique
