1527 2661
308 220 463 250 11113311
487 219 619 249 xxu.
651 218 757 248 CAP.
781 220 943 248 xxn1.
1102 215 1184 264 255

80 314 194 345 nocte
225 308 321 346 clam
350 320 569 359 progressus
599 308 648 344 ad
675 308 843 343 hostium
869 307 1066 350 stationes,
1094 321 1186 345 con·
1198 315 1293 346 U.C.
1311 322 1387 347 ⁵35.

78 373 200 409 ventis
219 372 441 421 quibusdam
462 371 705 408 auxiliaribus
731 371 929 421 Hispanis,
950 377 988 407 et
1007 371 1054 408 ab
1074 373 1119 408 iis
1140 375 1188 410 ad
1199 360 1238 390 Α·
1253 359 1291 390 C·
1308 365 1382 394 ²¹7·

81 435 297 486 Scipionem
314 437 529 487 perductus,
545 436 634 485 quid
650 434 826 478 adferret,
843 436 1044 485 expromit.
1093 436 1189 474 Fide

82 505 237 550 accepta
256 500 431 549 dataque,
461 511 503 535 ac
529 499 616 535 loco
643 505 681 535 et
707 505 878 547 tempore
904 500 1115 536 constituto
1140 501 1188 538 ad

83 562 230 599 obsides
249 563 466 606 tradendos,
488 563 701 611 Saguntum
718 562 838 606 redit3
871 561 971 598 diem
985 563 1187 613 insequen-

82 631 160 662 tem
180 625 363 662 absumsit
389 639 473 663 cum
492 625 667 668 Bostare,
687 624 874 660 mandatis
901 625 948 661 ad
974 638 1053 662 rem
1072 639 1188 676 agen-

84 689 170 725 dam
196 690 445 740 accipiendis:
479 690 666 732 dimissus,
692 701 806 737 quum
831 700 871 724 se
896 694 1009 725 nocte
1033 690 1188 736 iturum,

85 751 133 789 ut'
146 754 335 789 custodias
355 754 523 790 hostium
542 752 702 795 falleret,
725 751 998 795 constituisset,
1018 754 1067 789 ad
1085 767 1191 792 com-

82 815 247 865 positam
261 828 346 852 cum
358 817 403 852 iis
419 817 550 853 horam
569 816 742 852 excitatis
755 816 973 853 custodibus
989 830 1191 867 puerorum

23 885 24 889 ’
83 876 290 928 profectus,
319 879 434 916 veluti
463 881 616 928 ignarus
645 880 684 914 iu
713 885 941 928 praeparatas
971 893 1039 917 sua
1059 882 1191 920 fraude

26 928 27 946 i
84 942 240 978 insidias
259 943 372 980 ducit.
430 943 476 979 In
496 950 619 979 castra
636 942 815 979 Romana
839 944 1009 993 perducti
1026 960 1033 981 :
1066 953 1191 984 cetera
1204 947 1242 976 111
1259 953 1360 977 castra

86 1006 215 1042 omnia
244 1007 289 1043 de
316 1007 512 1044 reddendis
546 1007 754 1050 obsidibus,
785 1007 882 1043 sicut
914 1021 1000 1044 cum
1030 1010 1192 1047 Bostare
1205 990 1372 1072 ξέἒέἓῐῖς

88 1070 338 1106 constitutum
358 1076 452 1113 erat,
474 1077 558 1106 acta
577 1083 644 1120 per
670 1071 841 1106 eumdem
862 1071 1046 1115 ordinem,
1067 1087 1142 1122 quo
1162 1075 1192 1110 si
1206 1076 1270 1123 suis
1283 1075 1388 1122 ‘reddit

87 1133 468 1182 Karthaginiensium
487 1136 640 1170 nomine
660 1135 712 1169 sic
733 1141 918 1182 ageretur.
975 1135 1106 1186 Major
1123 1138 1193 1174 ali·
1206 1118 1323 1157 διψῶ·

89 1204 233 1246 quanto
261 1197 524 1234 Romanorum
556 1199 677 1246 gratia
704 1198 778 1234 fuit
811 1199 850 1234 in
882 1211 922 1234 re
954 1201 1048 1249 pari,
1080 1214 1195 1249 quam

89 1268 230 1310 quanta
249 1262 377 1298 futura
395 1263 775 1310 Karthaginiensium
793 1262 916 1298 fuerat
932 1278 939 1299 :
971 1263 1057 1300 illos
1078 1267 1192 1311 enim,

91 1339 220 1375 graves
241 1327 496 1376 superbosque
514 1329 553 1363 in
577 1328 687 1364 rebus
707 1328 878 1364 secundis
906 1335 1094 1378 expertOS,
1115 1331 1194 1367 for-

90 1395 184 1425 tuna
209 1396 247 1426 et
271 1392 386 1426 timor
415 1392 608 1439 mitigasse
633 1391 747 1426 videri
778 1397 939 1440 poterat.
996 1392 1192 1430 Romanus

90 1453 212 1502 primo
238 1453 415 1497 adventu,
444 1455 659 1502 incognitus
689 1460 791 1497 ante,
812 1453 859 1489 ab
879 1466 918 1489 re
944 1454 1120 1492 clementi
1147 1457 1194 1493 li-

90 1515 281 1564 beralique
306 1517 457 1552 initium
483 1517 646 1553 fecerat:
680 1522 717 1552 et
741 1515 905 1559 Abelux,
933 1518 989 1553 vir
1017 1520 1194 1567 prudens,

89 1579 192 1615 haud
219 1579 359 1616 frustra
383 1581 580 1616 videbatur
609 1581 731 1616 socios
762 1586 948 1617 mutasse:
981 1582 1107 1631 itaque
1136 1584 1196 1620 in-

91 1643 196 1691 genti
221 1656 407 1680 consensu
425 1644 674 1680 defectionem
694 1656 823 1679 omnes
849 1651 1041 1693 spectare:
1073 1659 1196 1682 arma-

95 1717 167 1754 que
186 1707 377 1756 extemplo
396 1715 501 1743 mota
519 1709 660 1750 forent,
680 1708 719 1742 ni
738 1708 873 1750 hiems,
895 1720 977 1756 quae
996 1707 1196 1746 Romanos

95 1781 244 1818 quoque
271 1775 307 1805 et
326 1770 666 1818 Karthaginienses
693 1771 899 1806 concedere
925 1771 966 1806 in
990 1777 1092 1808 tecta
1111 1778 1199 1809 coe-

94 1832 164 1881 git,
186 1833 459 1870 intervenisset.

146 1896 306 1932 XXIII.
337 1896 431 1933 Haec
451 1898 491 1933 in
510 1897 698 1947 Hispania
716 1909 865 1946 quoque
885 1898 1048 1934 secunda
1068 1904 1198 1935 aestate

96 1960 231 1996 Punici
251 1959 339 1996 belli
359 1968 479 2009 gesta,
501 1974 614 2009 quum
635 1962 671 1996 in
693 1960 805 1997 Italia
824 1960 990 2010 paullum
1011 1962 1199 1998 intervalli

96 2023 264 2059 cladibus
299 2023 481 2060 Romanis
514 2024 628 2060 solers
663 2026 855 2061 cunctatio
883 2025 992 2060 Fabii
1024 2025 1198 2062 fecisset:

98 2101 180 2136 quae
197 2096 239 2123 ut
256 2087 511 2125 Hannibalem
527 2101 604 2124 non
620 2089 798 2125 mediocri
814 2089 1016 2125 sollicitum
1030 2102 1119 2125 cura
1133 2090 1202 2125 ha-

97 2151 226 2194 bebat,
247 2152 400 2188 tandem
416 2165 500 2187 eum
520 2152 662 2187 militiae
683 2154 903 2201 magistrum
920 2153 1101 2201 delegisse
1120 2153 1203 2189 Ro-

98 2227 230 2252 manos
258 2222 486 2258 cernentem,
508 2218 569 2264 qui
590 2216 730 2252 bellum
756 2218 916 2260 ratione,
937 2230 1015 2253 non
1035 2217 1203 2260 fortuna,
1218 2217 1304 2267 Fabii
1318 2226 1421 2248 cunc·

101 2285 245 2327 gereret
257 2295 268 2324 3
300 2280 354 2315 ita
374 2286 566 2315 contemta
593 2287 671 2316 erat
698 2281 795 2316 inter
814 2282 926 2324 cives,
948 2286 1112 2316 armatos
1138 2293 1204 2329 pa·
1216 2267 1292 2309 5³⁰⁰
1306 2261 1422 2292 Romae

1218 2313 1330 2335 anISa‚

103 2342 193 2377 riter
212 2348 469 2392 togatosque,
502 2343 630 2392 utique
655 2350 870 2394 postquam,
891 2344 1047 2381 absente
1067 2355 1127 2388 e0,
1147 2349 1207 2380 te-
