1527 2661
334 169 487 199 LIBER
510 169 654 198 XXIV·
687 169 793 198 CAP.
817 171 972 200 XXIII.
1120 174 1206 218 399

89 261 222 304 omnia,
243 273 320 309 quae
346 273 416 297 succ
432 260 529 309 fidei
549 261 735 309 tutelaeque
767 266 893 303 essent,
916 263 1084 309 quoniam
1110 276 1203 307 eum,
1219 274 1310 305 U,c,
1328 281 1402 307 5:38,

88 327 149 373 qui
170 327 383 368 mandasset,
402 324 609 374 suusfzcror
630 325 864 369 absumsisset‚
883 328 1015 374 patriae
1040 330 1204 365 restitue·
1217 318 1258 349 A·
1272 318 1308 349 C·
1327 326 1401 350 ²¹4·

86 395 152 426 ret.
210 390 422 426 Conversus
444 389 580 426 deinde
609 389 655 426 ad
680 390 943 427 interfectores
972 393 1140 441 tyranni,
1162 406 1206 430 ac

87 455 239 490 nomine
277 454 467 504 adpellans
501 454 746 491 Theodotum
783 468 827 490 ac
859 455 1005 491 Sosim:
1039 457 1204 500 Facinus,

84 518 222 566 inquit,
243 519 470 555 memorabile
485 517 641 567 fecistis,
699 520 784 561 Sed,
805 519 894 555 mihi
913 521 1059 562 credite,
1082 522 1205 557 incho-

86 588 149 619 ata
167 589 284 620 vestra
300 585 432 632 gloria,
453 586 611 620 nondum
633 584 814 634 perfecta,
836 590 886 621 est
898 602 910 629 ,·
935 587 1206 636 periculumque

83 650 207 695 ingens
220 654 353 691 manet,
375 651 442 685 nisi
460 650 542 697 paci
560 654 595 685 et
614 651 808 685 concordiae
823 651 1018 693 consulitis,
1036 663 1079 687 nc
1095 651 1206 687 libera

85 713 256 761 efferatur
275 714 485 761 respublica.

137 775 299 813 XXIII.
328 777 423 813 Post
437 777 536 812 hanc
553 775 768 812 orationem
784 775 906 812 claves
923 782 1120 826 portarum
1136 791 1205 829 pe-

84 839 279 888 cuniaeque
297 841 410 888 regiae
426 846 514 876 ante
533 839 646 889 pedes
665 851 795 875 eorum
816 840 968 889 posuit:
1001 847 1115 890 atque
1135 841 1204 878 illo

84 903 233 951 quidem
259 903 320 939 die
348 904 493 939 dimissi
523 916 569 940 ex
599 904 787 939 concione
817 902 909 946 laeti,
946 904 1046 940 circa
1075 906 1206 941 omnia

83 966 173 1003 fana
190 966 318 1004 Deum
347 967 654 1019 supplicaverunt
674 980 759 1003 cum
785 966 1016 1018 conjugibus
1038 982 1081 1005 ac
1107 968 1205 1006 libe-

83 1031 156 1067 ris:
190 1037 344 1081 postero
364 1032 425 1068 die
445 1032 601 1069 comitia
620 1031 846 1081 praetoribus
868 1032 1037 1068 creandis
1057 1032 1203 1069 habita.

89 1094 248 1132 creatus
274 1097 314 1133 in
344 1097 475 1147 primis
495 1096 820 1141 Andranodorus3
853 1097 969 1132 ceteri
999 1110 1138 1146 magna
1157 1111 1203 1135 ex
1217 1103 1367 1135 Praetores

1215 1147 1379 1186 Syracusis

84 1165 191 1209 parte
221 1160 485 1197 interfectores
523 1160 698 1210 tyranni:
731 1160 825 1196 duos
859 1161 973 1196 etiam
1011 1161 1200 1205 absentes,
1214 1198 1374 1224 creantur.

84 1223 287 1273 Sopatrum
317 1238 360 1261 ac
389 1225 661 1267 Dinomenem,
685 1223 869 1260 fecerunt.
926 1225 1018 1267 Qui,
1047 1225 1200 1270 auditis,

83 1300 165 1336 quae
187 1289 380 1338 Syracusis
408 1295 495 1325 acta
520 1294 640 1331 erant,
662 1288 863 1337 pecuniam
882 1289 1039 1336 regiam,
1060 1302 1143 1337 quae
1162 1290 1202 1326 in

82 1351 284 1388 Leontinis
306 1358 400 1397 erat,
424 1354 627 1403 Syracusas
649 1353 858 1394 devectam,
881 1353 1132 1401 quaestoribus
1154 1355 1202 1390 ad

82 1415 117 1451 id
142 1417 266 1466 ipsum
294 1418 428 1453 creatis
457 1417 716 1453 tradiderunt:
750 1422 789 1451 et
814 1429 872 1459 ea,
894 1429 976 1465 quae
1003 1417 1042 1452 in
1070 1417 1202 1454 Insula

82 1487 163 1517 erat
179 1487 217 1517 et
231 1482 463 1525 Achradina,
480 1482 622 1517 tradita
637 1487 695 1517 est
707 1497 718 1526 3
746 1481 918 1529 murique
935 1494 979 1517 ea
997 1494 1098 1531 pars,
1116 1495 1200 1531 quae

84 1544 131 1580 ab
149 1550 273 1581 cetera
294 1545 385 1581 urbe
405 1546 517 1581 nimis
539 1544 649 1581 firmo
671 1545 909 1580 munimento
929 1545 1202 1596 intersepiebat

85 1608 266 1652 Insulam,
294 1622 482 1645 consensu
509 1609 678 1644 omnium
706 1607 855 1658 dejecta
881 1614 960 1643 est:
997 1616 1136 1645 secutae
1163 1616 1202 1645 et

85 1678 230 1708 caeterae
250 1684 306 1708 res
336 1673 433 1709 hauc
459 1672 748 1709 inclinationem
773 1672 987 1707 animorum
1013 1673 1060 1708 ad
1086 1672 1200 1709 liber-

84 1743 213 1774 tatem.
271 1737 526 1787 Hippocrates
554 1743 668 1785 atque
690 1735 894 1786 EpicydeS,
923 1736 1051 1772 audita
1077 1743 1198 1774 morte
1213 1740 1390 1792 Hippocra-

84 1802 249 1850 tyranni‚
270 1815 383 1851 quam
403 1802 674 1852 Hippocrates,
691 1802 806 1837 etiam
823 1801 964 1837 nuncio
980 1801 1196 1846 interfecto,
1212 1790 1255 1814 tes
1273 1792 1303 1815 et
1320 1785 1394 1825 ¹39¹*

1211 1828 1305 1866 cydes
1321 1831 1390 1860 red-

84 1865 205 1902 celare
231 1866 415 1910 voluerat,
444 1867 582 1903 deserti
608 1880 630 1902 a
656 1865 854 1908 militibus,
875 1866 963 1914 quia
988 1866 1026 1901 id
1052 1867 1254 1903 tutissi-ire
1271 1871 1352 1901 velle

81 1943 185 1966 mum
211 1943 257 1968 ex
286 1931 534 1981 praesentibus
556 1930 766 1973 videbatur,
795 1931 996 1979 Syracusas
1028 1931 1170 1968 rediere
1186 1947 1193 1967 ε
1210 1923 1242 1942 se
1256 1915 1293 1943 ad
1310 1914 1401 1945 Han-

1210 1956 1315 1986 nibale
1384 1960 1408 1981 '-

85 1995 148 2031 ubi
168 2008 215 2031 ne
234 1997 399 2046 suspecti
419 1996 724 2039 obversarentur,
741 2001 936 2044 tamquam
956 1996 1122 2031 novandi
1137 2009 1195 2032 res
1210 1968 1352 2032 mulanrii
1366 1969 1390 1989 Sl

83 2058 249 2108 aliquam
279 2060 519 2096 occasionem
545 2067 770 2109 quaerentes,
806 2066 986 2110 praetores
1018 2061 1196 2109 primum,

82 2122 169 2158 dein
188 2135 254 2172 per
274 2136 338 2159 eos
359 2130 532 2163 senatum
552 2124 703 2161 adeunt.
760 2125 816 2160 Ab
834 2124 1039 2160 Hannibale
1057 2136 1093 2160 se
1111 2127 1198 2160 mis-

80 2199 136 2223 sos
161 2188 366 2236 praedicant
392 2189 442 2224 acl
460 2189 735 2237 Hieronymum,
765 2193 948 2236 tamquam
974 2189 1131 2224 amicum
1156 2201 1199 2225 ac

79 2253 214 2288 socium
227 2269 239 2289 :
263 2255 427 2301 paruisse
460 2255 609 2302 imperio
639 2252 726 2299 ejus,
761 2252 860 2299 cujus
888 2255 1084 2300 imperatur
1117 2265 1200 2289 suus

80 2317 232 2352 voluerit
245 2333 256 2354 .·
286 2318 378 2354 velle
398 2318 445 2354 ad
463 2318 707 2355 Hannibalem
725 2318 869 2354 redire:
898 2321 1066 2359 ceterum,
1088 2328 1197 2366 quum
