1527 2661
96 258 134 287 U.
148 258 183 288 C.
200 264 271 290 536.

94 303 130 331 A.
145 302 180 332 C.
199 308 272 333 216.

92 355 206 387 Classis

90 405 195 430 aucta.

86 644 206 693 Milites
215 648 269 688 ju-

86 694 253 727 rejurando

83 733 196 766 adacti.

289 169 369 214 272
744 173 785 201 T.
813 173 945 202 mvn

284 261 584 312 Quinqueremes
603 264 648 300 ad
665 266 816 301 navium
834 265 1005 309 classem,
1024 279 1105 315 quae
1126 279 1210 303 cum
1231 267 1276 305 T.
1293 269 1390 307 Ota-

284 325 372 363 cilio
391 334 625 377 propraetore
651 329 690 364 in
711 329 839 365 Sicilia
867 337 987 373 erant,
1009 330 1175 379 quinque
1197 337 1234 366 et
1254 332 1392 380 viginti

283 391 434 434 additae,
454 392 754 442 permissumque
780 401 850 437 est,
872 401 927 437 ut,
948 395 979 430 si
999 407 1019 430 e
1038 394 1232 445 republica
1263 409 1397 434 cense—

281 463 340 492 ret
359 469 453 499 esse,
475 457 514 491 in
534 457 706 493 Africam
725 458 929 508 trajiceret.
1170 460 1176 466 '

334 518 576 557 XXXVIII.
615 520 779 558 Delectu
816 522 1002 572 perfecto,
1041 522 1214 558 consules
1251 535 1394 573 paucos

278 586 417 621 morati
437 585 530 627 dies,
553 583 643 620 dum
668 586 762 621 socii
789 586 836 622 ab
863 586 1018 622 nomine
1036 585 1180 622 Latino
1206 587 1392 625 venirent.

278 648 424 685 Milites
444 656 551 692 tunc,
573 650 675 698 quod
694 663 901 700 numquam
922 657 1034 687 antea
1052 650 1196 688 factum
1216 656 1311 695 erat,
1325 650 1393 701 ju-

277 713 482 765 rejurando
501 714 549 752 ab
576 714 740 752 tribunis
767 716 931 753 militum
958 717 1100 760 adacti,
1117 716 1230 766 jussu
1254 729 1394 754 consu-

275 778 355 816 lum
384 786 655 824 conventuros,
677 793 799 831 neque
826 781 973 832 injussu
1003 781 1198 818 abituros:
1229 794 1319 818 nam
1343 782 1395 820 ad

275 856 359 882 eam
379 845 478 882 diem
495 844 591 882 nihil
609 851 748 897 praeter
774 854 1051 883 sacramentum
1069 846 1216 892 fuerat3
1250 853 1301 890 et,
1323 846 1390 885 ubi

274 909 322 945 ad
351 909 587 948 decuriatum
619 915 686 946 aut
717 912 972 948 centuriatum
1006 911 1287 954 convenissent,
1319 923 1390 948 sua

273 973 471 1012 voluntate
489 975 562 1026 ipsi
587 976 688 1012 inter
713 987 752 1012 se
778 977 923 1026 equites
955 976 1152 1018 deciuiati,
1182 974 1388 1012 centuriati

271 1039 417 1090 pedites
435 1039 704 1090 conjurabant,
720 1052 802 1076 sese
815 1040 917 1090 fugae
933 1046 1046 1090 atque
1061 1039 1273 1076 formidinis
1294 1051 1391 1088 ergo

271 1114 352 1140 non
377 1103 568 1149 abituros,
585 1117 708 1155 neque
728 1117 776 1141 ex
803 1104 939 1141 ordine
967 1116 1196 1147 recessuros,
1216 1103 1290 1139 nisi
1320 1102 1390 1140 teli

272 1167 460 1211 sumendi,
481 1174 547 1204 aut
571 1168 742 1219 petendi,
763 1173 802 1204 et
820 1173 887 1204 aut
911 1167 1033 1204 hostis
1053 1167 1228 1211 feriendi,
1249 1172 1315 1203 aut
1334 1167 1393 1203 ci-

270 1231 326 1268 vis
356 1234 531 1271 servandi
567 1245 723 1271 caussa:
755 1232 795 1269 id
823 1245 871 1270 ex
899 1232 1117 1269 voluntario
1146 1232 1246 1269 inter
1282 1233 1387 1284 ipsos

270 1298 415 1336 foedere
434 1313 457 1337 a
474 1300 638 1338 tribunis
654 1300 703 1338 ad
720 1300 931 1351 legitimam
943 1298 1196 1351 jurisjurandi
1215 1300 1390 1338 adactio-

270 1375 359 1400 nem
395 1364 635 1403 translatum.
693 1365 925 1409 Conciones‚
959 1364 1180 1415 priusquam
1211 1363 1259 1403 ab
1293 1363 1387 1402 urbe

270 1427 381 1477 signa
408 1436 664 1474 moverentur,
694 1429 860 1466 consulis
886 1429 1069 1465 Varronis
1099 1428 1228 1465 multae
1257 1442 1301 1466 ac
1325 1428 1386 1465 fe-

269 1506 376 1534 roces
395 1493 515 1538 fuere,
536 1494 822 1538 denunciantes,
841 1493 982 1530 bellum
1001 1494 1223 1529 arcessitum
1242 1493 1282 1529 in
1302 1492 1383 1530 Ita-

267 1557 360 1595 liam
385 1558 433 1595 ab
453 1558 659 1603 nobilibus,
690 1571 985 1608 mansurumque
1014 1559 1054 1594 in
1073 1557 1279 1595 visceribus
1307 1558 1386 1594 rei·

267 1622 446 1675 publicae,
466 1624 498 1660 si
523 1623 648 1675 plures
668 1624 808 1661 Fabios
835 1624 1082 1674 imperatores
1109 1622 1293 1666 haberet3
1325 1635 1380 1665 se,

267 1700 343 1738 quo
364 1688 424 1724 die
443 1689 593 1725 hostem
608 1689 776 1733 vidisset,
796 1688 1064 1740 perfecturum.
1112 1686 1280 1735 Collegae
1300 1685 1380 1737 ejus

266 1752 392 1789 Paulli
422 1766 511 1796 una,
544 1753 665 1804 pridie
695 1766 808 1802 quam
837 1765 884 1789 ex
915 1751 1008 1788 urbe
1037 1751 1382 1803 proficiscerentur,

267 1818 403 1853 concio
423 1817 497 1853 fuit
526 1818 664 1861 verior,
685 1830 798 1866 quam
824 1817 969 1866 gratior
998 1814 1157 1868 populo,
1182 1827 1257 1863 qua
1284 1813 1381 1851 nihil

265 1880 513 1917 inclementer
532 1881 572 1916 in
585 1881 797 1918 Varronem
816 1881 973 1923 dictum,
993 1880 1068 1915 nisi
1086 1879 1124 1915 id
1143 1878 1280 1925 modo3
1302 1879 1379 1915 Mi-

264 1947 342 1982 rari
367 1959 417 1989 se,
438 1947 612 1994 quomodo
632 1948 708 1995 quis
728 1947 813 1988 dux,
838 1947 1048 1993 priusquam
1077 1948 1142 1980 aut
1167 1955 1284 1987 suum,
1315 1948 1383 1980 aut

266 2011 419 2048 hostium
447 2003 651 2054 exeicitum,
682 2012 839 2047 locorum
867 2012 990 2052 situm,
1023 2015 1194 2046 naturam
1224 2009 1378 2056 regionis

263 2081 391 2118 nosset,
402 2074 483 2122 jam
504 2088 597 2111 nunc
615 2076 752 2111 locatus
771 2076 808 2111 in
824 2075 908 2110 urbe
924 2075 1043 2115 sciret,
1061 2085 1137 2121 qzcae
1153 2072 1218 2108 sabi
1236 2073 1377 2119 agenda

263 2145 405 2176 armato
422 2139 576 2189 forent5
606 2145 641 2176 et
667 2141 757 2176 diem
778 2151 913 2188 quoque
936 2139 1130 2187 praedicere
1155 2141 1284 2186 posset,
1306 2149 1377 2185 qua

263 2217 344 2241 cum
374 2205 471 2241 hoste
498 2206 609 2253 signis
638 2206 789 2241 conlatis
816 2208 904 2240 esset
923 2204 1169 2240 dimicaturus.
1217 2201 1278 2244 Se,
1299 2213 1376 2249 quae

263 2272 413 2307 consilia
433 2273 545 2318 magis
562 2283 617 2306 res
633 2271 716 2307 dent
736 2270 944 2313 hominibus,
959 2281 1065 2318 quam
1086 2269 1239 2305 homines
1257 2267 1372 2310 rebus,

262 2346 305 2371 ea
327 2340 412 2372 ante
441 2341 580 2384 tempus
608 2337 791 2372 inmatura
819 2347 889 2371 non
914 2338 1175 2384 praecepturum
1190 2349 1201 2370 .·
1230 2337 1370 2381 optare,
