<?xml version="1.0" encoding="UTF-8"?>
<!DOCTYPE html PUBLIC "-//W3C//DTD XHTML 1.0 Transitional//EN"
    "http://www.w3.org/TR/xhtml1/DTD/xhtml1-transitional.dtd">
<html xmlns="http://www.w3.org/1999/xhtml" xml:lang="en" lang="en">
 <head>
  <title>
</title>
<meta http-equiv="Content-Type" content="text/html;charset=utf-8" />
  <meta name='ocr-system' content='tesseract 3.04.00' />
  <meta name='ocr-capabilities' content='ocr_page ocr_carea ocr_par ocr_line ocrx_word'/>
</head>
<body>
  <div class='ocr_page' id='page_1' title='image "./historiarumquaes02livyuoft/historiarumquaes02livyuoft_0432.png"; bbox 0 0 1527 2661; ppageno 0'>
   <div class='ocr_carea' id='block_1_1' title="bbox 111 270 297 345">
    <p class='ocr_par' dir='ltr' id='par_1_1' title="bbox 111 270 297 345">
     <span class='ocr_line' id='line_1_1' title="bbox 113 270 297 302; baseline -0.005 -1"><span class='ocrx_word' id='word_1_1' title='bbox 113 270 205 301; x_wconf 85' lang='lat' dir='ltr'><strong>U.C.</strong></span> <span class='ocrx_word' id='word_1_2' title='bbox 223 276 297 302; x_wconf 81' lang='lat'><strong>538.</strong></span> 
     </span>
     <span class='ocr_line' id='line_1_2' title="bbox 111 314 296 345; baseline -0.005 0"><span class='ocrx_word' id='word_1_3' title='bbox 111 315 153 345; x_wconf 84' lang='grc' dir='ltr'>Α.</span> <span class='ocrx_word' id='word_1_4' title='bbox 167 314 204 345; x_wconf 90' lang='lat' dir='ltr'>C.</span> <span class='ocrx_word' id='word_1_5' title='bbox 222 320 296 345; x_wconf 79' lang='lat'>214.</span> 
     </span>
    </p>
   </div>
   <div class='ocr_carea' id='block_1_2' title="bbox 111 368 271 494">
    <p class='ocr_par' dir='ltr' id='par_1_2' title="bbox 111 368 271 494">
     <span class='ocr_line' id='line_1_3' title="bbox 114 368 226 398; baseline 0 0"><span class='ocrx_word' id='word_1_6' title='bbox 114 368 176 398; x_wconf 86' lang='lat' dir='ltr'>Res</span> <span class='ocrx_word' id='word_1_7' title='bbox 194 369 226 398; x_wconf 89' lang='lat' dir='ltr'>in</span> 
     </span>
     <span class='ocr_line' id='line_1_4' title="bbox 112 411 271 451; baseline 0.006 -10"><span class='ocrx_word' id='word_1_8' title='bbox 112 411 271 451; x_wconf 85' lang='lat' dir='ltr'>Hispania</span> 
     </span>
     <span class='ocr_line' id='line_1_5' title="bbox 111 461 219 494; baseline 0.009 -10"><span class='ocrx_word' id='word_1_9' title='bbox 111 461 219 494; x_wconf 83' lang='lat' dir='ltr'>gestae.</span> 
     </span>
    </p>
   </div>
   <div class='ocr_carea' id='block_1_3' title="bbox 305 174 975 215">
    <p class='ocr_par' dir='ltr' id='par_1_3' title="bbox 305 174 975 215">
     <span class='ocr_line' id='line_1_6' title="bbox 305 174 975 215; baseline -0.004 -8"><span class='ocrx_word' id='word_1_10' title='bbox 305 175 389 215; x_wconf 79' lang='lat'>422</span> <span class='ocrx_word' id='word_1_11' title='bbox 771 174 816 204; x_wconf 80' lang='grc' dir='ltr'>Τ.</span> <span class='ocrx_word' id='word_1_12' title='bbox 841 174 975 205; x_wconf 81' lang='lat' dir='ltr'>L1vu</span> 
     </span>
    </p>
   </div>
   <div class='ocr_carea' id='block_1_4' title="bbox 298 261 1425 2367">
    <p class='ocr_par' dir='ltr' id='par_1_4' title="bbox 298 261 1425 2367">
     <span class='ocr_line' id='line_1_7' title="bbox 363 261 1419 313; baseline 0.001 -16"><span class='ocrx_word' id='word_1_13' title='bbox 363 261 473 298; x_wconf 89' lang='lat' dir='ltr'><strong>XLI.</strong></span> <span class='ocrx_word' id='word_1_14' title='bbox 502 261 650 298; x_wconf 88' lang='lat' dir='ltr'>Eodem</span> <span class='ocrx_word' id='word_1_15' title='bbox 679 274 781 298; x_wconf 86' lang='lat' dir='ltr'>anno</span> <span class='ocrx_word' id='word_1_16' title='bbox 807 263 846 299; x_wconf 91' lang='lat' dir='ltr'>in</span> <span class='ocrx_word' id='word_1_17' title='bbox 866 262 1056 313; x_wconf 80' lang='lat' dir='ltr'>Hispania</span> <span class='ocrx_word' id='word_1_18' title='bbox 1076 263 1176 300; x_wconf 85' lang='lat' dir='ltr'>varie</span> <span class='ocrx_word' id='word_1_19' title='bbox 1202 276 1260 300; x_wconf 89' lang='lat' dir='ltr'>res</span> <span class='ocrx_word' id='word_1_20' title='bbox 1281 269 1419 312; x_wconf 81' lang='lat' dir='ltr'>gestae:</span> 
     </span>
     <span class='ocr_line' id='line_1_8' title="bbox 309 324 1421 376; baseline 0 -14"><span class='ocrx_word' id='word_1_21' title='bbox 309 339 397 362; x_wconf 85' lang='lat' dir='ltr'>nam</span> <span class='ocrx_word' id='word_1_22' title='bbox 424 327 643 376; x_wconf 73' lang='lat' dir='ltr'>priusquam</span> <span class='ocrx_word' id='word_1_23' title='bbox 663 324 829 361; x_wconf 86' lang='lat' dir='ltr'>Romani</span> <span class='ocrx_word' id='word_1_24' title='bbox 851 339 1000 362; x_wconf 88' lang='lat' dir='ltr'>amnem</span> <span class='ocrx_word' id='word_1_25' title='bbox 1021 327 1175 363; x_wconf 85' lang='lat' dir='ltr'>Iberum</span> <span class='ocrx_word' id='word_1_26' title='bbox 1200 327 1421 370; x_wconf 77' lang='lat' dir='ltr'>transirent,</span> 
     </span>
     <span class='ocr_line' id='line_1_9' title="bbox 310 388 1424 439; baseline 0 -13"><span class='ocrx_word' id='word_1_27' title='bbox 310 391 482 438; x_wconf 83' lang='lat' dir='ltr'>ingentes</span> <span class='ocrx_word' id='word_1_28' title='bbox 504 390 632 438; x_wconf 87' lang='lat' dir='ltr'>copias</span> <span class='ocrx_word' id='word_1_29' title='bbox 653 388 916 439; x_wconf 85' lang='lat' dir='ltr'>Hispanorum</span> <span class='ocrx_word' id='word_1_30' title='bbox 930 390 1051 439; x_wconf 87' lang='lat' dir='ltr'>Mago</span> <span class='ocrx_word' id='word_1_31' title='bbox 1069 397 1106 427; x_wconf 88' lang='lat' dir='ltr'>et</span> <span class='ocrx_word' id='word_1_32' title='bbox 1125 390 1346 427; x_wconf 81' lang='lat' dir='ltr'>Hasdrubal</span> <span class='ocrx_word' id='word_1_33' title='bbox 1364 390 1424 426; x_wconf 88' lang='lat' dir='ltr'>fu-</span> 
     </span>
     <span class='ocr_line' id='line_1_10' title="bbox 308 453 1423 505; baseline 0.002 -16"><span class='ocrx_word' id='word_1_34' title='bbox 308 454 445 490; x_wconf 89' lang='lat' dir='ltr'>derunt</span> <span class='ocrx_word' id='word_1_35' title='bbox 461 469 467 490; x_wconf 91' lang='lat'>:</span> <span class='ocrx_word' id='word_1_36' title='bbox 491 454 765 502; x_wconf 82' lang='lat' dir='ltr'>defecissetque</span> <span class='ocrx_word' id='word_1_37' title='bbox 781 453 827 490; x_wconf 89' lang='lat' dir='ltr'>ab</span> <span class='ocrx_word' id='word_1_38' title='bbox 843 454 1030 491; x_wconf 86' lang='lat' dir='ltr'>Romanis</span> <span class='ocrx_word' id='word_1_39' title='bbox 1048 455 1204 491; x_wconf 83' lang='lat' dir='ltr'>ulterior</span> <span class='ocrx_word' id='word_1_40' title='bbox 1220 455 1423 505; x_wconf 83' lang='lat' dir='ltr'>Hispania,</span> 
     </span>
     <span class='ocr_line' id='line_1_11' title="bbox 306 519 1421 570; baseline 0 -14"><span class='ocrx_word' id='word_1_41' title='bbox 306 521 347 556; x_wconf 90' lang='lat' dir='ltr'>ni</span> <span class='ocrx_word' id='word_1_42' title='bbox 373 520 416 557; x_wconf 89' lang='lat' dir='ltr'>P.</span> <span class='ocrx_word' id='word_1_43' title='bbox 434 519 649 563; x_wconf 84' lang='lat' dir='ltr'>Cornelius,</span> <span class='ocrx_word' id='word_1_44' title='bbox 671 520 809 570; x_wconf 85' lang='lat' dir='ltr'>raptim</span> <span class='ocrx_word' id='word_1_45' title='bbox 841 521 1018 557; x_wconf 89' lang='lat' dir='ltr'>traducto</span> <span class='ocrx_word' id='word_1_46' title='bbox 1052 522 1221 558; x_wconf 85' lang='lat' dir='ltr'>exercitu</span> <span class='ocrx_word' id='word_1_47' title='bbox 1254 521 1421 563; x_wconf 87' lang='lat' dir='ltr'>Iberum,</span> 
     </span>
     <span class='ocr_line' id='line_1_12' title="bbox 307 584 1425 634; baseline 0 -14"><span class='ocrx_word' id='word_1_48' title='bbox 307 585 430 620; x_wconf 86' lang='lat' dir='ltr'>dubiis</span> <span class='ocrx_word' id='word_1_49' title='bbox 451 585 644 620; x_wconf 87' lang='lat' dir='ltr'>sociorum</span> <span class='ocrx_word' id='word_1_50' title='bbox 664 584 799 620; x_wconf 82' lang='lat' dir='ltr'>animis</span> <span class='ocrx_word' id='word_1_51' title='bbox 819 584 859 619; x_wconf 91' lang='lat' dir='ltr'>in</span> <span class='ocrx_word' id='word_1_52' title='bbox 878 591 1049 634; x_wconf 86' lang='lat' dir='ltr'>tempore</span> <span class='ocrx_word' id='word_1_53' title='bbox 1069 585 1294 621; x_wconf 85' lang='lat' dir='ltr'>advenisset.</span> <span class='ocrx_word' id='word_1_54' title='bbox 1340 584 1425 620; x_wconf 80' lang='lat' dir='ltr'>Pri-</span> 
     </span>
     <span class='ocr_line' id='line_1_13' title="bbox 306 648 1423 698; baseline 0.001 -14"><span class='ocrx_word' id='word_1_55' title='bbox 306 661 369 685; x_wconf 91' lang='lat' dir='ltr'>mo</span> <span class='ocrx_word' id='word_1_56' title='bbox 390 649 436 685; x_wconf 91' lang='lat' dir='ltr'>ad</span> <span class='ocrx_word' id='word_1_57' title='bbox 456 655 619 685; x_wconf 85' lang='lat' dir='ltr'>castrum</span> <span class='ocrx_word' id='word_1_58' title='bbox 640 649 773 685; x_wconf 82' lang='lat' dir='ltr'>Altum</span> <span class='ocrx_word' id='word_1_59' title='bbox 796 648 919 697; x_wconf 85' lang='lat' dir='ltr'>(locus</span> <span class='ocrx_word' id='word_1_60' title='bbox 939 656 996 685; x_wconf 88' lang='lat' dir='ltr'>cst</span> <span class='ocrx_word' id='word_1_61' title='bbox 1016 650 1174 698; x_wconf 86' lang='lat' dir='ltr'>insignis</span> <span class='ocrx_word' id='word_1_62' title='bbox 1196 649 1296 685; x_wconf 86' lang='lat' dir='ltr'>caede</span> <span class='ocrx_word' id='word_1_63' title='bbox 1316 661 1423 697; x_wconf 84' lang='lat' dir='ltr'>mag-</span> 
     </span>
     <span class='ocr_line' id='line_1_14' title="bbox 305 712 1425 757; baseline 0 -9"><span class='ocrx_word' id='word_1_64' title='bbox 305 713 346 749; x_wconf 84' lang='lat' dir='ltr'>ni</span> <span class='ocrx_word' id='word_1_65' title='bbox 376 712 625 757; x_wconf 82' lang='lat' dir='ltr'>Hamilcaris)</span> <span class='ocrx_word' id='word_1_66' title='bbox 649 719 773 748; x_wconf 85' lang='lat' dir='ltr'>castra</span> <span class='ocrx_word' id='word_1_67' title='bbox 802 713 969 749; x_wconf 86' lang='lat' dir='ltr'>Romani</span> <span class='ocrx_word' id='word_1_68' title='bbox 998 713 1177 750; x_wconf 87' lang='lat' dir='ltr'>habuere.</span> <span class='ocrx_word' id='word_1_69' title='bbox 1233 713 1315 748; x_wconf 82' lang='lat' dir='ltr'>Arx</span> <span class='ocrx_word' id='word_1_70' title='bbox 1344 717 1425 748; x_wconf 84' lang='lat' dir='ltr'>erat</span> 
     </span>
     <span class='ocr_line' id='line_1_15' title="bbox 305 777 1422 819; baseline -0.001 -7"><span class='ocrx_word' id='word_1_71' title='bbox 305 777 467 819; x_wconf 84' lang='lat' dir='ltr'>munita,</span> <span class='ocrx_word' id='word_1_72' title='bbox 503 784 541 812; x_wconf 88' lang='lat' dir='ltr'>et</span> <span class='ocrx_word' id='word_1_73' title='bbox 575 783 832 812; x_wconf 73' lang='lat' dir='ltr'>convexerant</span> <span class='ocrx_word' id='word_1_74' title='bbox 865 783 954 812; x_wconf 83' lang='lat' dir='ltr'>ante</span> <span class='ocrx_word' id='word_1_75' title='bbox 986 777 1217 812; x_wconf 85' lang='lat' dir='ltr'>frumentum</span> <span class='ocrx_word' id='word_1_76' title='bbox 1235 792 1242 812; x_wconf 92' lang='lat'>:</span> <span class='ocrx_word' id='word_1_77' title='bbox 1280 782 1422 819; x_wconf 84' lang='lat' dir='ltr'>tamen,</span> 
     </span>
     <span class='ocr_line' id='line_1_16' title="bbox 306 840 1423 890; baseline -0.001 -15"><span class='ocrx_word' id='word_1_78' title='bbox 306 841 394 888; x_wconf 79' lang='lat' dir='ltr'>quia</span> <span class='ocrx_word' id='word_1_79' title='bbox 427 841 556 876; x_wconf 88' lang='lat' dir='ltr'>omnia</span> <span class='ocrx_word' id='word_1_80' title='bbox 586 841 686 876; x_wconf 85' lang='lat' dir='ltr'>circa</span> <span class='ocrx_word' id='word_1_81' title='bbox 716 841 885 876; x_wconf 79' lang='lat' dir='ltr'>hostium</span> <span class='ocrx_word' id='word_1_82' title='bbox 920 840 1032 890; x_wconf 82' lang='lat' dir='ltr'>plena</span> <span class='ocrx_word' id='word_1_83' title='bbox 1062 849 1183 883; x_wconf 86' lang='lat' dir='ltr'>erant,</span> <span class='ocrx_word' id='word_1_84' title='bbox 1210 851 1423 888; x_wconf 84' lang='lat' dir='ltr'>agmenque</span> 
     </span>
     <span class='ocr_line' id='line_1_17' title="bbox 303 903 1422 954; baseline -0.001 -14"><span class='ocrx_word' id='word_1_85' title='bbox 303 903 524 948; x_wconf 85' lang='lat' dir='ltr'>Romanum</span> <span class='ocrx_word' id='word_1_86' title='bbox 544 905 685 954; x_wconf 87' lang='lat' dir='ltr'>inpune</span> <span class='ocrx_word' id='word_1_87' title='bbox 712 905 945 941; x_wconf 83' lang='lat' dir='ltr'>incursatum</span> <span class='ocrx_word' id='word_1_88' title='bbox 971 904 1017 941; x_wconf 91' lang='lat' dir='ltr'>ab</span> <span class='ocrx_word' id='word_1_89' title='bbox 1039 904 1228 953; x_wconf 78' lang='lat' dir='ltr'>equitibus</span> <span class='ocrx_word' id='word_1_90' title='bbox 1254 903 1422 940; x_wconf 89' lang='lat' dir='ltr'>hostium</span> 
     </span>
     <span class='ocr_line' id='line_1_18' title="bbox 304 967 1420 1017; baseline -0.001 -13"><span class='ocrx_word' id='word_1_91' title='bbox 304 969 442 1012; x_wconf 82' lang='lat' dir='ltr'>fuerat,</span> <span class='ocrx_word' id='word_1_92' title='bbox 465 976 502 1003; x_wconf 76' lang='lat' dir='ltr'>ct</span> <span class='ocrx_word' id='word_1_93' title='bbox 524 969 571 1004; x_wconf 88' lang='lat' dir='ltr'>ad</span> <span class='ocrx_word' id='word_1_94' title='bbox 591 969 666 1004; x_wconf 88' lang='lat' dir='ltr'>duo</span> <span class='ocrx_word' id='word_1_95' title='bbox 694 968 826 1011; x_wconf 85' lang='lat' dir='ltr'>millia,</span> <span class='ocrx_word' id='word_1_96' title='bbox 848 976 914 1004; x_wconf 87' lang='lat' dir='ltr'>aut</span> <span class='ocrx_word' id='word_1_97' title='bbox 941 975 1176 1004; x_wconf 84' lang='lat' dir='ltr'>moratorum</span> <span class='ocrx_word' id='word_1_98' title='bbox 1196 973 1261 1004; x_wconf 90' lang='lat' dir='ltr'>aut</span> <span class='ocrx_word' id='word_1_99' title='bbox 1287 967 1420 1017; x_wconf 88' lang='lat' dir='ltr'>palan-</span> 
     </span>
     <span class='ocr_line' id='line_1_19' title="bbox 304 1032 1422 1082; baseline -0.001 -14"><span class='ocrx_word' id='word_1_100' title='bbox 304 1033 400 1068; x_wconf 86' lang='lat' dir='ltr'>tium</span> <span class='ocrx_word' id='word_1_101' title='bbox 420 1046 485 1082; x_wconf 85' lang='lat' dir='ltr'>per</span> <span class='ocrx_word' id='word_1_102' title='bbox 501 1045 628 1081; x_wconf 84' lang='lat' dir='ltr'>agros,</span> <span class='ocrx_word' id='word_1_103' title='bbox 645 1033 860 1076; x_wconf 82' lang='lat' dir='ltr'>interfecta,</span> <span class='ocrx_word' id='word_1_104' title='bbox 878 1045 1022 1068; x_wconf 82' lang='lat' dir='ltr'>cessere</span> <span class='ocrx_word' id='word_1_105' title='bbox 1039 1033 1126 1068; x_wconf 89' lang='lat' dir='ltr'>inde</span> <span class='ocrx_word' id='word_1_106' title='bbox 1145 1032 1313 1068; x_wconf 87' lang='lat' dir='ltr'>Romani</span> <span class='ocrx_word' id='word_1_107' title='bbox 1333 1045 1422 1081; x_wconf 92' lang='lat' dir='ltr'>pro-</span> 
     </span>
     <span class='ocr_line' id='line_1_20' title="bbox 304 1097 1422 1146; baseline 0 -14"><span class='ocrx_word' id='word_1_108' title='bbox 304 1098 387 1146; x_wconf 88' lang='lat' dir='ltr'>pius</span> <span class='ocrx_word' id='word_1_109' title='bbox 404 1103 540 1145; x_wconf 86' lang='lat' dir='ltr'>pacata</span> <span class='ocrx_word' id='word_1_110' title='bbox 559 1098 657 1140; x_wconf 82' lang='lat' dir='ltr'>loca,</span> <span class='ocrx_word' id='word_1_111' title='bbox 675 1103 714 1132; x_wconf 86' lang='lat' dir='ltr'>et</span> <span class='ocrx_word' id='word_1_112' title='bbox 728 1097 776 1133; x_wconf 88' lang='lat' dir='ltr'>ad</span> <span class='ocrx_word' id='word_1_113' title='bbox 795 1104 965 1133; x_wconf 86' lang='lat' dir='ltr'>montem</span> <span class='ocrx_word' id='word_1_114' title='bbox 982 1097 1162 1133; x_wconf 63' lang='lat' dir='ltr'>Victoriae</span> <span class='ocrx_word' id='word_1_115' title='bbox 1179 1103 1302 1132; x_wconf 82' lang='lat' dir='ltr'>castra</span> <span class='ocrx_word' id='word_1_116' title='bbox 1318 1109 1422 1132; x_wconf 89' lang='lat' dir='ltr'>com-</span> 
     </span>
     <span class='ocr_line' id='line_1_21' title="bbox 305 1160 1424 1211; baseline 0 -16"><span class='ocrx_word' id='word_1_117' title='bbox 305 1162 510 1197; x_wconf 82' lang='lat' dir='ltr'>munivere.</span> <span class='ocrx_word' id='word_1_118' title='bbox 566 1161 626 1197; x_wconf 90' lang='lat' dir='ltr'>Eo</span> <span class='ocrx_word' id='word_1_119' title='bbox 655 1161 725 1197; x_wconf 85' lang='lat' dir='ltr'>Cn.</span> <span class='ocrx_word' id='word_1_120' title='bbox 741 1161 868 1211; x_wconf 87' lang='lat' dir='ltr'>Scipio</span> <span class='ocrx_word' id='word_1_121' title='bbox 900 1174 985 1197; x_wconf 89' lang='lat' dir='ltr'>cum</span> <span class='ocrx_word' id='word_1_122' title='bbox 1015 1160 1190 1197; x_wconf 85' lang='lat' dir='ltr'>omnibus</span> <span class='ocrx_word' id='word_1_123' title='bbox 1221 1161 1354 1210; x_wconf 88' lang='lat' dir='ltr'>copiis,</span> <span class='ocrx_word' id='word_1_124' title='bbox 1386 1166 1424 1196; x_wconf 87' lang='lat' dir='ltr'>et</span> 
     </span>
     <span class='ocr_line' id='line_1_22' title="bbox 305 1226 1424 1275; baseline 0 -14"><span class='ocrx_word' id='word_1_125' title='bbox 305 1226 524 1262; x_wconf 78' lang='lat' dir='ltr'>Hasdrubal</span> <span class='ocrx_word' id='word_1_126' title='bbox 545 1226 726 1275; x_wconf 80' lang='lat' dir='ltr'>Gisgonis</span> <span class='ocrx_word' id='word_1_127' title='bbox 749 1227 861 1269; x_wconf 78' lang='lat' dir='ltr'>filius,</span> <span class='ocrx_word' id='word_1_128' title='bbox 884 1228 1016 1262; x_wconf 88' lang='lat' dir='ltr'>tertius</span> <span class='ocrx_word' id='word_1_129' title='bbox 1040 1226 1424 1274; x_wconf 82' lang='lat' dir='ltr'>Karthaginiensium</span> 
     </span>
     <span class='ocr_line' id='line_1_23' title="bbox 306 1291 1424 1342; baseline -0.001 -16"><span class='ocrx_word' id='word_1_130' title='bbox 306 1291 394 1333; x_wconf 81' lang='lat' dir='ltr'>dux,</span> <span class='ocrx_word' id='word_1_131' title='bbox 420 1304 505 1327; x_wconf 88' lang='lat' dir='ltr'>cum</span> <span class='ocrx_word' id='word_1_132' title='bbox 533 1292 701 1327; x_wconf 84' lang='lat' dir='ltr'>exercitu</span> <span class='ocrx_word' id='word_1_133' title='bbox 719 1291 830 1342; x_wconf 87' lang='lat' dir='ltr'>justo</span> <span class='ocrx_word' id='word_1_134' title='bbox 858 1292 1032 1328; x_wconf 79' lang='lat' dir='ltr'>advenit:</span> <span class='ocrx_word' id='word_1_135' title='bbox 1066 1297 1273 1340; x_wconf 86' lang='lat' dir='ltr'>contraque</span> <span class='ocrx_word' id='word_1_136' title='bbox 1300 1297 1424 1327; x_wconf 82' lang='lat' dir='ltr'>castra</span> 
     </span>
     <span class='ocr_line' id='line_1_24' title="bbox 304 1354 1421 1404; baseline -0.001 -14"><span class='ocrx_word' id='word_1_137' title='bbox 304 1354 483 1392; x_wconf 81' lang='lat' dir='ltr'>Romana</span> <span class='ocrx_word' id='word_1_138' title='bbox 502 1363 605 1391; x_wconf 88' lang='lat' dir='ltr'>trans</span> <span class='ocrx_word' id='word_1_139' title='bbox 626 1355 779 1391; x_wconf 86' lang='lat' dir='ltr'>fluvium</span> <span class='ocrx_word' id='word_1_140' title='bbox 798 1369 929 1392; x_wconf 84' lang='lat' dir='ltr'>omnes</span> <span class='ocrx_word' id='word_1_141' title='bbox 947 1356 1163 1392; x_wconf 81' lang='lat' dir='ltr'>consedere.</span> <span class='ocrx_word' id='word_1_142' title='bbox 1220 1355 1263 1391; x_wconf 92' lang='lat' dir='ltr'>P.</span> <span class='ocrx_word' id='word_1_143' title='bbox 1278 1355 1421 1404; x_wconf 84' lang='lat' dir='ltr'>Scipio,</span> 
     </span>
     <span class='ocr_line' id='line_1_25' title="bbox 304 1419 1420 1471; baseline -0.001 -16"><span class='ocrx_word' id='word_1_144' title='bbox 304 1433 388 1455; x_wconf 88' lang='lat' dir='ltr'>cum</span> <span class='ocrx_word' id='word_1_145' title='bbox 410 1421 594 1470; x_wconf 86' lang='lat' dir='ltr'>expeditis</span> <span class='ocrx_word' id='word_1_146' title='bbox 615 1420 711 1456; x_wconf 86' lang='lat' dir='ltr'>clam</span> <span class='ocrx_word' id='word_1_147' title='bbox 738 1420 930 1471; x_wconf 77' lang='lat' dir='ltr'>profectus</span> <span class='ocrx_word' id='word_1_148' title='bbox 958 1421 1004 1456; x_wconf 87' lang='lat' dir='ltr'>ad</span> <span class='ocrx_word' id='word_1_149' title='bbox 1024 1420 1109 1456; x_wconf 89' lang='lat' dir='ltr'>loca</span> <span class='ocrx_word' id='word_1_150' title='bbox 1135 1421 1234 1455; x_wconf 86' lang='lat' dir='ltr'>circa</span> <span class='ocrx_word' id='word_1_151' title='bbox 1253 1419 1420 1462; x_wconf 87' lang='lat' dir='ltr'>visenda,</span> 
     </span>
     <span class='ocr_line' id='line_1_26' title="bbox 303 1483 1422 1534; baseline 0 -16"><span class='ocrx_word' id='word_1_152' title='bbox 303 1483 405 1519; x_wconf 84' lang='lat' dir='ltr'>haud</span> <span class='ocrx_word' id='word_1_153' title='bbox 423 1483 557 1519; x_wconf 81' lang='lat' dir='ltr'>fefellit</span> <span class='ocrx_word' id='word_1_154' title='bbox 574 1484 701 1520; x_wconf 82' lang='lat' dir='ltr'>hostes</span> <span class='ocrx_word' id='word_1_155' title='bbox 718 1498 725 1519; x_wconf 80' lang='lat' dir='ltr'><em>z</em></span> <span class='ocrx_word' id='word_1_156' title='bbox 759 1484 1109 1534; x_wconf 84' lang='lat' dir='ltr'>obpressissentque</span> <span class='ocrx_word' id='word_1_157' title='bbox 1126 1496 1211 1519; x_wconf 86' lang='lat' dir='ltr'>eum</span> <span class='ocrx_word' id='word_1_158' title='bbox 1230 1484 1268 1518; x_wconf 90' lang='lat' dir='ltr'>in</span> <span class='ocrx_word' id='word_1_159' title='bbox 1289 1490 1422 1532; x_wconf 87' lang='lat' dir='ltr'>paten-</span> 
     </span>
     <span class='ocr_line' id='line_1_27' title="bbox 303 1546 1422 1598; baseline -0.002 -15"><span class='ocrx_word' id='word_1_160' title='bbox 303 1547 405 1584; x_wconf 85' lang='lat' dir='ltr'>tibus</span> <span class='ocrx_word' id='word_1_161' title='bbox 426 1549 583 1598; x_wconf 85' lang='lat' dir='ltr'>campis,</span> <span class='ocrx_word' id='word_1_162' title='bbox 601 1549 639 1583; x_wconf 89' lang='lat' dir='ltr'>ni</span> <span class='ocrx_word' id='word_1_163' title='bbox 659 1547 847 1584; x_wconf 86' lang='lat' dir='ltr'>tumulum</span> <span class='ocrx_word' id='word_1_164' title='bbox 863 1549 900 1584; x_wconf 93' lang='lat' dir='ltr'>in</span> <span class='ocrx_word' id='word_1_165' title='bbox 922 1549 1135 1598; x_wconf 85' lang='lat' dir='ltr'>propinquo</span> <span class='ocrx_word' id='word_1_166' title='bbox 1153 1547 1335 1597; x_wconf 87' lang='lat' dir='ltr'>cepisset:</span> <span class='ocrx_word' id='word_1_167' title='bbox 1369 1546 1422 1582; x_wconf 92' lang='lat' dir='ltr'>ibi</span> 
     </span>
     <span class='ocr_line' id='line_1_28' title="bbox 305 1611 1422 1660; baseline -0.001 -13"><span class='ocrx_word' id='word_1_168' title='bbox 305 1624 455 1660; x_wconf 82' lang='lat' dir='ltr'>quoque</span> <span class='ocrx_word' id='word_1_169' title='bbox 483 1613 749 1648; x_wconf 83' lang='lat' dir='ltr'>circumsessus</span> <span class='ocrx_word' id='word_1_170' title='bbox 777 1612 941 1648; x_wconf 86' lang='lat' dir='ltr'>adventu</span> <span class='ocrx_word' id='word_1_171' title='bbox 962 1612 1088 1647; x_wconf 83' lang='lat' dir='ltr'>fratris</span> <span class='ocrx_word' id='word_1_172' title='bbox 1117 1611 1316 1647; x_wconf 88' lang='lat' dir='ltr'>obsidione</span> <span class='ocrx_word' id='word_1_173' title='bbox 1343 1612 1422 1646; x_wconf 84' lang='lat' dir='ltr'>exi-</span> 
     </span>
     <span class='ocr_line' id='line_1_29' title="bbox 305 1674 1423 1725; baseline -0.001 -15"><span class='ocrx_word' id='word_1_174' title='bbox 305 1676 430 1710; x_wconf 78' lang='lat' dir='ltr'>mitur.</span> <span class='ocrx_word' id='word_1_175' title='bbox 490 1675 648 1711; x_wconf 83' lang='lat' dir='ltr'>Castulo</span> <span class='ocrx_word' id='word_1_176' title='bbox 670 1675 757 1711; x_wconf 88' lang='lat' dir='ltr'>urbs</span> <span class='ocrx_word' id='word_1_177' title='bbox 780 1675 977 1725; x_wconf 78' lang='lat' dir='ltr'>Hispaniae</span> <span class='ocrx_word' id='word_1_178' title='bbox 999 1675 1121 1711; x_wconf 86' lang='lat' dir='ltr'>valida</span> <span class='ocrx_word' id='word_1_179' title='bbox 1146 1687 1188 1711; x_wconf 89' lang='lat' dir='ltr'>ac</span> <span class='ocrx_word' id='word_1_180' title='bbox 1208 1674 1362 1718; x_wconf 88' lang='lat' dir='ltr'>nobilis,</span> <span class='ocrx_word' id='word_1_181' title='bbox 1384 1681 1423 1710; x_wconf 86' lang='lat' dir='ltr'>et</span> 
     </span>
     <span class='ocr_line' id='line_1_30' title="bbox 304 1737 1422 1789; baseline -0.001 -14"><span class='ocrx_word' id='word_1_182' title='bbox 304 1739 399 1775; x_wconf 64' lang='lat' dir='ltr'>adeo</span> <span class='ocrx_word' id='word_1_183' title='bbox 420 1739 626 1789; x_wconf 79' lang='lat' dir='ltr'>conjuncta</span> <span class='ocrx_word' id='word_1_184' title='bbox 647 1739 830 1774; x_wconf 86' lang='lat' dir='ltr'>societate</span> <span class='ocrx_word' id='word_1_185' title='bbox 849 1738 994 1781; x_wconf 76' lang='lat' dir='ltr'>Poenis,</span> <span class='ocrx_word' id='word_1_186' title='bbox 1018 1745 1057 1775; x_wconf 85' lang='lat' dir='ltr'>ut</span> <span class='ocrx_word' id='word_1_187' title='bbox 1083 1752 1178 1775; x_wconf 82' lang='lat' dir='ltr'>uxor</span> <span class='ocrx_word' id='word_1_188' title='bbox 1204 1739 1291 1774; x_wconf 85' lang='lat' dir='ltr'>inde</span> <span class='ocrx_word' id='word_1_189' title='bbox 1312 1737 1422 1774; x_wconf 89' lang='lat' dir='ltr'>Han-</span> 
     </span>
     <span class='ocr_line' id='line_1_31' title="bbox 304 1802 1420 1850; baseline 0 -13"><span class='ocrx_word' id='word_1_190' title='bbox 304 1803 419 1838; x_wconf 81' lang='lat' dir='ltr'>nibali</span> <span class='ocrx_word' id='word_1_191' title='bbox 449 1810 561 1845; x_wconf 73' lang='lat' dir='ltr'>esset,</span> <span class='ocrx_word' id='word_1_192' title='bbox 583 1803 629 1838; x_wconf 83' lang='lat' dir='ltr'>ad</span> <span class='ocrx_word' id='word_1_193' title='bbox 649 1802 848 1838; x_wconf 84' lang='lat' dir='ltr'>Romanos</span> <span class='ocrx_word' id='word_1_194' title='bbox 870 1802 1019 1838; x_wconf 84' lang='lat' dir='ltr'>defecit.</span> <span class='ocrx_word' id='word_1_195' title='bbox 1077 1803 1420 1850; x_wconf 81' lang='lat' dir='ltr'>Karthaginienses</span> 
     </span>
     <span class='ocr_line' id='line_1_32' title="bbox 303 1865 1421 1916; baseline 0 -15"><span class='ocrx_word' id='word_1_196' title='bbox 303 1866 496 1915; x_wconf 75' lang='lat' dir='ltr'>llliturgin</span> <span class='ocrx_word' id='word_1_197' title='bbox 517 1867 738 1916; x_wconf 86' lang='lat' dir='ltr'>obpugnare</span> <span class='ocrx_word' id='word_1_198' title='bbox 758 1866 894 1909; x_wconf 85' lang='lat' dir='ltr'>adorti,</span> <span class='ocrx_word' id='word_1_199' title='bbox 916 1867 1004 1915; x_wconf 87' lang='lat' dir='ltr'>quia</span> <span class='ocrx_word' id='word_1_200' title='bbox 1030 1867 1246 1916; x_wconf 72' lang='lat' dir='ltr'>praesidium</span> <span class='ocrx_word' id='word_1_201' title='bbox 1265 1866 1317 1901; x_wconf 85' lang='lat' dir='ltr'>ibi</span> <span class='ocrx_word' id='word_1_202' title='bbox 1339 1865 1421 1901; x_wconf 90' lang='lat' dir='ltr'>Ro-</span> 
     </span>
     <span class='ocr_line' id='line_1_33' title="bbox 303 1929 1420 1979; baseline -0.001 -13"><span class='ocrx_word' id='word_1_203' title='bbox 303 1943 456 1966; x_wconf 84' lang='lat' dir='ltr'>manum</span> <span class='ocrx_word' id='word_1_204' title='bbox 477 1937 579 1965; x_wconf 87' lang='lat' dir='ltr'>erat:</span> <span class='ocrx_word' id='word_1_205' title='bbox 613 1929 913 1979; x_wconf 85' lang='lat' dir='ltr'>videbanturque</span> <span class='ocrx_word' id='word_1_206' title='bbox 933 1930 1064 1979; x_wconf 87' lang='lat' dir='ltr'>inopia</span> <span class='ocrx_word' id='word_1_207' title='bbox 1084 1943 1168 1966; x_wconf 87' lang='lat' dir='ltr'>eum</span> <span class='ocrx_word' id='word_1_208' title='bbox 1194 1929 1319 1965; x_wconf 86' lang='lat' dir='ltr'>locum</span> <span class='ocrx_word' id='word_1_209' title='bbox 1340 1941 1420 1966; x_wconf 84' lang='lat' dir='ltr'>ma-</span> 
     </span>
     <span class='ocr_line' id='line_1_34' title="bbox 302 1995 1420 2044; baseline 0 -15"><span class='ocrx_word' id='word_1_210' title='bbox 302 1995 402 2030; x_wconf 85' lang='lat' dir='ltr'>xime</span> <span class='ocrx_word' id='word_1_211' title='bbox 423 1995 689 2044; x_wconf 71' lang='lat' dir='ltr'>cxpugnaturi.</span> <span class='ocrx_word' id='word_1_212' title='bbox 732 1995 801 2030; x_wconf 83' lang='lat' dir='ltr'>Cn.</span> <span class='ocrx_word' id='word_1_213' title='bbox 821 1995 962 2044; x_wconf 79' lang='lat' dir='ltr'>Scipio,</span> <span class='ocrx_word' id='word_1_214' title='bbox 983 2002 1021 2030; x_wconf 87' lang='lat' dir='ltr'>ut</span> <span class='ocrx_word' id='word_1_215' title='bbox 1042 1995 1153 2030; x_wconf 83' lang='lat' dir='ltr'>sociis</span> <span class='ocrx_word' id='word_1_216' title='bbox 1170 1995 1420 2044; x_wconf 72' lang='lat' dir='ltr'>praesidioque</span> 
     </span>
     <span class='ocr_line' id='line_1_35' title="bbox 300 2058 1420 2109; baseline 0.001 -15"><span class='ocrx_word' id='word_1_217' title='bbox 300 2058 415 2094; x_wconf 81' lang='lat' dir='ltr'>ferret</span> <span class='ocrx_word' id='word_1_218' title='bbox 446 2071 571 2109; x_wconf 86' lang='lat' dir='ltr'>opem,</span> <span class='ocrx_word' id='word_1_219' title='bbox 597 2071 682 2095; x_wconf 92' lang='lat' dir='ltr'>cum</span> <span class='ocrx_word' id='word_1_220' title='bbox 706 2059 858 2108; x_wconf 84' lang='lat' dir='ltr'>legione</span> <span class='ocrx_word' id='word_1_221' title='bbox 889 2060 1064 2109; x_wconf 79' lang='lat' dir='ltr'>expedita</span> <span class='ocrx_word' id='word_1_222' title='bbox 1094 2059 1299 2109; x_wconf 76' lang='lat' dir='ltr'>profectuS,</span> <span class='ocrx_word' id='word_1_223' title='bbox 1321 2060 1420 2095; x_wconf 82' lang='lat' dir='ltr'>inter</span> 
     </span>
     <span class='ocr_line' id='line_1_36' title="bbox 300 2123 1419 2172; baseline 0 -14"><span class='ocrx_word' id='word_1_224' title='bbox 300 2123 393 2158; x_wconf 80' lang='lat' dir='ltr'>bina</span> <span class='ocrx_word' id='word_1_225' title='bbox 412 2130 537 2158; x_wconf 73' lang='lat' dir='ltr'>castra</span> <span class='ocrx_word' id='word_1_226' title='bbox 556 2137 641 2159; x_wconf 89' lang='lat' dir='ltr'>cum</span> <span class='ocrx_word' id='word_1_227' title='bbox 662 2137 801 2172; x_wconf 78' lang='lat' dir='ltr'>magna</span> <span class='ocrx_word' id='word_1_228' title='bbox 820 2124 918 2160; x_wconf 80' lang='lat' dir='ltr'>caedc</span> <span class='ocrx_word' id='word_1_229' title='bbox 939 2125 1107 2160; x_wconf 83' lang='lat' dir='ltr'>hostium</span> <span class='ocrx_word' id='word_1_230' title='bbox 1134 2124 1264 2159; x_wconf 85' lang='lat' dir='ltr'>urbem</span> <span class='ocrx_word' id='word_1_231' title='bbox 1285 2130 1342 2159; x_wconf 78' lang='lat' dir='ltr'>est</span> <span class='ocrx_word' id='word_1_232' title='bbox 1361 2124 1419 2158; x_wconf 90' lang='lat' dir='ltr'>in-</span> 
     </span>
     <span class='ocr_line' id='line_1_37' title="bbox 299 2187 1419 2238; baseline 0.003 -17"><span class='ocrx_word' id='word_1_233' title='bbox 299 2199 463 2235; x_wconf 75' lang='lat' dir='ltr'>greSSuS,</span> <span class='ocrx_word' id='word_1_234' title='bbox 485 2192 523 2222; x_wconf 87' lang='lat' dir='ltr'>et</span> <span class='ocrx_word' id='word_1_235' title='bbox 541 2192 696 2238; x_wconf 83' lang='lat' dir='ltr'>postero</span> <span class='ocrx_word' id='word_1_236' title='bbox 716 2187 778 2224; x_wconf 81' lang='lat' dir='ltr'>die</span> <span class='ocrx_word' id='word_1_237' title='bbox 804 2189 1002 2238; x_wconf 81' lang='lat' dir='ltr'>eruptione</span> <span class='ocrx_word' id='word_1_238' title='bbox 1023 2201 1127 2237; x_wconf 84' lang='lat' dir='ltr'>aeque</span> <span class='ocrx_word' id='word_1_239' title='bbox 1145 2187 1245 2223; x_wconf 89' lang='lat' dir='ltr'>felici</span> <span class='ocrx_word' id='word_1_240' title='bbox 1271 2200 1419 2237; x_wconf 84' lang='lat' dir='ltr'>pugna-</span> 
     </span>
     <span class='ocr_line' id='line_1_38' title="bbox 299 2251 1416 2302; baseline 0 -16"><span class='ocrx_word' id='word_1_241' title='bbox 299 2252 365 2287; x_wconf 78' lang='lat' dir='ltr'>vit.</span> <span class='ocrx_word' id='word_1_242' title='bbox 426 2251 548 2302; x_wconf 84' lang='lat' dir='ltr'>Supra</span> <span class='ocrx_word' id='word_1_243' title='bbox 567 2252 767 2287; x_wconf 87' lang='lat' dir='ltr'>duodecim</span> <span class='ocrx_word' id='word_1_244' title='bbox 791 2252 911 2287; x_wconf 85' lang='lat' dir='ltr'>millia</span> <span class='ocrx_word' id='word_1_245' title='bbox 937 2252 1135 2287; x_wconf 88' lang='lat' dir='ltr'>hominum</span> <span class='ocrx_word' id='word_1_246' title='bbox 1154 2263 1251 2286; x_wconf 69' lang='lat' dir='ltr'>cassa</span> <span class='ocrx_word' id='word_1_247' title='bbox 1270 2251 1416 2287; x_wconf 87' lang='lat' dir='ltr'>duobus</span> 
     </span>
     <span class='ocr_line' id='line_1_39' title="bbox 298 2315 1416 2367; baseline 0.001 -17"><span class='ocrx_word' id='word_1_248' title='bbox 298 2315 465 2365; x_wconf 77' lang='lat' dir='ltr'>proeliis:</span> <span class='ocrx_word' id='word_1_249' title='bbox 499 2315 582 2366; x_wconf 90' lang='lat' dir='ltr'>plus</span> <span class='ocrx_word' id='word_1_250' title='bbox 609 2316 713 2352; x_wconf 86' lang='lat' dir='ltr'>mille</span> <span class='ocrx_word' id='word_1_251' title='bbox 741 2317 855 2367; x_wconf 86' lang='lat' dir='ltr'>capti,</span> <span class='ocrx_word' id='word_1_252' title='bbox 877 2330 963 2353; x_wconf 89' lang='lat' dir='ltr'>cum</span> <span class='ocrx_word' id='word_1_253' title='bbox 990 2329 1055 2353; x_wconf 87' lang='lat' dir='ltr'>sex</span> <span class='ocrx_word' id='word_1_254' title='bbox 1076 2323 1114 2352; x_wconf 86' lang='lat' dir='ltr'>et</span> <span class='ocrx_word' id='word_1_255' title='bbox 1139 2316 1298 2364; x_wconf 79' lang='lat' dir='ltr'>triginta</span> <span class='ocrx_word' id='word_1_256' title='bbox 1318 2315 1416 2351; x_wconf 84' lang='lat' dir='ltr'>mili·-</span> 
     </span>
    </p>
   </div>
  </div>
 </body>
</html>
