1527 2661
326 197 479 225 LIBER
503 196 612 224 xxl.
645 196 751 223 CAP.
775 196 894 223 XXV.
1092 194 1170 237 179

67 287 181 330 ditur,
211 293 248 323 et
284 286 331 323 ad
359 285 537 335 oppidum
573 284 715 320 Illiberi
744 291 867 320 castra
895 283 1008 320 locat.
1065 283 1165 320 Galli
1179 287 1268 316 U.C.
1287 294 1360 317 ⁵³4.

68 362 293 398 quamquam
315 348 434 384 Italiae
459 347 599 383 bellum
624 346 753 382 inferri
779 346 996 389 audiebant,
1022 353 1164 389 tamen,
1176 330 1216 360 A·
1233 329 1270 360 C·
1286 335 1360 359 ²²⁸·

66 413 154 461 quia
182 414 218 449 vi
247 413 422 449 subactos
453 417 556 446 trans
589 410 811 459 Pyrenaeum
840 408 1034 459 Hispanos
1064 409 1167 445 fama

67 482 160 518 erat,
182 476 428 525 praesidiaque
446 474 569 510 valida
587 474 766 523 inposita,
787 480 890 509 metu
909 474 1098 509 servitutis
1119 472 1167 508 ad

66 552 169 575 arma
198 539 442 580 consternati,
462 537 719 573 Ruscinonem
749 536 894 585 aliquot
922 535 1052 586 populi
1072 549 1165 572 con-

64 604 244 638 veniunt:
275 603 376 651 quod
402 602 465 637 ubi
495 600 706 637 Hannibali
734 601 954 636 nunciatum
985 608 1054 644 est,
1083 613 1164 636 mo-
1178 600 1360 649 G³¹¹9⁵.³ib¹

65 679 145 702 ram
173 667 305 714 magis,
327 678 438 714 quam
456 664 609 706 bellum,
630 670 814 706 metuens,
836 670 1003 699 oratores
1031 664 1077 700 ad
1106 677 1164 700 re·
1177 643 1336 674 confflm'

65 729 172 777 gulos
201 741 331 765 eorum
360 729 476 770 misit,
498 729 663 775 conloqui
689 732 799 763 semet
825 729 942 774 ipsum
970 729 1059 763 velle
1087 740 1165 763 cum

64 791 117 827 his
127 808 138 834 ,-
168 796 204 827 et
223 792 279 827 vel
296 792 351 826 illi
374 792 519 838 propius
538 790 674 825 Illiberi
698 790 916 832 accederent,
937 791 993 825 vel
1016 802 1052 825 se
1074 791 1165 826 Rus-

63 855 222 890 cinonem
245 865 504 901 processurum,
526 857 565 887 ut
593 863 634 887 ex
658 853 862 900 propinquo
879 864 1077 899 congressus
1094 853 1164 901 fa-

63 918 163 953 cilior
190 921 301 952 esset:
327 928 411 951 nam
439 920 474 951 et
492 920 718 962 accepturu-m
746 927 802 950 eos
830 917 866 950 in
894 920 1012 951 castra
1037 928 1103 952 sua
1129 928 1165 951 se

61 982 192 1022 laetum,
209 992 273 1016 nec
291 984 496 1016 cunctanter
508 991 544 1014 se
562 981 676 1027 ipsum
695 980 744 1014 ad
760 991 817 1014 eos
827 983 1023 1015 venturum.
1069 980 1163 1016 Hos—

60 1046 173 1092 pitem
207 1046 301 1079 enim
335 1056 372 1079 se
404 1044 544 1085 Galliae,
582 1055 651 1078 non
688 1043 834 1085 hostem,
871 1044 1075 1079 advenisse:
1102 1055 1165 1079 nec

61 1110 264 1144 stricturum
292 1113 374 1143 ante
399 1109 574 1154 gladium,
604 1109 634 1143 si
658 1119 724 1155 per
758 1108 881 1143 Gallos
911 1108 1030 1150 liceat,
1058 1121 1166 1156 quam

63 1173 101 1207 in
134 1172 283 1207 Italiam
310 1173 468 1206 venisset.
524 1170 576 1205 Et
608 1183 674 1220 per
706 1172 864 1206 nuncios
893 1171 1043 1220 quidem
1070 1172 1164 1208 haec.

66 1234 121 1270 Ut
149 1246 235 1269 vero
265 1232 383 1281 reguli
412 1232 621 1275 Gallorum,
652 1234 783 1268 castris
812 1234 859 1269 ad
886 1233 1069 1270 Illiberim
1098 1247 1162 1270 ex·

63 1295 204 1345 templo
233 1296 359 1337 motis,
389 1295 489 1330 haud
515 1302 666 1343 gravate
696 1296 741 1331 ad
764 1296 924 1332 Poenum
953 1303 1159 1342 venerunt;

64 1360 164 1408 capti
197 1359 319 1401 donis,
351 1372 435 1394 cum
470 1358 572 1394 bona
607 1371 698 1408 pace
732 1361 936 1395 exercitum
973 1373 1039 1409 per
1071 1361 1161 1398 fines

62 1434 148 1458 suos
168 1428 302 1471 praeter
320 1421 579 1456 Ruscinonem
599 1421 777 1471 oppidum
797 1424 1096 1460 transmiserunt.

115 1485 244 1521 XXV.
274 1484 319 1520 In
340 1484 491 1520 Italiam
516 1486 667 1520 interim
686 1485 780 1520 nihil
807 1485 917 1529 ultra,
939 1499 1051 1534 quam
1074 1486 1162 1523 Ibe-

63 1561 143 1584 rum
169 1549 347 1584 transisse
374 1548 643 1591 Hannibalem,
669 1561 689 1584 a
707 1548 1002 1586 Massiliensium
1029 1550 1161 1599 legatis

60 1611 221 1647 Romam
251 1611 434 1660 perlatum
461 1617 564 1647 erat:
597 1625 711 1660 quum
737 1612 905 1661 perinde,
926 1626 969 1649 ac
998 1615 1029 1649 si
1046 1614 1161 1665 Alpes

54 1674 136 1724 jam
160 1675 370 1717 transisset,
397 1674 499 1717 Boii,
523 1674 733 1710 sollicitatis
755 1675 992 1719 Insubribus,
1013 1678 1158 1714 defece·
1174 1686 1240 1716 Boii
1256 1686 1287 1716 in
1306 1687 1367 1717 Ita—

1171 1729 1212 1758 lia
1228 1729 1327 1759 rebel-

62 1744 173 1782 runt3
204 1750 273 1772 nec
309 1744 386 1773 tam
415 1738 463 1773 ob
493 1744 634 1774 veteres
664 1740 703 1774 in
732 1740 913 1788 populum
940 1740 1238 1802 Romanumlant

62 1800 150 1842 iras,
180 1812 291 1848 quam
320 1800 420 1847 quod
457 1812 575 1849 nuper
607 1801 704 1855 circa
733 1802 890 1845 Padum,
925 1802 1158 1841 Placentiam

65 1863 363 1911 Cremonamque
392 1863 559 1899 colonias
590 1865 626 1899 in
654 1877 784 1912 agrum
804 1865 992 1902 Gallicum
1020 1868 1157 1904 deduc-

63 1932 118 1961 tas
153 1938 249 1974 aegre
285 1926 535 1975 patiebantur.
591 1927 738 1976 Itaque,
772 1929 884 1964 armis
911 1937 1065 1979 repente
1093 1932 1159 1967 ad-

60 1989 189 2038 reptis,
218 1990 257 2025 in
286 2002 370 2025 eum
398 1991 517 2039 ipsum
547 2003 679 2039 agrum
707 1992 836 2041 inpetu
864 1992 981 2035 facto,
1010 2000 1159 2032 tantum

58 2053 211 2088 terroris
231 2065 275 2089 ac
299 2054 481 2089 tumultus
500 2054 685 2096 fecerunt,
706 2061 745 2090 ut
765 2067 842 2090 non
861 2057 1016 2103 agrestis
1044 2059 1159 2095 modo

59 2114 274 2159 multitudo,
296 2116 360 2151 sed
378 2117 448 2165 ipsi
474 2117 659 2152 triumviri
677 2116 856 2160 Romani,
878 2119 940 2166 qui
960 2119 1006 2154 ad
1025 2132 1156 2167 agrum

58 2186 236 2216 venerant
273 2180 558 2228 adsignandum,
586 2181 691 2216 diffisi
720 2181 923 2217 Placentiae
956 2184 1159 2227 moenibus,

59 2241 248 2278 Mutinam
275 2242 528 2291 confugerint,
557 2244 599 2279 C.
620 2243 811 2287 Lutatius,
832 2244 874 2281 C.
903 2245 1093 2289 Servilius,
1113 2246 1160 2284 Τ.

582 2305 601 2342 1
623 2305 644 2342 6
