1527 2661
384 180 533 209 mmm
558 179 687 206 xxn.
719 177 950 206 CAP.L1x.
1130 175 1209 218 295

121 273 256 320 scripti,
286 270 418 318 inquit,
438 281 539 305 nemo
565 268 722 305 nostram
750 270 905 316 ignorat,
925 267 1018 303 nulli
1044 277 1211 313 umquam
1224 273 1314 306 U,C.
1331 278 1404 305 536.

121 337 258 373 civitati
280 336 421 370 viliores
438 332 555 382 fuisse
583 334 751 381 captivos,
781 344 887 379 quam
916 336 1052 367 nostrae.
1111 329 1211 365 Cete-
1224 318 1400 350 A·C·²¹⁶·

121 412 211 442 rum,
231 400 300 435 nisi
316 398 412 434 nobis
426 399 509 445 plus
517 395 616 443 justo
635 401 752 433 nostra
768 397 888 444 placet
907 407 1043 437 caussa,
1059 405 1129 429 non
1148 393 1214 429 alii

119 475 285 511 umquam
304 464 416 498 minus
433 462 633 509 negligendi
657 461 762 503 vobis,
784 473 890 509 quam
907 472 980 502 nos,
1001 461 1037 495 in
1063 459 1213 494 hostium

114 532 326 576 potestatem
343 530 512 562 venerunt
523 541 534 561 :
562 537 632 560 non
646 526 738 560 enim
754 527 787 560 in
809 514 882 560 acie
896 536 962 573 per
978 525 1137 559 timorem
1152 534 1211 558 ar·

116 604 177 628 ma
206 592 439 634 tradidimu85
467 591 537 631 sed,
569 602 675 638 quum
698 602 809 638 prope
838 590 886 626 ad
920 593 1056 625 noctem
1090 599 1212 636 super-

116 660 247 692 stantes
266 655 413 691 cumulis
431 665 593 690 ccesorum
619 665 803 701 corporum
818 654 983 701 proelium
1005 652 1212 688 extraxisse-

117 731 206 761 mus,
228 720 263 754 in
281 722 396 753 castra
410 718 603 764 recepimus
620 729 690 753 nos.
720 717 809 752 Diei
819 717 1000 765 ⁴reliquum
1019 728 1062 751 ac
1080 719 1214 751 noctem

121 784 364 831 insequentem,
384 781 477 829 fessi
505 781 623 816 labore
650 793 690 817 ac
708 781 917 823 vulneribus,
937 781 1070 816 vallum
1097 792 1214 815 sumus

119 848 238 883 tutati.
293 846 440 881 Postero
459 844 528 886 die,
549 856 656 892 quum
674 845 886 880 circumsessi
908 844 951 879 ab
969 845 1123 879 exercitu
1141 845 1214 879 vic-

121 915 196 948 tore
214 923 308 958 aqua
328 921 540 951 arceremur,
559 920 622 944 nec
640 909 716 945 ulla
725 907 804 955 jam
827 920 893 956 per
912 907 1086 956 confertos
1104 908 1216 943 hostes

119 976 325 1024 erumpendi
351 985 426 1022 spes
454 978 551 1015 esset,
572 985 634 1009 nec
662 985 731 1009 esse
758 972 859 1021 nefas
877 974 1091 1015 duceremus,
1113 973 1215 1019 quin-

120 1042 292 1090 quaginta
319 1039 473 1074 millibus
501 1037 680 1073 hominum
699 1049 741 1073 ex
768 1039 842 1073 acie
869 1042 990 1073 nostra
1016 1037 1214 1079 trucidatis,

120 1106 271 1152 aliquem
290 1115 331 1138 ex
352 1103 525 1138 Cannensi
539 1113 664 1149 pugna
679 1101 881 1136 Romanum
896 1101 1042 1136 militem
1060 1104 1192 1135 restare
1202 1116 1215 1143 ,-

123 1174 198 1205 tum
217 1169 356 1203 demum
372 1167 472 1214 pacti
488 1177 606 1201 sumus
619 1167 787 1213 pretium,
810 1177 876 1213 quo
894 1166 1043 1200 redemti
1061 1165 1215 1199 dimitte-

119 1245 262 1269 remur:
290 1243 404 1273 arma,
435 1231 471 1266 in
499 1230 620 1278 quib-us
646 1230 736 1265 nihil
754 1228 834 1276 jam
864 1231 990 1265 auxilii
1011 1233 1100 1270 erat,
1127 1227 1219 1263 hosti

122 1297 342 1333 tradidimus.
398 1293 554 1341 Majores
571 1306 707 1342 quoque
731 1305 975 1341 acceperamus
998 1305 1033 1328 se
1058 1304 1080 1328 a
1104 1292 1219 1327 Gallis

120 1373 208 1398 auro
235 1361 442 1397 redemisse:
470 1364 504 1394 et
526 1363 649 1406 patres
666 1363 806 1400 vestros,
837 1359 1046 1405 asperrimos
1064 1358 1143 1392 illos
1170 1357 1218 1392 ad

120 1426 350 1462 conditionem
368 1425 479 1472 pacis,
501 1424 634 1470 legatos
659 1427 777 1458 tamen
797 1423 1015 1469 captivorum
1039 1422 1215 1457 redimen-

121 1490 244 1525 dorum
262 1489 384 1536 gratia
407 1488 600 1522 Tarentum
627 1487 781 1522 misisse:
809 1487 922 1532 atqui,
949 1489 984 1521 et
1009 1485 1057 1520 acl
1079 1485 1217 1520 Alliam

121 1567 198 1590 cum
222 1555 348 1596 Gallis,
365 1558 400 1588 et
417 1554 466 1588 ad
484 1552 696 1588 Heracleam
711 1563 789 1587 cum
806 1550 960 1598 Pyrrho,
977 1554 1128 1597 utraque
1145 1560 1216 1584 non

123 1624 195 1654 tam
215 1619 314 1655 clade
339 1617 496 1666 infamis,
517 1628 623 1664 quam
645 1627 777 1664 pavore
796 1614 958 1663 acfuga,
982 1625 1108 1661 pugna
1122 1612 1215 1661 fuit.

123 1683 314 1718 Cannenses
329 1693 470 1729 campos
483 1681 598 1716 acervi
612 1680 856 1715 Romanorum
871 1690 1056 1727 corporum
1072 1681 1192 1725 tegunt
1205 1692 1216 1712 .-

120 1758 182 1783 nec
196 1758 414 1794 supersumus
427 1757 566 1792 pugnae,
583 1745 651 1779 nisi
664 1746 701 1779 in
717 1744 837 1790 quibus
857 1743 1077 1779 trucidandis
1091 1746 1125 1776 et
1132 1740 1216 1789 ser-

120 1822 199 1846 rum
218 1814 252 1845 et
270 1810 359 1844 vires
378 1808 509 1844 hostem
529 1807 740 1856 defecerunt.
788 1807 880 1842 Sunt
905 1808 1012 1842 etiam
1032 1807 1074 1841 de
1092 1806 1218 1841 nostris

120 1875 277 1924 quidam,
299 1874 359 1921 qui
376 1885 419 1908 ne
436 1874 473 1908 in
492 1873 568 1908 acie
585 1873 725 1920 quidem
747 1871 976 1919 refugerunt.-
1003 1871 1076 1912 sed,
1094 1871 1217 1917 proesi-

123 1940 182 1975 dio
201 1939 324 1974 castris
342 1938 468 1979 relicti,
489 1949 594 1984 quum
612 1941 727 1972 castra
747 1937 985 1977 traderentur,
1006 1936 1042 1970 in
1058 1938 1217 1982 potesta-

123 2008 191 2039 tem
219 2003 368 2038 hostium
397 2006 575 2037 venerunt.
622 2002 733 2037 Haud
757 2002 916 2048 equidem
945 2000 1051 2035 ullius
1075 1999 1159 2034 civis
1185 2003 1219 2033 et

124 2070 372 2106 commilitonis
389 2067 554 2117 fortunae
583 2073 645 2103 aut
664 2068 856 2103 conditioni
879 2067 1026 2106 invideo,
1048 2077 1109 2100 nec
1134 2076 1217 2112 pre-

124 2135 250 2170 mendo
269 2135 379 2169 alium
403 2145 457 2169 me
481 2134 640 2169 extulisse
657 2133 786 2168 velim:
816 2144 859 2167 ne
886 2132 939 2167 illi
958 2131 1110 2178 quidem,
1135 2130 1220 2176 (nisi

123 2199 343 2245 pernicitatis
357 2199 490 2246 pedum
509 2202 542 2232 et
564 2209 683 2232 cursus
709 2197 851 2243 aliquod
866 2196 1049 2243 praemium
1070 2193 1135 2237 est)
1159 2194 1219 2239 qui

122 2261 280 2308 plerique
298 2263 442 2297 inermes
460 2273 501 2296 ex
519 2262 594 2297 acie
608 2259 790 2308 fugientes
808 2271 875 2294 non
893 2259 1004 2306 prius,
1025 2268 1129 2304 quam
1153 2256 1186 2290 V
1183 2268 1218 2291 e-

100 2358 103 2360 .
126 2328 233 2362 nusiae
250 2332 314 2362 aut
334 2326 491 2369 Canusii,
513 2327 752 2367 constiterunt,
771 2337 806 2360 se
830 2323 925 2359 nobis
944 2323 1068 2359 merito
1086 2325 1218 2369 preciu-

629 2388 707 2424 04
