1527 2661
295 143 351 187 32
756 146 800 176 τ.
824 147 958 176 1‚1v11

106 235 149 265 U.
163 235 287 268 0435.
302 246 417 282 quum
444 245 510 284 per
539 247 659 271 annos
689 242 852 284 quatuor
879 242 919 272 et
948 236 1084 285 viginti
1113 237 1236 287 primo
1269 236 1416 274 Punico

107 279 144 309 A.
162 279 198 311 C.
215 287 288 316 ³17.

97 1527 189 1560 U.C.
205 1532 281 1561 436.

98 1574 135 1603 A.
151 1572 188 1602 C.
205 1576 280 1604 316.

302 297 403 334 bello
433 298 613 335 classibus
645 305 830 336 certatum
861 313 946 336 cum
974 301 1105 337 Poenis
1134 302 1326 344 recordor,
1354 302 1419 339 vix

301 367 452 398 aetatem
471 363 679 400 Alexandri
705 365 962 402 subfecturam
981 365 1098 402 fuisse
1124 379 1210 403 reor
1229 367 1276 403 ad
1298 380 1417 403 unum

298 426 463 463 bellum:
504 435 542 464 et
577 427 739 465 forsitan
778 443 893 478 quum
939 437 977 466 et
1012 430 1219 467 foederibus
1259 432 1417 467 vetustis

291 489 428 540 juncta
449 492 595 529 Punica
624 506 681 529 res
702 493 889 530 Romanae
919 501 1032 537 esset,
1053 501 1091 531 et
1118 496 1236 531 timor
1263 508 1333 545 par
1351 496 1417 532 ad—

299 567 425 590 versus
446 568 688 592 communem
707 556 858 592 hostem
879 557 970 593 duas
991 558 1275 607 potentissimas
1303 560 1417 595 armis

285 608 461 668 'virisque
487 619 599 656 urbes
629 627 806 663 armaret,
838 621 950 658 simul
982 622 1130 658 Punico
1161 622 1419 672 Romanoque

296 682 455 719 obrutus
484 683 586 720 bello
616 690 727 722 esset.
770 685 862 721 Non
883 686 1034 734 quidem
1059 685 1280 723 Alexandro
1309 686 1418 731 duce,

285 759 364 783 ‘nec
386 747 544 796 integris
573 747 833 786 Macedonum
862 749 988 794 rebus,
1019 750 1083 786 sed
1114 750 1260 800 experti
1288 756 1419 788 tamen

293 817 382 847 sunt
410 811 580 848 Romani
607 811 864 850 Macedonem
891 813 1043 850 hostem
1072 814 1248 850 adversus
1278 814 1419 851 Antio-

286 875 421 920 chum,
452 875 688 927 Philippum,
722 877 996 927 Pessen,rnon
1034 877 1150 914 modo
1187 890 1273 914 cum
1311 876 1418 914 clade

287 938 385 983 ulla,
417 940 482 976 sed
510 953 559 977 ne
591 954 679 978 cum
707 941 877 991 periculo
907 943 1058 991 quidem
1087 954 1169 978 suo.
1212 941 1328 978 Absit
1358 943 1418 979 in-

294 1005 395 1041 vidia
423 1004 554 1049 verbo,
586 1012 624 1041 et
653 1006 778 1042 civilia
799 1006 906 1042 bella
943 1005 1093 1049 sileant,
1123 1018 1332 1055 numquam
1369 1005 1418 1043 ab

284 1070 422 1119 equite
442 1070 569 1113 hoste,
591 1082 798 1120 numquam
828 1084 850 1107 a
875 1071 1016 1121 pedite,
1046 1083 1254 1120 numquam
1284 1076 1417 1120 aperta

293 1139 388 1182 acie,
404 1152 613 1188 numquam
634 1140 765 1188 aequis,
782 1140 914 1188 utique
932 1152 1140 1188 numquam
1159 1140 1301 1176 nostris
1320 1139 1415 1180 locis

292 1201 562 1241 laboravimus.
580 1204 778 1252 Equitem,
793 1204 968 1252 sagittas,
983 1203 1100 1240 saltus
1113 1204 1319 1255 inpeditos,
1332 1205 1418 1242 avia

291 1268 571 1305 commeatibus
596 1267 683 1304 loca
703 1269 828 1316 gravis
855 1269 968 1304 armis
991 1268 1098 1304 miles
1118 1270 1253 1306 timere
1274 1275 1416 1321 potest.

289 1330 402 1369 Mille
418 1333 532 1377 acies,
549 1334 741 1383 graviores
759 1345 873 1382 quam
891 1333 1151 1370 Macedonum
1166 1339 1281 1383 atque
1296 1334 1416 1372 Alex-

285 1398 414 1442 andri,
431 1399 583 1443 avertit,
600 1405 821 1448 avertetque
835 1415 845 1445 3
869 1399 985 1436 modo
1001 1399 1049 1435 sit
1065 1406 1269 1450 perpetuus
1284 1399 1415 1451 hujus,

292 1476 367 1514 qua
387 1464 560 1507 vivimus,
582 1464 684 1513 pacis
705 1475 814 1500 amor
833 1470 871 1499 et
891 1463 1010 1500 civilis
1032 1476 1122 1499 cura
1141 1464 1370 1502 concordiae.

344 1530 440 1567 XX.
486 1529 543 1567 M.
564 1529 713 1566 Foslius
733 1529 975 1566 Flaccinator
1002 1529 1091 1566 inde
1119 1536 1159 1566 et
1176 1529 1222 1566 L.
1243 1529 1416 1568 Plautius

293 1595 431 1632 Venno
468 1594 642 1632 consules
672 1593 777 1631 facti.
836 1595 898 1631 Eo
936 1607 1038 1631 anno
1076 1595 1123 1631 ab
1152 1595 1415 1645 frequentibus

293 1661 523 1697 Samnitium
569 1659 719 1710 populis
757 1660 801 1696 de
838 1659 982 1696 foedere
1025 1659 1246 1696 renovando
1283 1659 1416 1709 legati,

293 1739 409 1775 quum
443 1731 615 1762 senatum
653 1724 760 1760 humi
798 1725 907 1760 strati
944 1725 1167 1766 movissent,
1200 1723 1333 1774 rejecti
1369 1725 1417 1761 ad

286 1789 476 1840 populum
505 1789 799 1837 haudquaquam
819 1794 897 1823 tam
918 1788 1086 1824 efficaces
1116 1787 1312 1823 habebant
1331 1800 1415 1838 pre-

290 1867 366 1891 ces.
410 1853 560 1903 staque,
582 1853 724 1889 foedere
750 1859 905 1901 negato,
927 1852 1088 1888 induciae
1114 1851 1273 1895 biennii,
1300 1865 1418 1902 quum

292 1931 361 1969 per
383 1918 530 1966 aliquot
550 1918 628 1953 dies
652 1916 877 1965 fatigassent
904 1915 1073 1965 singulos
1101 1915 1290 1966 precibus,
1311 1917 1418 1967 inpe-

292 1990 414 2020 tratae.
461 1982 515 2018 Et
535 1995 580 2018 ex
600 1981 741 2031 Apulia
769 1980 986 2016 Teanenses
1008 1980 1267 2028 Canusinique
1294 1993 1417 2031 popu·

292 2046 500 2083 lationibus
531 2045 634 2088 fessi,
666 2044 861 2080 obsidibus
882 2043 928 2079 L.
950 2043 1103 2080 Plautio
1133 2043 1281 2079 consuli
1301 2044 1415 2088 datis,

293 2112 332 2148 in
352 2112 585 2148 deditionem
604 2116 805 2146 venerunt.
848 2109 998 2145 Eodem
1015 2121 1116 2144 anuo
1137 2109 1300 2159 primuni
1320 2122 1416 2159 prae-

291 2176 382 2212 fecti
404 2177 545 2226 Capuae
573 2176 691 2211 creari
713 2175 843 2225 coepti,
871 2173 1018 2222 legibus
1043 2173 1089 2210 ab
1109 2173 1156 2210 L.
1176 2173 1293 2209 Furio
1319 2186 1416 2224 prae-

293 2246 376 2276 tore
397 2241 491 2277 datis
512 2255 518 2275 :
552 2252 668 2289 quum
692 2246 894 2287 utrumque
921 2238 991 2287 ipsi
1018 2250 1088 2287 pro
1115 2237 1280 2273 remedio
1305 2238 1414 2286 aegris

294 2304 405 2347 rebus
426 2304 615 2341 discordia
644 2303 827 2339 intestina
855 2302 1051 2353 petissent.
1097 2301 1146 2337 Et
1167 2301 1248 2337 duae
1276 2300 1412 2337 Romae
