1527 2661
58 286 147 318 U.C.
168 293 240 317 538.

56 331 96 361 A.
113 330 148 361 C.
167 336 240 360 214.

57 383 146 414 Acris
164 395 221 425 pu-

49 437 133 466 gna.

79 2216 216 2248 Romani

79 2262 227 2290 vincunt.

248 179 330 235 388
713 190 760 218 T.
786 190 918 220 mvn

252 281 304 317 mi
324 281 494 317 omnium
513 280 635 331 parati
656 280 906 330 instructique
926 280 974 316 ad
992 281 1211 331 praetorium
1231 293 1368 318 conve·

252 346 374 382 niunt.
424 345 512 382 Sole
531 353 632 387 orto,
654 344 849 380 Gracchus
871 345 908 380 in
929 345 1048 380 aciem
1068 345 1196 395 copias
1217 345 1366 381 educit:

253 423 323 446 nec
351 410 480 445 hostes
511 422 657 445 moram
687 408 890 445 dimicandi
920 408 1103 445 fecerunt.
1160 409 1304 445 Decem
1333 414 1373 445 et

254 481 396 524 septem
419 473 536 509 millia
555 473 724 523 peditum
740 478 861 515 erant,
882 473 1047 508 maxima
1066 485 1112 509 ex
1128 479 1235 523 parte
1254 473 1371 509 Brut-

253 539 298 574 tii
328 552 371 574 ac
404 537 579 574 Lucani:
620 538 764 586 equites
800 536 901 573 mille
935 537 1112 584 ducenti;
1149 538 1248 573 inter
1276 549 1371 586 quos

253 602 365 652 pauci
391 602 596 638 admodum
622 600 761 643 Italici,
783 601 898 636 ceteri
926 601 1104 637 Numidae
1133 600 1212 637 fere
1241 613 1372 637 omnes

253 665 468 715 Maurique.
503 665 722 714 Pugnatum
743 671 800 700 est
819 671 856 700 et
876 664 1026 707 acriter,
1048 670 1085 700 et
1104 664 1186 701 diu:
1211 671 1374 714 quatuor

254 730 357 766 horis
378 736 514 766 neutro
535 729 717 765 inclinata
733 736 789 765 est
805 742 951 780 pugna:
975 742 1046 765 nec
1066 728 1139 765 alia
1154 729 1274 778 magis
1292 728 1374 766 Ro-

255 807 409 831 manum
433 794 651 845 inpediebat
678 807 750 837 reS,
772 807 886 843 quam
908 795 1035 844 capita
1059 794 1226 830 hostium
1252 793 1376 844 pretia

255 858 422 895 libertati
448 859 561 895 facta.
608 858 711 894 Nam
733 864 773 894 ut
792 859 949 908 quisque
972 858 1122 893 hostem
1141 858 1290 908 inpigre
1310 870 1374 894 oc-

256 923 412 966 ciderat,
430 924 594 974 primum
609 924 732 973 capite
753 936 851 972 aegre
871 923 970 959 inter
985 922 1135 959 turbam
1152 920 1376 958 tumultum·

257 1002 328 1037 que
361 987 590 1024 abscidendo
624 994 771 1038 tempus
801 987 974 1024 terebat:
1012 987 1161 1030 deinde,
1192 993 1379 1037 occupata

258 1052 391 1088 dextra
409 1052 575 1088 tenendo
601 1058 730 1102 caput,
752 1051 980 1088 fortissimus
1002 1052 1159 1101 quisque
1186 1057 1379 1101 pugnator

258 1127 340 1152 esse
359 1116 547 1152 desierat:
581 1115 760 1164 segnibus
788 1129 831 1151 ac
857 1115 999 1152 timidis
1023 1114 1163 1151 tradita
1188 1127 1316 1164 pugna
1341 1126 1381 1150 e-

258 1187 328 1217 rat.
376 1180 491 1220 Quod
517 1180 582 1216 ubi
607 1180 752 1216 tribuni
779 1179 942 1216 miiitum
972 1179 1148 1216 Graccho
1174 1179 1380 1215 nunciave-

260 1252 362 1288 runt,
382 1248 557 1282 neminem
581 1250 735 1281 stantem
754 1244 837 1292 jam
862 1245 1043 1281 vulnerari
1069 1244 1217 1287 hostem,
1239 1244 1381 1293 carnifi-

261 1311 338 1344 cari
356 1307 532 1354 jacentes,
553 1314 588 1345 et
608 1311 644 1345 in
664 1310 796 1345 dextris
814 1310 972 1345 militum
985 1321 1056 1357 pro
1072 1309 1209 1356 gladiis
1227 1307 1384 1343 humana

262 1375 384 1422 capita
409 1386 508 1410 esse:
537 1373 688 1422 signum
718 1373 799 1410 dari
828 1386 988 1424 propere
1010 1372 1140 1423 jussit,
1169 1371 1385 1421 projicerent

263 1439 399 1486 capita,
431 1439 707 1487 invaderentque
734 1437 881 1474 hostem.
942 1438 1089 1473 Claram
1106 1438 1194 1473 satis
1216 1441 1251 1472 et
1275 1437 1383 1484 insig-

262 1513 342 1536 nem
375 1503 543 1538 virtutem
575 1514 671 1538 esse:
707 1513 770 1537 nec
807 1501 952 1537 dubiam
986 1501 1186 1536 libertatem
1210 1499 1384 1549 futuram

264 1567 416 1601 strenuis
434 1566 531 1601 viris.
580 1565 681 1600 Tum
700 1564 957 1613 redintegrata
976 1576 1105 1614 pugna
1124 1570 1194 1606 est,
1216 1569 1254 1599 et
1270 1575 1382 1612 eques

266 1630 380 1666 etiam
413 1630 452 1666 in
489 1630 639 1666 hostem
677 1630 847 1667 emissus.
904 1628 1054 1668 Quibus
1089 1641 1204 1677 quum
1237 1628 1386 1677 inpigre

265 1693 443 1730 Numidae
471 1694 765 1736 concurrissent,
790 1705 860 1729 nec
887 1693 1040 1741 segnior
1067 1692 1250 1741 equitum,
1274 1703 1388 1740 quam

267 1758 450 1808 peditum,
472 1770 601 1808 pugna
617 1763 729 1800 esset,
748 1758 885 1792 iterum
906 1757 943 1792 in
960 1755 1115 1792 dubium
1136 1755 1299 1792 adducta
1316 1766 1388 1791 res.

267 1823 395 1861 Quum
431 1822 618 1871 utrimque
648 1822 775 1864 duces,
806 1820 1004 1856 Romanus
1034 1819 1230 1856 Bruttium
1261 1819 1387 1855 Luca-

267 1899 448 1935 numque,
468 1887 582 1922 toties
604 1900 625 1922 a
646 1885 852 1936 majoribus
873 1886 948 1921 suis
969 1885 1089 1921 victos
1110 1883 1383 1932 subactosque3

268 1950 409 1986 Poenus
434 1951 623 2000 mancipia
652 1949 830 1985 Romana
857 1955 895 1984 et
920 1961 966 1985 ex
996 1947 1188 1997 ergastulo
1213 1947 1386 1991 militem,

269 2013 391 2050 verbis
428 2014 646 2059 obtereret3
687 2020 882 2064 postremo
915 2013 1144 2063 pronunciat
1177 2012 1386 2054 Gracchus,

270 2092 339 2115 esse
357 2078 462 2122 nihil,
485 2080 579 2126 quod
605 2080 648 2115 cle
671 2079 835 2115 libertate
858 2083 1056 2127 sperarent,
1083 2079 1152 2113 nisi
1178 2089 1218 2114 eo
1235 2078 1292 2113 die
1309 2075 1389 2124 susi

261 2143 460 2193 fugatique
479 2143 592 2178 hostes
610 2148 732 2179 essent.

326 2207 437 2244 XVI.
467 2207 527 2243 Ea
546 2206 697 2242 demum
716 2220 790 2243 vox
809 2208 864 2243 ita
883 2208 1028 2243 animos
1053 2205 1239 2248 accendit,
1260 2210 1387 2253 atque,

273 2278 456 2309 renovato
477 2270 655 2313 clamore,
672 2268 775 2306 velut
794 2270 858 2307 alii
878 2277 1032 2321 repente
1051 2270 1158 2312 facti,
1175 2275 1283 2305 tanta
1298 2270 1332 2304 vi
1349 2282 1387 2305 se

273 2339 311 2373 in
331 2337 480 2373 hostem
501 2335 724 2377 intulerunt,
746 2342 788 2371 ut
808 2336 984 2372 sustiueri
1005 2334 1102 2371 ultra
1121 2346 1199 2371 non
1219 2341 1384 2386 possent.
