1527 2661
346 209 500 238 LIBER
525 208 632 237 xxl.
665 208 770 237 CAP.
795 207 935 235 XLIX.
1111 205 1192 249 207

91 306 179 336 octo
216 297 376 335 insulam
413 297 574 334 Vulcani
611 301 828 339 tenuerunt,
865 302 941 332 tres
979 295 1018 331 in
1055 295 1194 332 fretum
1208 304 1296 378 U.(C].
1317 309 1390 334 534..

1205 349 1246 378 A.
1289 368 1297 377 .
1314 353 1389 376 21⁸.

90 363 224 399 avertit
250 368 372 398 aestus.
429 362 489 397 Ad
509 374 570 398 eas
600 366 821 410 conspectas
851 373 873 396 a
900 359 1081 396 Messana
1099 360 1194 396 duo-

89 426 209 462 decim
235 438 347 461 naves
372 425 418 462 ab
446 425 617 461 Hierone
643 437 731 473 rege
757 424 1079 473 Syracusanorum
1104 424 1194 459 mis-

90 501 154 532 sae,
180 489 244 537 qui
265 494 347 524 tum
372 489 472 525 forte
496 488 684 524 Messanae
711 494 804 530 erat,
830 486 1025 524 consulem
1049 486 1197 524 Roma·

89 564 181 588 num
199 552 413 602 obperienS,
434 551 539 588 nullo
558 557 793 601 repugnante
808 556 937 600 captas
957 563 1069 586 naves
1088 550 1196 587 Mes-

91 628 221 652 sanam
246 617 285 652 in
314 622 466 666 portum
496 616 740 652 deduxerunt.
799 615 1007 663 Cognitum
1033 627 1078 651 ex
1106 628 1194 665 cap-

89 681 190 724 tivis,
210 688 345 731 praeter
364 681 499 729 viginti
524 693 651 723 naves,
673 680 778 730 cujus
806 681 878 730 ipsi
900 680 1028 716 classis
1055 686 1195 723 essent,

90 744 129 779 in
148 743 299 779 Italiam
318 744 464 786 missas,
485 744 649 792 quinque
670 749 706 778 et
724 744 881 791 triginta
899 743 990 779 alias
1011 744 1197 792 quinque-

90 819 207 842 remes
229 806 395 843 Siciliam
410 813 537 856 petere
557 807 603 842 ad
622 806 880 842 sollicitandos
897 813 1039 843 veteres
1056 810 1195 845 socios.

89 869 249 919 Lilybaei
275 870 483 919 occupandi
507 871 735 920 praecipuani
762 882 889 906 curam
910 882 1012 906 esse:
1046 871 1195 907 credere

91 933 220 969 eadem
255 940 494 983 tempestate,
532 946 607 982 qua
642 934 713 983 ipsi
751 932 897 983 disjecti
933 933 1073 977 forent,
1112 947 1196 970 eam

91 1010 240 1046 quoque
260 997 416 1034 classem
435 998 482 1034 ad
501 998 661 1046 AEgates
684 997 824 1033 insulas
845 997 1042 1047 dejectam.
1100 998 1197 1034 Haec

92 1062 189 1097 sicut
218 1061 346 1097 audita
375 1068 496 1104 erant,
523 1075 589 1097 rex
614 1061 670 1098 M.
698 1061 857 1097 AEmilio
890 1063 1057 1111 praetori,
1089 1062 1195 1112 cujus

93 1124 219 1161 Sicilia
249 1132 328 1161 erat
357 1127 565 1175 provincia,
597 1126 809 1174 perscribit,
841 1133 1058 1175 monetque,
1087 1126 1194 1175 Lily-

92 1188 216 1224 baeum
245 1189 352 1225 firmo
381 1195 527 1225 teneret
556 1189 742 1238 praesidio.
799 1190 1003 1239 Extemplo
1034 1197 1071 1226 et
1097 1191 1197 1226 circa

92 1258 291 1301 praetorem
320 1252 366 1288 ad
396 1253 565 1288 civitates
594 1253 697 1287 missi
727 1251 843 1299 legati
870 1252 1101 1301 tribunique,
1133 1254 1196 1301 qui

93 1328 178 1352 suos
210 1316 257 1351 ad
285 1329 413 1351 curam
443 1316 622 1351 custodiae
656 1317 919 1361 intenderent5
952 1325 1038 1352 ante
1068 1318 1197 1353 omnia

91 1379 302 1428 Lilybaeum
331 1381 474 1416 teneri:
508 1380 553 1415 ad
583 1380 803 1428 adparatum
831 1379 934 1422 belli,
955 1381 1078 1416 edicto
1108 1394 1196 1431 pro-

90 1444 231 1493 posito,
252 1450 294 1479 ut
320 1444 412 1479 socii
438 1443 589 1479 navales
610 1443 738 1478 decem
757 1443 901 1478 dierum
921 1450 1029 1479 cocta
1055 1444 1197 1480 cibaria

91 1507 137 1542 ad
170 1519 282 1543 naves
316 1507 527 1551 deferrent,
560 1506 625 1542 ubi
658 1508 807 1555 signum
839 1508 966 1543 datum
1003 1515 1115 1551 esset,
1148 1522 1196 1544 ne

92 1571 172 1620 quis
202 1584 347 1607 moram
378 1571 654 1607 conscendendi
677 1569 840 1606 faceret:
874 1585 1013 1621 perque
1044 1585 1196 1609 omnem

92 1647 196 1670 oram
216 1635 279 1682 qui
305 1641 425 1676 erant,
447 1646 493 1670 ex
518 1633 677 1683 speculis
704 1635 961 1683 prospicerent
989 1635 1198 1672 adventan-

91 1704 168 1733 tem
187 1698 354 1733 hostium
373 1697 541 1733 classem.
599 1696 719 1732 Simul
738 1698 863 1744 itaque
886 1700 1130 1746 (quamquam
1150 1700 1195 1735 de

93 1762 277 1797 industria
302 1762 437 1796 morati
466 1773 614 1796 cursum
640 1762 792 1796 navium
818 1768 925 1796 erant
944 1762 1196 1811 Karthagini-

93 1836 213 1867 enses,
234 1830 276 1859 nt
294 1831 382 1859 ante
400 1823 522 1858 lucem
540 1824 762 1858 accederent
780 1823 1010 1872 Lilybaeum)
1032 1838 1196 1874 praesen-

93 1902 175 1924 sum
194 1894 320 1924 tamen
340 1894 410 1930 est,
432 1888 521 1936 quia
539 1894 576 1922 et
594 1887 684 1923 luna
702 1900 845 1936 pernox
866 1896 958 1931 erat,
980 1895 1017 1924 et
1037 1889 1195 1925 sublatis

93 1953 332 1989 armamentis
361 1951 585 1996 veniebant3
618 1951 807 2000 extemplo
834 1953 962 1988 datum
989 1966 1008 1989 e
1036 1953 1195 2002 speculis

93 2018 257 2065 signum,
278 2022 315 2051 et
341 2016 379 2050 in
399 2016 539 2065 oppido
566 2016 612 2051 ad
638 2028 741 2050 arma
764 2016 1040 2052 conclamatum
1067 2023 1136 2059 est,
1159 2024 1197 2052 et

91 2082 129 2116 in
148 2091 260 2115 naves
281 2090 549 2114 conscensum:
582 2091 666 2127 pars
686 2078 849 2114 militum
874 2080 911 2114 in
933 2080 1046 2115 muris
1067 2087 1197 2129 porta-

91 2154 248 2191 rumque
273 2142 311 2177 in
341 2141 582 2182 stationibus,
604 2153 688 2190 pars
715 2142 754 2176 in
783 2142 939 2177 navibus
970 2150 1087 2179 erant.
1144 2143 1196 2178 Et

94 2205 449 2253 KarthaginienseS,
472 2206 559 2252 quia
585 2218 662 2240 rem
682 2205 763 2240 fore
791 2206 891 2241 haud
910 2218 993 2242 cnm
1014 2207 1197 2254 inparatis

95 2268 312 2310 cernebant,
343 2280 460 2316 usque
489 2268 536 2303 ad
564 2267 684 2304 lucem
713 2274 827 2318 portu
850 2281 888 2304 se
918 2269 1197 2310 abstinuerunt,

96 2331 283 2368 demendis
320 2334 562 2370 armamentis
596 2345 641 2369 eo
673 2340 842 2384 tempore
877 2333 1114 2383 aptandaque
1152 2334 1203 2369 ad-
