1527 2661
341 232 495 263 Lmen
519 232 639 262 xxv.
673 232 780 261 car.
806 231 1000 259 xxxin.
1138 218 1219 272 483

112 328 230 358 terme
248 322 343 359 nihil
362 323 561 360 admodum
581 320 825 359 memorabile
839 319 982 357 factum
1002 325 1114 362 esset,
1130 331 1222 356 con·
1234 324 1276 354 U.
1290 324 1326 355 C.
1342 332 1414 356 540.

114 386 281 436 siliisque
306 389 441 437 magiS‚
461 401 574 437 quam
604 387 731 429 armis,
750 384 893 422 bellum
913 389 1119 433 gereretur,
1140 382 1221 419 Ro-
1232 367 1410 443 gescirilffi

115 451 217 486 mani
235 451 480 501 imperatores
508 451 648 501 egressi
673 448 840 486 hibernis
861 448 989 498 copias
1017 445 1224 497 conjunxe-
1237 454 1392 494 Hispania

112 520 204 550 *runt
219 530 226 550 :
249 515 303 551 ibi
321 516 522 552 consilium
541 516 780 558 advocatum,
798 513 1042 561 omniumque
1055 511 1095 547 in
1109 523 1225 547 unum
1237 505 1342 539 gestae.

116 587 373 627 congruerunt
409 582 630 626 sententiae3
663 579 814 630 quando
845 578 890 614 ad
919 577 957 613 id
984 575 1155 613 locorum
1191 576 1228 612 id

116 643 231 679 modo
263 650 389 681 actum
419 651 530 689 esset,
562 651 604 681 ut
632 643 913 681 Hasdrubalem
942 640 1160 677 tendentem
1189 641 1229 676 in

117 705 269 744 Italiam
287 710 517 754 retinerent3
550 717 697 760 tempus
727 721 808 745 esse
826 708 864 744 id
883 706 966 757 jam
993 706 1069 754 agi,
1087 711 1131 741 ut
1149 704 1230 741 bel-

116 770 196 807 lum
215 772 254 808 in
273 772 463 823 Hispania
482 774 674 811 finiretur:
707 780 745 809 et
764 772 853 809 satis
874 771 920 808 ad
940 770 978 807 id
995 770 1131 806 virium
1151 781 1230 805 cre-

118 835 258 871 debant
295 838 509 881 accessisse,
547 838 683 887 viginti
718 836 838 873 millia
873 833 1152 871 Celtiberorum
1188 845 1233 869 ea

119 898 244 935 hieme
259 900 306 936 ad
320 912 425 937 arma
439 902 615 938 excitata.
655 900 748 937 Tres
767 900 953 936 exercitus
970 903 1090 933 erant.
1129 895 1231 933 Has-

120 962 254 999 drubal
281 964 464 1013 Gisgonis
484 964 581 1002 filius
612 971 650 1001 et
676 963 812 1013 Mage,
843 961 1057 1012 conjunctis
1087 961 1232 1003 castris,

121 1027 288 1077 quinque
312 1028 430 1066 ferme
465 1030 610 1066 dierum
646 1030 719 1065 iter
755 1028 802 1065 ab
838 1026 1026 1064 Romanis
1064 1024 1236 1062 aberant.

122 1091 285 1142 Propior
314 1099 394 1129 erat
422 1092 650 1130 Hamilcaris
671 1092 768 1129 filius
798 1088 1031 1133 Hasdrubal,
1060 1094 1168 1126 vetus
1197 1089 1236 1125 in

125 1155 315 1206 Hispania
345 1158 573 1208 imperator:
606 1157 653 1194 ad
687 1156 819 1193 urbem
846 1155 1002 1192 nomine
1030 1153 1237 1202 Auitorgin

125 1220 333 1257 exercitum
368 1221 545 1259 habebat.
602 1221 704 1258 Eum
731 1220 912 1257 volebant
941 1218 1044 1269 prius
1074 1217 1239 1268 obprimi

125 1285 237 1321 duces
257 1284 447 1322 Romani:
481 1292 518 1322 et
537 1299 621 1336 spes
642 1291 723 1323 erat
743 1286 833 1322 satis
853 1295 1037 1335 superque
1062 1283 1109 1319 ad
1127 1282 1165 1319 id
1184 1283 1239 1319 vi-

127 1349 224 1385 rium
243 1361 346 1385 esse:
379 1349 444 1386 illa
472 1350 641 1387 restabat
669 1363 771 1393 cura,
791 1362 853 1392 ne,
874 1348 960 1384 fuso
988 1361 1034 1384 eo
1062 1346 1238 1398 perculsi,

127 1410 222 1448 alter
241 1412 459 1449 Hasdrubal
478 1420 516 1449 et
533 1413 667 1462 Mago,
689 1413 728 1449 in
748 1413 852 1450 avios
881 1412 997 1449 saltus
1017 1417 1241 1459 montesque

124 1475 348 1525 recipientes
368 1488 462 1519 sese,
482 1476 623 1513 bellum
642 1477 896 1513 extraherent.
952 1475 1150 1526 Optimum
1169 1474 1241 1523 igi·-

127 1545 189 1575 tur
214 1540 301 1583 rati,
321 1539 447 1576 divisis
467 1539 643 1576 bifariam
662 1541 796 1591 copiis,
816 1541 935 1576 totius
962 1538 1074 1576 simul
1098 1537 1241 1589 Hispa-

127 1604 200 1639 niae
230 1603 405 1654 amplecti
434 1604 589 1648 bellum,
619 1606 673 1641 ita
701 1606 800 1641 inter
828 1617 868 1641 se
882 1604 1107 1646 diviserunt,
1137 1610 1179 1639 ut
1197 1602 1242 1639 P.

131 1666 328 1703 Cornelius
349 1668 439 1704 duas
460 1675 583 1718 partes
614 1669 800 1705 exercitus
820 1667 1088 1704 Romanorum
1117 1667 1241 1703 socio-

128 1743 286 1780 rumque
313 1731 488 1768 adversus
508 1732 718 1780 Magonem
737 1732 892 1768 duceret
922 1739 1038 1780 atque
1068 1730 1241 1767 Hasdru·
1255 1734 1418 1776 Scipiones

129 1794 276 1840 balem;
310 1794 592 1831 Cn.Cornelius
623 1808 707 1831 cum
737 1795 850 1831 tertia
877 1800 984 1845 parte
1012 1794 1147 1830 veteris
1177 1805 1242 1831 ex·
1254 1787 1433 1810 “emaum

130 1860 283 1902 ercitus,
305 1858 504 1895 Celtiberis
533 1858 735 1910 adjunctis,
766 1872 852 1895 cum
880 1857 1122 1895 Hasdrubale
1146 1858 1243 1894 Bar·
1255 1829 1443 1862 pamumur'

130 1924 218 1959 cino
237 1922 376 1959 bellum
397 1930 554 1972 gereret.
613 1923 702 1960 Una
719 1923 881 1974 profecti
908 1923 1020 1960 ambo
1040 1923 1153 1959 duces
1179 1936 1245 1960 ex·

130 1988 358 2036 ercitusque,
397 1987 596 2024 Celtiberis
640 1987 992 2039 praegredientibus,
1030 1987 1077 2024 ad
1113 1986 1247 2024 urbem

130 2051 338 2099 Auitorgin
374 2052 414 2086 in
443 2058 649 2101 conspectu
685 2052 866 2095 hostium,
894 2052 1091 2088 dirimente
1128 2051 1245 2094 amni,

131 2122 281 2166 ponunt
310 2122 444 2153 castra.
501 2115 561 2151 Ibi
593 2117 663 2153 Cn.
685 2117 826 2167 Scipio,
864 2129 949 2153 cum
986 2115 1121 2164 quibus
1158 2121 1248 2152 ante

134 2180 277 2216 dict-um
296 2186 353 2216 est
372 2180 505 2230 copiiS‚
527 2180 711 2224 substitit,
728 2187 766 2217 et
784 2181 828 2219 P.
841 2180 969 2231 Scipio
988 2178 1180 2230 profectus
1200 2177 1247 2215 ad

132 2245 361 2282 destinatam
381 2244 470 2281 belli
489 2252 647 2295 partem.

190 2308 393 2347 XXXIII.
422 2309 641 2346 Hasdrubal
656 2315 858 2360 postquam
874 2306 1153 2349 animadvertit,
1167 2306 1247 2342 exi-

135 2387 253 2424 guum
271 2374 490 2411 Romanum
517 2374 724 2412 exereitum
752 2374 791 2410 in
811 2374 957 2416 castris,
978 2378 1016 2408 et
1041 2383 1146 2422 spem
1164 2382 1246 2407 om·

652 2437 731 2475 Y2
