1527 2661
342 155 494 183 LIBER
518 154 625 182 xx1.
659 154 763 182 CAP.
786 154 904 181 xxx.
1092 139 1167 192 185

75 251 142 276 nec
173 253 301 277 omnes
320 240 500 282 Romani,
531 240 594 275 sed
623 252 706 290 pars
728 239 924 275 Gallorum
942 252 949 273 :
981 238 1069 274 victi
1090 250 1168 272 am-
1182 243 1223 271 U.
1236 241 1271 272 C.
1291 246 1364 270 ⁵34.

74 302 169 350 plius
207 304 356 338 ducenti
394 303 618 338 ceciderunt.
674 301 763 338 Hoc
798 301 1024 351 principium
1060 284 1272 337 sin1ulA·C·
1290 288 1365 314 ²¹⁸⁶

73 378 256 414 omenque
283 366 384 408 belli,
412 373 453 413 ut
482 378 634 401 summoe
663 377 786 400 rerum
814 376 1034 413 prosperum
1061 375 1172 398 even-

73 429 240 473 mnnita
268 429 368 464 haud
396 441 485 464 sane
514 429 748 464 incruentam
777 428 1025 477 ancipitisque
1051 433 1171 461 certa-

70 491 180 526 minis
217 492 425 534 victoriam,
463 490 647 526 Romanis
684 491 888 540 portendit.
944 490 1013 532 Ut,
1046 501 1085 530 re
1117 489 1172 524 ita

68 560 188 600 gesta,
216 554 262 590 ad
291 561 488 603 utrumque
513 555 645 590 ducem
673 555 730 589 sui
757 554 961 595 redierunt,
990 565 1058 588 nec
1089 552 1169 605 3⁰17

69 616 173 665 pioni
203 624 302 653 stare
331 618 518 653 sententia
546 624 709 667 poterat,
740 618 812 652 nisi
848 624 891 653 ut
926 630 972 652 ex
1001 615 1166 652 consiliis

68 680 276 727 coeptisque
305 680 424 723 hostis
445 685 483 715 et
512 680 590 729 ipse
610 685 766 716 conatus
797 686 968 728 caperet:
1001 685 1039 714 et
1057 668 1167 714 Hanss

68 741 232 777 nibalem
257 743 456 785 incertum,
478 748 603 778 utrum
622 749 787 792 coeptum
808 743 845 778 in
866 741 1016 777 Italian]
1042 742 1167 776 inten-

65 804 169 840 deret
187 805 272 847 iter,
292 818 340 842 an
367 818 452 841 cum
477 818 537 848 eo,
558 807 621 854 qui
641 807 780 855 primus
807 817 846 840 se
865 805 1064 840 obtulisset
1083 803 1165 839 Ro-

64 880 196 903 manus
225 869 423 911 exercitus,
453 881 584 904 manus
605 874 831 910 consereret,
862 868 997 905 avertit
1019 880 1040 902 a
1069 879 1164 916 prae-

65 931 162 966 senti
191 932 394 967 certamine
412 931 597 967 Boiorum
625 931 835 979 legatorum
864 929 1058 978 regulique
1076 929 1164 965 Ma-

64 992 139 1040 gali
159 993 338 1030 adventus
355 1009 362 1029 :
382 994 457 1043 ¹qui
474 1006 514 1029 se
528 994 638 1030 duces
658 994 848 1035 itinerum,
866 993 987 1028 socios
1008 991 1164 1042 periculi

61 1054 157 1101 fore,
187 1056 439 1100 adfirmantes,
466 1058 616 1105 integro
644 1056 759 1100 bello,
789 1068 974 1105 nusquam
1002 1062 1091 1091 ante
1117 1055 1164 1090 li-

61 1117 158 1153 batis
180 1119 332 1162 viribus,
353 1119 503 1156 Italiam
530 1120 818 1168 adgrediendam
838 1126 1002 1155 censent.
1059 1117 1163 1154 Mul-

61 1182 183 1218 titudo
211 1183 370 1219 timebat
398 1184 547 1232 quidem
574 1184 737 1226 hostem,
765 1183 935 1220 nondum
964 1181 1165 1218 obliterata

61 1247 243 1282 memoria
264 1247 469 1296 superioris¹
487 1246 577 1283 belli
595 1262 602 1282 :
635 1247 700 1283 sed
718 1246 835 1294 magis
862 1246 934 1281 iter
953 1246 1164 1281 inmensum

60 1307 264 1358 Alpesque,
296 1323 374 1346 rem
399 1310 501 1347 fama
530 1313 662 1362 utique
690 1312 894 1362 inexpertis
924 1311 1163 1354 horrendam,

58 1371 262 1417 metuebat.

112 1434 247 1471 XXX.
277 1435 411 1484 Itaque
430 1435 639 1479 Hannibal,
660 1443 860 1486 postquam
882 1437 952 1487 ipsi
972 1437 1161 1473 sententia
1174 1447 1336 1477 Hannibal

62 1499 167 1533 stetit
191 1510 345 1547 pergere
375 1499 441 1542 ire,
472 1506 583 1548 atque
613 1500 763 1535 Italiam
798 1507 940 1549 petere,
978 1500 1161 1535 advocata
1173 1492 1315 1563 ᾖᾳῖῗῗὲᾞ

61 1561 258 1604 concione,
289 1562 390 1598 varie
417 1562 579 1598 militum
612 1570 735 1599 versat
765 1564 910 1599 animos
941 1563 1162 1611 castigando
1174 1543 1242 1564 mn
1275 1543 1303 1563 ς’

60 1623 379 1673 adhortandoque.
436 1627 570 1662 Mirari
604 1639 653 1669 se,
683 1629 829 1674 quinam
853 1632 1000 1674 pectora
1026 1638 1165 1674 semper

60 1688 231 1734 inpavida
259 1701 382 1735 repens
411 1694 525 1725 terror
554 1691 743 1726 invaserit:
768 1703 835 1738 per
865 1695 917 1725 tot
949 1702 1059 1725 annos
1087 1691 1164 1725 vin·

61 1756 174 1786 centes
191 1763 246 1786 eos
272 1754 450 1799 stipendia
467 1752 620 1800 facere,·
649 1766 761 1800 neque
789 1759 872 1789 ante
890 1753 1076 1800 Hispania
1103 1765 1163 1788 ex-

57 1816 203 1856 cessisse,
226 1827 331 1862 quam
359 1828 475 1851 omnes
489 1822 678 1864 gentesque
706 1822 741 1852 et
769 1822 871 1852 terrae
898 1828 958 1859 eae,
979 1829 1066 1864 quas
1093 1818 1163 1852 duo

60 1878 195 1912 diversa
217 1880 332 1913 maria
357 1880 633 1926 amplectantur,
655 1879 1009 1926 Karthaginiensium
1037 1884 1159 1915 essent.

61 1940 270 1987 Indignatos
297 1943 434 1983 deinde,
465 1943 570 1988 quod,
598 1944 806 1989 quicumque
834 1943 1036 1989 Saguntum
1063 1943 1158 1979 obse-

60 2005 201 2046 dissent,
231 2006 328 2040 velut
354 2005 394 2040 ob
421 2018 562 2047 noxam,
592 2006 657 2041 sibi
675 2007 755 2041 dedi
781 2007 981 2053 postularet
1004 2007 1159 2053 populus

61 2067 253 2108 Romanus,
278 2069 416 2104 Iberum
445 2069 619 2115 trajecisse
647 2072 695 2105 ad
722 2072 908 2105 delendum
937 2082 1063 2105 nomen
1083 2071 1157 2106 Ro-

59 2141 256 2173 manorum,
279 2132 565 2180 liberandumque
593 2134 707 2168 orbem
736 2139 923 2168 terrarum..
986 2134 1075 2168 Tum
1096 2145 1156 2168 ne-

60 2194 145 2227 mini
162 2195 273 2229 visum
291 2196 328 2230 id
344 2196 500 2242 longum,
521 2208 628 2243 quum
649 2196 690 2230 ab
709 2208 833 2231 occasu
851 2197 933 2231 solis
952 2197 1001 2230 ad
1018 2201 1157 2230 exortus

59 2256 274 2293 intenderent
290 2259 366 2294 iter.
415 2259 533 2300 Nunc,
553 2264 738 2307 postquam
757 2260 869 2295 multo
886 2258 1048 2304 majorem
1067 2272 1154 2307 pan·
