1527 2661
314 179 465 208 LiBER
491 178 621 207 xx11.
654 179 760 206 CAP.
784 178 925 206 xmx.
1081 166 1159 222 283

67 267 230 306 clausere
250 276 285 306 et
305 269 351 306 ab
371 277 479 318 tergo
498 271 638 307 hostes.
674 268 777 305 Hinc
796 267 977 311 Romani,
998 267 1163 304 defuncti
1176 278 1218 309 U.
1230 277 1265 308 C.
1286 282 1363 309 5360

64 335 315 383 nequidquam
331 334 465 384 proelio
485 348 575 378 uno,
597 335 742 371 omissis
759 332 876 369 Gallis
894 332 1164 383 Hispanisque,
1176 323 1215 352 A·
1231 321 1267 351 C·
1286 326 1360 352 ²1⁶⁹

66 411 222 446 quorum
241 404 348 447 terga
367 398 592 441 ceciderant,
613 399 726 434 etiam
743 397 915 434 adversus
934 396 1049 432 Afros
1069 397 1168 433 inte-

66 473 171 509 gram
190 474 356 511 pugnam
374 463 520 505 ineunt,
537 475 616 499 non
635 467 784 498 tantum
804 474 849 497 eo
867 461 1048 510 iniquam,
1069 461 1168 509 quod

66 525 200 562 inclusi
229 526 403 563 adversus
431 527 691 571 circumfusos,
723 526 787 563 sed
813 527 926 562 etiam
953 525 1054 575 quod
1082 525 1171 562 fessi

65 603 149 626 cum
169 591 381 628 recentibus
401 605 444 629 ac
464 593 606 642 vegetis
626 591 860 642 pugnabant.

118 654 308 691 XLVIII.
337 656 424 692 Jam
449 663 488 693 et
512 657 551 693 in
574 657 727 693 sinistro
753 669 870 692 cornu
889 654 1081 698 Romano,
1107 654 1171 692 ubi

64 717 253 754 sociorum
278 718 421 766 equites
447 717 622 753 adversus
646 720 832 756 Numidas
859 725 1055 763 steterant,
1079 731 1170 755 con·-

65 788 206 818 sertum
223 781 397 832 proelium
415 787 509 825 erat,
530 794 645 830 segne
660 781 796 831 primo,
812 791 850 820 et
868 798 890 821 a
908 784 1053 820 Punica
1068 797 1171 835 coep-

63 852 146 882 tum
163 845 306 883 fraude.
362 846 572 895 Quingenti
590 845 707 881 ferme
733 844 923 888 Numidae,
944 854 1080 897 praeter
1105 861 1168 884 50..

64 910 133 947 lita
161 922 264 946 arma
291 909 456 960 telaque,
485 909 628 959 gladios
655 908 823 945 occultos
854 907 929 944 subt
949 911 1073 948 loricis
1103 912 1171 948 ha·

64 974 216 1020 bentes,
243 975 366 1026 specie
391 975 673 1024 transfugarum
693 986 808 1024 quum
837 973 883 1010 ab
904 973 994 1017 suis,
1022 986 1170 1024 parmas

64 1047 152 1092 post
170 1046 277 1090 terga
293 1040 491 1084 habentes,
518 1040 811 1089 adequitassent,
828 1045 982 1089 repente
1005 1051 1051 1075 ex
1066 1039 1170 1089 equis

65 1104 266 1151 desiliunt3
297 1105 511 1155 parmisque
535 1109 574 1140 et
595 1103 732 1155 jaculis
759 1109 846 1140 ante
871 1103 982 1154 pedes
1004 1103 1173 1141 hostium

65 1168 259 1220 projectiS,
289 1169 329 1205 in
347 1169 509 1206 mediam
534 1169 652 1206 aciem
672 1170 830 1219 accepti,
857 1169 1032 1217 ductique
1051 1168 1098 1204 ad
1116 1166 1173 1204 ul-

66 1233 195 1277 timos,
217 1234 412 1270 considere
431 1233 478 1270 ab
503 1239 611 1283 tergo
634 1233 844 1285 jubentur3
878 1246 934 1276 ac,
955 1233 1044 1269 dum
1071 1245 1174 1283 proe-

66 1296 160 1335 lium
188 1297 240 1335 ab
265 1298 369 1335 omni
397 1304 504 1349 parte
534 1299 757 1342 conseritur,
785 1298 902 1348 quieti
926 1303 1170 1334 manserunt:

67 1367 268 1414 postquam
302 1362 472 1399 omnium
507 1363 653 1400 animos
688 1362 896 1412 oculosque
926 1367 1174 1411 occupaverat

65 1432 270 1470 certamen,
303 1432 398 1470 tum,
430 1426 593 1477 adreptis
627 1428 756 1470 scutis,
788 1439 870 1476 quae
903 1426 1044 1476 passim
1073 1426 1172 1462 inter

66 1503 218 1527 acervos
251 1503 435 1528 caesorum
468 1502 670 1541 corporum
701 1496 821 1527 strata
852 1495 975 1533 erant,
1004 1501 1174 1526 aversam

65 1555 287 1592 adoriuntur
305 1554 521 1592 Romanam
540 1556 657 1592 aciem
672 1571 685 1601 ;
714 1562 896 1604 tergaque
914 1554 1106 1598 ferientes,
1128 1566 1173 1590 ac

66 1619 229 1670 poplites
259 1620 458 1664 caedentes,
489 1627 652 1670 stragem
681 1622 888 1669 ingentem,
919 1633 962 1656 ac
991 1617 1177 1668 majorem

69 1683 262 1732 aliquanto
288 1697 465 1734 pavorem
494 1698 537 1721 ac
564 1685 782 1728 tumultum,
808 1685 991 1721 fecerunt.
1046 1684 1176 1723 Quum

68 1747 159 1784 alibi
183 1753 304 1784 terror
323 1761 366 1784 ac
385 1748 490 1796 fuga,
520 1749 609 1786 alibi
633 1750 807 1799 pertinax
834 1750 872 1785 in
892 1748 990 1785 mala
1001 1748 1085 1799 jam
1109 1761 1174 1799 spe

67 1811 242 1864 proelium
276 1818 396 1855 esset;
437 1812 667 1857 Hasdrubal,
697 1815 761 1862 qui
793 1826 838 1850 ea
865 1820 971 1864 parte
1000 1819 1173 1863 praeerat,

69 1875 274 1911 subductos
290 1888 336 1911 ex
351 1875 472 1912 media
487 1877 567 1912 acie
582 1877 781 1920 Numidas,
797 1879 885 1927 quia
901 1877 1023 1926 segnis
1044 1889 1175 1913 eorum

69 1952 155 1976 cum
187 1939 348 1975 adversis
377 1952 504 1989 pugna
533 1947 626 1983 erat,
656 1942 703 1978 ad
731 1941 1006 1991 persequendos
1034 1941 1178 1990 passim

68 2003 257 2051 fugientes
287 2003 427 2039 mittit:
464 2004 658 2054 Hispanos
685 2010 723 2041 et
751 2004 880 2041 Gallos
910 2005 1067 2054 pedites,
1091 2004 1175 2054 jam

68 2067 171 2105 Afris
196 2080 312 2117 prope
331 2067 453 2111 fessis,
476 2069 575 2105 caede
594 2069 713 2117 magis
734 2082 844 2118 quam
870 2082 1011 2119 pugna,
1038 2068 1174 2119 adjun—

70 2132 137 2180 git.

124 2196 274 2233 XLIX.
304 2197 417 2236 Parte
443 2197 561 2235 altera
589 2211 723 2249 pugnae
752 2198 918 2242 Paullus,
949 2211 1175 2248 quamquam

70 2262 191 2312 primo
211 2263 339 2299 statim
366 2263 502 2313 proelio
520 2264 637 2307 funda
659 2266 820 2313 graviter
840 2265 935 2300 ictus
956 2265 1091 2306 fuerat,
1113 2270 1175 2299 ta-

70 2337 157 2363 men
185 2332 222 2364 et
250 2326 417 2364 obcurrit
446 2340 543 2379 saepe
572 2341 656 2364 cum
681 2328 859 2365 confertis
887 2327 1108 2370 Hannibali,
1135 2333 1174 2364 et
