1527 2661
333 195 487 224 LIBER
511 194 642 222 xxn.
677 193 783 222 CAP.
808 195 902 223 vu.
1087 193 1165 239 235

65 283 213 320 bantur.
271 283 343 319 Sex
371 284 486 320 millia
513 283 630 319 ferme
660 284 770 333 primi
799 284 974 333 agminis,
1001 297 1066 335 per
1097 287 1161 322 adu
1180 291 1267 321 U.C.
1285 297 1357 322 535.

65 359 190 383 versos
224 347 349 382 hostes
385 347 582 396 eruptione
612 347 758 395 inpigre
784 347 898 390 facta,
929 348 1052 395 ignari
1086 361 1166 385 om·
1179 334 1266 365 A’C¹
1285 339 1360 368 217.

67 412 184 455 nium,
205 424 286 459 quae
314 419 400 461 post
420 424 458 447 se
485 417 699 459 agerentur,
721 423 768 446 ex
793 410 891 446 saltu
911 423 1083 448 evasere:
1116 420 1168 456 et,

66 487 181 523 quum
217 476 256 510 in
292 475 439 511 tumulo
469 475 632 524 quodam
663 475 936 518 constitissent,
968 475 1171 512 clamorem

66 538 180 574 modo
213 552 256 575 ac
286 551 420 575 sonum
449 551 639 574 armorum
669 539 878 582 audientes,
907 552 988 587 quae
1017 539 1172 576 fortuna

66 614 201 651 pugnae
231 608 341 645 esset,
371 614 492 650 neque
522 603 629 644 scire,
650 614 719 637 nec
748 603 956 652 perspicere
985 615 1061 652 prae
1081 603 1172 639 cali-

67 666 155 713 gine
174 672 362 715 poterant.
418 665 607 702 Inclinata
626 665 785 714 denique
804 679 857 708 re,
879 679 993 714 quum
1013 666 1172 703 incales-

67 734 175 764 cente
205 727 283 764 sole
302 727 468 778 dispulsa
494 728 633 764 nebula
661 729 868 777 aperuisset
887 729 998 772 diem,
1019 736 1100 766 tum
1125 730 1172 766 li-

66 791 180 840 quida
191 791 274 841 jam
302 791 384 828 luce
413 798 560 828 montes
581 792 777 841 campique
802 793 964 841 perditas
995 806 1052 829 res
1076 801 1172 831 stra-

66 860 219 904 tamque
252 855 449 892 ostendere
481 855 580 892 foede
609 855 824 891 Romanam
857 856 997 893 aciem:
1030 858 1172 907 itaque,

68 930 116 955 ne
133 919 172 954 in
193 925 414 969 conspectos
435 918 567 970 procul
592 920 848 956 inmitteretur
867 933 994 970 eques,
1015 922 1173 960 sublatis

70 983 208 1033 raptim
237 984 367 1033 signis,
399 997 512 1034 quam
541 984 765 1020 citatissimo
797 991 974 1035 poterant
1008 987 1173 1035 agmine,

70 1057 151 1082 sese
176 1046 434 1097 abripuerunt.
490 1048 651 1084 Postero
675 1048 748 1091 die,
769 1061 884 1097 quum
914 1062 1024 1099 super
1050 1056 1175 1086 cetera

71 1115 239 1146 extrema
255 1110 372 1148 fames
400 1112 513 1148 etiam
542 1111 714 1154 instaret,
742 1111 853 1148 fidem
878 1112 992 1148 dante
1016 1112 1174 1149 Mahar-

70 1171 170 1218 bale,
187 1175 250 1223 qui
270 1188 354 1211 cum
373 1176 547 1212 omnibus
568 1176 804 1224 equestribus
819 1177 936 1226 copiis
952 1184 1066 1213 nocte
1082 1189 1174 1213 con-

73 1244 222 1273 secutus
243 1244 336 1282 erat,
353 1239 385 1274 si
404 1251 507 1275 arma
521 1239 776 1282 tradidissent,
793 1240 896 1276 abire
912 1253 997 1276 cum
1017 1240 1174 1288 singulis

70 1301 304 1339 vestimentis
323 1315 534 1353 passurum,
555 1315 635 1339 sese
655 1303 897 1340 dediderunt:
930 1317 1012 1352 quae
1032 1304 1177 1340 Punica

71 1363 254 1413 religione
283 1372 429 1402 servata
455 1366 546 1403 fides
576 1367 623 1403 ab
649 1366 868 1403 Hannibale
897 1374 967 1410 est,
998 1375 1109 1416 atque
1137 1367 1178 1404 in

69 1428 219 1464 vincula
237 1441 366 1466 omnes
386 1429 561 1481 conjecit.

124 1491 214 1530 VII.
244 1493 340 1531 Haec
365 1501 422 1530 est
440 1494 578 1531 nobilis
599 1494 645 1530 ad
664 1494 931 1531 Trasimenum
956 1507 1097 1545 pugna,
1119 1500 1177 1530 at-

73 1567 146 1604 que
164 1557 263 1592 inter
286 1570 424 1608 paucas
454 1565 667 1594 memorata
690 1558 822 1607 populi
846 1558 1014 1595 Romani
1041 1558 1177 1594 clades.

75 1619 299 1658 Quindecim
327 1621 445 1657 millia
472 1621 736 1658 Romanorum
763 1623 802 1658 in
832 1623 911 1657 acie
937 1635 1032 1658 caesa
1063 1628 1175 1666 sunt3
1191 1619 1356 1650 Numerus

76 1682 203 1718 decem
222 1683 352 1727 millia,
373 1697 503 1734 sparsa
520 1684 610 1732 fuga
637 1697 703 1734 per
723 1697 874 1720 omnem
893 1684 1102 1727 Etruriam,
1123 1685 1178 1720 di-
1191 1672 1364 1745 ἰῖῖἒξὲἑ

76 1747 191 1782 versis
207 1747 403 1783 itineribus
420 1747 552 1783 urbem
570 1748 722 1796 petiere.
768 1747 877 1783 Mille
893 1748 1091 1796 quingenti
1110 1748 1180 1783 ho-

79 1810 193 1846 stium
218 1811 257 1846 in
276 1811 370 1853 acie,
397 1810 505 1846 multi
532 1817 665 1860 postea
687 1811 875 1859 utrimque
901 1823 946 1846 ex
966 1810 1181 1847 vulneribus

79 1873 234 1922 periere.
289 1872 493 1923 Multiplex
527 1874 642 1909 caedes
673 1873 860 1921 utrimque
888 1873 991 1909 facta
1021 1873 1184 1909 traditur

80 1936 126 1972 ab
147 1936 240 1973 aliis.
296 1937 397 1986 Ego,
424 1945 671 1987 praeterquam
691 1938 790 1986 quod
814 1937 909 1973 nihil
934 1938 1111 1974 haustum
1135 1950 1181 1975 ex

80 2012 177 2036 vano
204 1999 328 2043 velim,
349 2013 423 2049 quo
452 2001 562 2037 nimis
589 2001 772 2036 inclinant
791 2001 907 2037 ferme
937 2001 1181 2038 scribentium

81 2064 210 2105 animi,
241 2062 400 2099 Fabium
434 2063 613 2112 aequalem
641 2063 874 2113 temporibus
906 2063 1062 2114 hujusce
1092 2064 1182 2100 belli

83 2126 319 2175 potissimum
335 2134 527 2162 auctorem
542 2127 670 2162 habui.
719 2126 928 2169 Hannibal,
945 2127 1181 2176 captivorum

84 2190 147 2238 qui
165 2189 294 2226 Latini
314 2191 476 2226 nominis
497 2197 635 2233 essent,
655 2191 736 2226 sine
762 2192 884 2241 pretio
904 2191 1080 2232 dimissis,
1100 2190 1182 2226 Ro-

84 2254 203 2289 manis
223 2255 262 2289 in
281 2255 430 2290 vincula
445 2255 556 2297 datis,
573 2261 770 2303 segregata
788 2267 834 2291 ex
849 2255 1016 2290 hostium
1032 2267 1183 2289 coacer-

87 2322 256 2354 vatorum
275 2318 431 2356 cumulis
453 2330 612 2369 corpora
631 2330 784 2354 suorum
803 2331 918 2367 quum
937 2316 1084 2367 sepeliri
1098 2316 1181 2367 jus=
