1527 2661
279 183 363 237 562
723 202 768 232 T.
793 204 929 235 L1V11

80 285 126 358 ΙΑΙ.
137 285 176 359 ἓ.
193 292 266 317 542.
280 293 416 323 vocata
435 288 488 324 ita
507 288 705 327 disseruit:
728 295 790 329 Ad
809 296 929 331 urbem
948 309 1058 333 unam
1072 297 1348 346 obpugnandum
1365 302 1398 337 si

112 350 120 360 '
166 352 174 359 '
192 337 265 361 2¹⁰⁸
279 351 356 398 quis
381 364 441 387 vos
468 354 642 390 adductos
670 358 795 400 credit,
818 360 847 394 is
874 362 989 408 magis
1007 364 1122 409 operis
1149 365 1268 406 vestri,
1289 376 1397 412 quam

276 415 506 453 emolumenti
524 420 702 455 rationem
721 427 898 465 exactam,
915 425 1058 467 milites,
1080 426 1193 462 habet.
1253 428 1396 475 Obpug-

274 479 406 515 nubitis
430 483 523 517 enini
542 494 624 518 vere
649 487 778 521 nzoenia
807 489 913 523 unius
938 489 1047 532 urbis,
1067 491 1129 526 sed
1156 492 1192 526 in
1210 503 1284 527 una
1311 491 1398 527 urbe

272 546 475 583 universam
501 551 663 597 ceperitis
682 551 911 600 Hispaniam.
958 556 1032 591 Hic
1055 561 1138 592 sunt
1159 556 1293 593 obsides
1317 569 1394 593 om·-

77 598 261 673 Ssshffitfft'es
274 611 372 645 nium
388 611 558 649 nobilium
575 626 698 662 regum
714 618 1025 665 populorumque:
1057 621 1131 668 qui,
1150 621 1258 656 simul
1273 622 1310 657 in
1325 634 1395 669 po·

77 684 193 724 Scipio.
274 679 400 711 testate
428 681 546 712 vestra
582 683 699 721 erunt,
729 682 904 729 extemplo
933 684 1066 725 omnia,
1097 695 1175 731 quae
1202 696 1296 720 nunc
1331 685 1395 721 sub

272 739 630 789 Karthaginiensibus
653 749 749 787 sunt,
773 747 808 780 in
828 747 999 783 ditionem
1026 749 1179 785 tradent.
1235 750 1309 785 Hic
1328 762 1394 798 pe-

270 806 377 840 cunia
397 809 510 842 omnis
534 807 701 851 hostium,
724 811 801 845 sine
819 823 890 858 qua
914 823 1026 859 neque
1051 813 1109 847 illi
1124 824 1247 859 gerere
1265 813 1396 850 bellum

263 875 429 916 possunt,
447 874 577 921 quippe
593 875 653 921 qui
672 877 909 911 mercenarios
923 878 1095 912 exercitus
1109 877 1213 912 alant
1223 894 1236 921 ‚·
1265 883 1301 914 et
1318 890 1396 925 quae

267 935 367 971 nobis
385 939 541 973 maximo
560 941 641 974 usui
667 941 716 974 ad
737 941 980 976 conciliandos
1006 943 1144 977 animos
1162 941 1394 978 barbarorum

267 1000 346 1035 erit.
402 1001 476 1035 Hic
506 1006 697 1043 tormenta,
726 1016 842 1045 arma,
865 1009 1104 1046 armamenta,
1133 1010 1168 1040 et
1194 1007 1307 1042 omnis
1324 1007 1392 1042 ad-

263 1068 418 1112 paratus
439 1064 520 1100 belli
540 1070 603 1107 est,
622 1068 683 1113 qui
701 1067 810 1102 simul
829 1072 864 1102 et
881 1080 940 1103 vos
960 1070 1123 1110 instruet,
1144 1073 1178 1104 et
1197 1069 1310 1105 hostes
1323 1082 1392 1105 nu-

266 1127 377 1163 dabit.
428 1129 614 1165 Potiemur
639 1136 817 1177 praeterea
837 1144 945 1179 quum
974 1132 1216 1180 pulcherrima
1241 1134 1393 1181 opulen-

267 1192 473 1241 tissimaque
491 1194 587 1236 urbe,
611 1198 686 1230 tum
707 1197 1008 1243 opportunissima
1026 1201 1134 1244 portu
1153 1198 1305 1244 egregio,
1322 1209 1390 1233 un-

265 1258 310 1292 ‹le
325 1262 422 1294 terra
441 1260 615 1307 marique,
631 1272 710 1308 quce
722 1260 805 1295 belli
824 1273 904 1296 usus
922 1265 1084 1308 poscunt,
1100 1262 1366 1309 subpeclitentur
1378 1278 1394 1298 .-

268 1334 345 1369 quoe
364 1335 472 1370 quum
491 1336 624 1371 magna
645 1326 711 1372 ipsi
734 1324 947 1368 habebimus,
970 1330 1045 1361 tum
1065 1327 1290 1362 denzserimus
1310 1327 1390 1363 lios-

267 1386 356 1422 tibus
374 1388 488 1423 multo
508 1387 657 1434 majora.
705 1389 794 1425 Haec
819 1390 890 1424 illis
908 1401 987 1431 arx,
1008 1389 1074 1425 hoc
1099 1389 1276 1432 horreum,
1298 1403 1391 1427 cera-

264 1454 373 1496 rium,
400 1457 735 1497 armamentarium,
757 1455 822 1492 hoc
849 1457 1005 1491 omnium
1034 1468 1153 1491 rerum
1181 1459 1387 1502 receptacu-

265 1518 339 1552 lum
359 1523 420 1553 est.
468 1519 566 1554 Hine
583 1524 701 1554 rectus
730 1521 767 1554 in
786 1519 954 1567 Africam
977 1531 1096 1554 cursus
1122 1523 1174 1554 est
1187 1535 1198 1553 .·
1227 1519 1298 1554 Izaec
1316 1531 1390 1554 una

265 1584 357 1618 inter
376 1583 591 1630 Pyrenaeum
616 1588 651 1618 et
676 1583 793 1618 Gades
815 1585 926 1618 statio
939 1600 951 1619 .·
980 1583 1062 1618 hinc
1084 1585 1179 1618 omni
1198 1583 1386 1631 Hispania²

264 1648 413 1682 inminet
431 1645 573 1696 Africa.
623 1647 709 1689 Sed,
731 1649 900 1695 quoniam
925 1659 985 1683 vos
1012 1649 1201 1683 instructos
1225 1652 1260 1683 et
1286 1648 1384 1683 ordi-

262 1716 366 1747 natos
392 1724 575 1759 cognoscm
597 1713 645 1747 acl
671 1712 935 1760 Karthaginem
961 1724 1090 1748 novam
1110 1712 1385 1760 obpugnandam

264 1778 347 1812 totis
359 1777 491 1812 viribus
510 1782 544 1812 et
561 1777 649 1813 bono
668 1779 790 1813 animo
807 1783 1038 1813 transeamus.
1086 1777 1288 1824 Quumque
1301 1788 1384 1811 om-

262 1853 327 1876 nes
347 1855 421 1877 una
436 1855 542 1885 voce,
564 1842 629 1878 hoc
638 1842 870 1890 faciendum,
892 1841 1185 1884 subclamarent,
1199 1853 1268 1877 eos
1279 1841 1384 1877 Kar-

263 1906 459 1954 thaginem
480 1907 610 1942 duxit:
642 1913 723 1942 tum
752 1913 852 1943 terra
879 1900 1047 1955 mistique
1069 1918 1150 1941 eam
1171 1905 1386 1955 obpugnat}

255 1969 381 2020 jubet.

65 2035 231 2108 ξὲἱῑὲὶἰξὲ)
316 2036 463 2073 XLIV.
496 2038 641 2074 Contra
662 2038 783 2087 Mago
803 2039 1011 2075 Poenorum
1030 2037 1120 2080 dux,
1141 2049 1257 2085 quum
1282 2041 1383 2073 terra

66 2129 218 2161 pugnata.
262 2101 432 2149 marique
462 2102 597 2138 instrui
618 2102 946 2152 obpugnationem
965 2101 1121 2143 videret,
1143 2107 1180 2136 et
1209 2101 1289 2150 ipse
1319 2113 1384 2136 co-

261 2165 341 2215 pias
372 2165 427 2201 ita
455 2166 635 2215 disponit.
692 2166 981 2216 Oppidanorum
1010 2166 1084 2201 duo
1114 2163 1232 2200 millia
1259 2163 1307 2200 ab
1337 2176 1381 2199 ea

261 2237 383 2280 parte,
405 2244 478 2279 qua
499 2238 622 2267 castra
642 2230 822 2267 Romana
838 2235 960 2273 erant,
978 2229 1162 2279 obponit:
1195 2228 1383 2277 quingen-

262 2295 309 2330 tis
330 2294 514 2332 militibus
531 2308 654 2332 arcem
672 2296 810 2331 insedit
827 2311 833 2331 :
867 2295 1097 2343 quingentos
1114 2291 1263 2329 tumulo
1278 2291 1380 2328 urbis

263 2360 300 2395 in
321 2360 506 2397 orientem
524 2374 633 2398 verso
654 2361 828 2412 inponit:
862 2358 1142 2396 multitudinem
1163 2357 1288 2399 aliam,
1305 2367 1380 2406 quo
