1527 2661
107 285 150 315 U.
165 286 201 317 C.
217 295 288 318 540.

104 329 144 359 A.
160 330 195 360 C.
215 338 289 361 212.

97 1129 205 1160 Altera

95 1180 194 1202 etiam
212 1182 278 1202 cas-

94 1220 142 1246 tra
157 1223 258 1256 capta.

298 198 384 241 494
757 202 802 230 T.
826 203 957 231 L1v11

301 290 347 326 ad
366 296 510 339 portas,
542 288 602 325 alii
625 289 792 339 obseptis
825 290 1021 326 itineribus
1052 304 1163 340 super
1185 292 1323 329 vallum
1352 307 1410 331 sa-

299 354 420 391 liunt:
454 363 504 396 et,
528 351 740 403 utquisque
762 362 943 398 evaserat,
961 357 1132 405 protinus
1153 357 1200 392 ad
1220 365 1342 394 castra
1358 359 1412 395 al-

298 426 379 455 tera
399 419 551 468 fugiunt
568 435 574 454 :
608 418 673 454 ubi
693 419 740 455 ab
761 420 919 455 cohorte
938 427 977 456 et
992 421 1180 469 equitibus
1198 435 1242 458 ex
1260 423 1411 459 occulto

297 482 606 533 procurrentibus
624 483 884 525 circumventi,
903 485 1062 533 caesique
1082 485 1129 520 ad
1149 498 1263 521 unum
1280 499 1410 523 omnes

295 553 408 583 sunt:
441 559 684 595 quamquam,
705 547 819 582 etiam
847 548 878 582 si
897 548 979 595 quis
1003 560 1049 583 ex
1075 561 1119 583 ea
1138 549 1236 584 caede
1262 550 1413 599 effugis-

296 617 368 653 set,
390 610 484 646 adeo
510 610 649 659 raptim
669 611 789 660 captis
817 610 1057 660 propioribus
1078 612 1209 648 castris
1230 613 1269 648 in
1294 613 1413 650 altera

294 682 553 712 transcursum
582 682 705 711 eastra
734 675 781 710 ab
810 674 996 711 Romanis
1034 683 1105 718 est,
1136 683 1178 712 ut
1208 679 1414 726 praevenire

294 741 456 777 nuncius
477 739 592 776 cladis
612 752 689 775 non
710 747 850 790 posset.
907 739 967 775 Ibi
983 752 1086 782 vero,
1104 752 1180 788 quo
1199 740 1349 790 longius
1365 742 1413 778 ab

294 806 405 842 hoste
433 805 604 847 aberant,
626 811 663 840 et
683 804 772 853 quia
798 803 867 840 sub
886 803 1009 840 lucem
1034 804 1269 854 pabulatum,
1290 805 1412 854 ligna-

295 878 390 913 tum,
419 876 457 905 et
485 868 693 918 praedatum
713 868 864 916 quidam
891 868 1024 918 dilapsi
1044 868 1208 911 fuerant,
1239 869 1414 918 neglecta

294 934 414 982 magis
441 933 570 968 omnia
598 945 642 968 ac
672 931 798 967 soluta
825 933 1025 968 invenere:
1059 945 1163 968 arma
1191 939 1341 969 tantum
1370 933 1409 969 in

292 996 520 1034 stationibus
559 996 706 1045 posita:
740 995 877 1031 milites
916 997 1091 1038 inernies,
1123 1002 1188 1031 aut
1215 996 1320 1032 humi
1350 1010 1409 1033 se-

292 1063 422 1098 dentes
441 1061 761 1109 adcubantesque,
779 1067 843 1095 aut
859 1059 1148 1095 obambulantes
1166 1066 1254 1095 ante
1270 1060 1409 1097 vallum

290 1134 507 1176 portasque.
556 1126 650 1160 Cum
672 1125 730 1160 his
747 1130 824 1159 tam
845 1124 984 1159 securis
1001 1122 1209 1172 solutisque
1224 1123 1407 1168 Romani,

291 1190 454 1227 calentes
472 1191 594 1226 adhuc
614 1190 660 1226 ab
676 1190 818 1226 recenti
839 1201 978 1238 pugna,
997 1187 1214 1236 ferocesque
1234 1189 1406 1233 victoria,

289 1256 466 1306 proelium
485 1256 630 1292 ineunt.
679 1254 813 1302 ltaque
833 1265 1069 1302 nequaquam
1085 1253 1208 1288 resisti
1227 1254 1266 1288 in
1285 1254 1404 1303 portis

288 1322 438 1370 potuit:
471 1321 570 1356 intra
600 1328 742 1371 portaS,
773 1330 959 1354 concursu
995 1330 1041 1353 ex
1078 1318 1170 1353 totis
1200 1318 1330 1354 castris
1361 1318 1407 1354 ad

287 1387 450 1436 primurn
472 1384 675 1421 clamorem
696 1390 733 1419 et
749 1383 952 1418 tumultum
971 1382 1088 1425 facto,
1104 1388 1214 1419 atrox
1229 1382 1406 1432 proelium

287 1450 430 1485 oritur:
464 1450 602 1498 diuque
627 1448 824 1489 tenuisset,
846 1448 885 1482 ni
905 1453 1061 1483 cruenta
1080 1452 1186 1483 scuta
1205 1446 1403 1483 Romano-

286 1527 369 1550 rum
389 1514 480 1555 visa,
503 1513 681 1548 indicium
710 1511 861 1547 alterius
883 1510 997 1546 cladis
1017 1510 1161 1552 Poenis,
1183 1518 1295 1558 atque
1316 1510 1402 1546 inde

284 1591 463 1628 pavorem
494 1577 725 1627 injecissent.
782 1575 858 1611 Hic
888 1582 1009 1610 terror
1038 1575 1077 1610 in
1106 1574 1235 1622 fugam
1265 1575 1401 1610 avertit

286 1654 440 1678 omnes:
475 1641 671 1689 effusique,
692 1652 766 1688 qua
792 1640 864 1674 iter
892 1646 962 1680 est,
984 1639 1057 1673 nisi
1078 1651 1170 1686 quos
1192 1638 1310 1673 caedes
1331 1637 1400 1674 ob-

284 1707 435 1757 pressit,
457 1710 645 1740 exuuntur
661 1704 804 1739 castris.
863 1703 923 1738 Ita
942 1709 1055 1738 nocte
1076 1714 1119 1737 ac
1137 1702 1195 1737 die
1213 1700 1305 1737 bina
1320 1714 1406 1737 cas-

283 1778 343 1805 tra
358 1770 526 1805 hostium
542 1774 758 1818 expugnata
774 1767 888 1802 ductu
908 1766 954 1801 L.
967 1765 1117 1801 7Alai-cii.
1164 1766 1225 1801 Ad
1243 1766 1401 1814 triginta

284 1840 428 1883 septem
448 1832 565 1868 millia
584 1832 752 1867 hostium
773 1843 881 1872 caesa,
899 1836 1032 1866 auctor
1052 1836 1108 1864 est
1125 1828 1318 1870 Claudius,
1337 1830 1401 1877 qui

283 1897 437 1934 annales
457 1896 653 1932 Acilianos
684 1909 729 1931 ex
750 1895 885 1930 Graeco
916 1896 953 1930 in
973 1894 1156 1930 Latinum
1186 1905 1398 1929 sermonem

280 1962 416 1998 vertit:
450 1968 581 2010 captos
612 1962 657 1996 ad
687 1960 788 1996 mille
819 1962 1060 2008 octingentos
1090 1960 1270 2007 triginta:
1303 1972 1398 2009 prae-

282 2028 369 2063 dam
388 2028 580 2074 ingentem
612 2032 782 2075 partam:
817 2026 853 2060 in
875 2037 918 2060 ea
937 2024 1052 2059 fuisse
1072 2022 1234 2072 clipeum
1262 2035 1399 2072 argen-

282 2097 384 2127 teum
405 2090 532 2139 pondo
549 2097 701 2126 centum
719 2090 879 2137 triginta
894 2094 997 2130 octo,
1016 2100 1100 2123 cum
1122 2088 1285 2135 imagine
1301 2086 1397 2123 Bar-

281 2155 357 2190 cini
384 2153 646 2189 Hasdrubalis.
705 2153 876 2188 Valerius
897 2152 1032 2187 Antias
1061 2163 1136 2186 una
1161 2157 1284 2186 castra
1307 2149 1395 2187 Ma—

281 2219 391 2266 gonis
412 2224 523 2267 capta
539 2217 672 2259 tradit,
692 2225 835 2267 septem
866 2216 983 2252 millia
1003 2228 1099 2251 caesa
1117 2216 1306 2252 hostium:
1340 2215 1394 2251 al-

280 2288 362 2317 tero
382 2281 532 2331 proelio,
553 2282 751 2331 eruptione
779 2290 990 2331 pugnatum
1016 2293 1100 2316 cum
1128 2278 1391 2315 Hasdrubale:

281 2344 408 2380 decem
425 2344 542 2382 millia
557 2346 697 2387 occisa,
715 2351 877 2393 quatuor
893 2343 1013 2380 millia
1026 2349 1218 2380 trecentos
1239 2343 1396 2390 triginta

1514 259 1527 474 ,⁴31fflq„,.-
