1527 2661
314 196 466 224 mean
491 195 601 224 XXI.
635 197 740 224 CAP.
764 197 954 225 xxxln.
1106 185 1182 238 189

84 282 235 326 saltum,
257 290 366 320 nocte
382 285 421 320 in
439 297 506 320 sua
518 297 701 333 quemque
717 283 833 320 dilabi
849 291 971 329 tecta3
1004 284 1087 320 luce
1106 285 1182 334 pri·
1196 293 1238 324 υ,
1249 292 1287 324 c,
1302 300 1375 324 534,

84 358 145 382 ma
163 346 279 382 subiit
301 347 480 390 tumulos,
502 354 543 383 ut
569 360 615 383 ex
634 354 764 397 aperto
790 354 902 395 atque
926 347 1091 383 interdiu
1108 349 1184 384 vim
1194 336 1287 368 ⁴4⁸0·
1300 342 1374 367 ²¹⁵·

83 421 148 458 per
166 411 356 457 angustias
373 410 550 446 facturus.
597 409 671 445 Die
687 410 819 446 deinde
835 410 1046 446 simulando
1066 409 1180 453 aliud,

83 485 195 520 quam
214 473 314 521 quod
332 473 548 522 parabatur,
576 479 788 515 consumto,
810 486 927 521 quum
954 473 1086 509 eodem
1106 485 1181 522 quo

81 537 344 579 constiterant,
364 536 449 572 loco
469 544 591 572 castra
606 537 914 578 communissent,
937 536 999 571 ubi
1018 537 1182 586 primum

81 599 274 647 degressos
303 600 455 636 tumulis
485 606 685 636 montanos
705 599 923 648 laxatasque
953 601 1070 636 sensit
1095 613 1178 637 cus-

82 663 218 707 todias,
239 663 406 714 pluribus
432 664 596 712 ignibus,
618 676 729 712 quam
749 676 819 712 pro
840 676 995 699 numero
1024 676 1179 701 manen-

81 727 190 769 tium,
211 728 248 762 in
269 728 431 776 speciem
449 726 573 768 factis,
595 727 932 776 inpedimentisque
951 740 1036 763 cum
1055 728 1182 776 equite

80 789 233 833 relictis,
254 796 291 826 et
314 791 477 826 maxima
502 796 608 839 parte
631 790 820 839 peditum,
853 791 932 840 ipse
962 804 1047 826 cum
1067 803 1179 841 expe-

79 853 181 896 ditis,
211 856 393 891 acerrimo
412 868 562 904 quoque
590 856 684 898 viro,
704 857 842 906 raptim
870 857 1063 904 angustias
1093 869 1180 892 eva-

80 917 156 954 dit:
192 918 310 968 iisque
341 919 430 969 ipsis
468 919 636 962 tumulis,
669 932 762 968 quos
798 920 926 955 hostes
963 925 1180 964 tenuerant,

78 982 260 1019 consedit.

131 1046 332 1083 XXXIII.
361 1047 488 1083 Prima
506 1047 639 1083 deinde
667 1046 750 1083 luce
770 1053 892 1083 castra
917 1053 1034 1090 mota,
1056 1054 1094 1083 et
1112 1060 1181 1096 ag-

78 1122 164 1146 men
184 1110 367 1160 reliquum
392 1111 563 1147 incedere
583 1112 710 1160 coepit.
765 1110 852 1146 Jam
872 1111 1043 1147 montani
1069 1111 1179 1159 signo

78 1174 166 1210 dato
196 1187 243 1210 ex
277 1174 438 1210 castellis
475 1174 522 1210 ad
554 1175 758 1210 stationem
794 1173 944 1209 solitam
978 1175 1179 1210 convenie-

79 1236 195 1282 bant3
228 1250 342 1286 quum
365 1243 518 1287 repente
548 1237 785 1286 conspiciunt
814 1237 921 1278 alios,
953 1249 1036 1272 arce
1065 1250 1179 1273 occu·

79 1307 168 1349 pata
187 1313 265 1343 sua,
287 1313 397 1350 super
416 1307 529 1349 caput
556 1301 794 1341 inminentes,
815 1299 907 1335 alios
933 1300 992 1334 via
1019 1301 1179 1337 transire

75 1362 216 1399 hostes.
268 1363 437 1411 Utraque
457 1363 567 1408 simul
583 1362 734 1411 objecta
753 1374 810 1397 res
831 1361 949 1397 oculis
969 1363 1178 1411 animisque

76 1426 274 1462 inmobiles
302 1439 501 1476 parumper
529 1439 591 1461 eos
613 1425 763 1461 defixit:
796 1425 927 1460 deinde
947 1432 988 1460 ut
1014 1427 1176 1475 trepida-

76 1490 218 1526 tionem
238 1491 273 1525 in
305 1491 503 1538 angustiis,
524 1502 666 1537 suoque
684 1489 807 1538 ipsum
835 1488 997 1523 tumultu
1027 1489 1175 1525 misceri

73 1565 210 1600 agmen
233 1554 368 1595 videre,
390 1555 493 1602 equis
520 1554 682 1590 maxime
712 1554 975 1595 consternatis,
996 1554 1175 1603 quidquid

74 1614 299 1664 adjecissent
317 1617 387 1666 ipsi
406 1618 572 1659 terroris,
591 1618 679 1652 satis
700 1616 745 1652 ad
766 1616 968 1665 perniciem
986 1616 1067 1652 fore
1086 1619 1173 1659 rati,

74 1680 253 1727 perversis
273 1680 426 1728 rupibus
449 1679 563 1729 juxta
590 1682 691 1716 invia
719 1693 761 1716 ac
791 1680 897 1715 devia
925 1680 1069 1716 adsueti
1098 1681 1174 1716 dis-

74 1748 239 1779 currunt.
295 1743 394 1778 Tum
422 1756 509 1779 vero
540 1743 649 1779 simul
678 1743 724 1779 ab
762 1743 947 1786 hostibus,
982 1742 1093 1779 simul
1125 1743 1172 1779 ab

75 1805 272 1852 iniquitate
306 1806 476 1841 locorum
504 1806 614 1841 Poeni
643 1806 983 1854 obpugnabantur;
1015 1806 1173 1855 plusque

76 1868 173 1903 inter
191 1869 305 1917 ipsos,
330 1869 418 1916 (sibi
437 1882 585 1918 quoque
604 1870 795 1912 tendente,
818 1876 858 1905 ut
884 1869 1050 1919 periculo
1070 1870 1171 1918 prius

77 1933 264 1979 evaderet)
283 1946 393 1981 qnam
410 1947 494 1969 cum
513 1934 699 1977 hostibus,
717 1935 930 1970 certaminis
947 1941 1039 1970 erat.
1072 1934 1172 1982 Equi

74 1998 236 2033 maxime
260 1998 437 2034 infestum
463 2012 598 2047 agmen
617 1999 820 2042 faciebant,
842 2000 904 2048 qui
934 2006 972 2035 et
998 1999 1170 2035 clamori-

74 2060 142 2095 bus
161 2061 335 2104 dissonis,
356 2075 449 2110 quos
469 2075 624 2098 nemora
643 2064 755 2098 etiam
776 2074 1074 2112 repercussaeque
1093 2061 1171 2097 val·

73 2123 124 2158 les
154 2125 357 2171 augebant,
386 2126 507 2160 territi
536 2125 797 2174 trepidabant3
831 2132 867 2160 et
898 2125 960 2159 icti
979 2124 1077 2159 forte
1106 2130 1172 2160 aut

74 2185 256 2222 vulnerati
285 2188 378 2223 adeo
409 2188 760 2229 consternabantur,
782 2193 823 2222 ut
848 2192 1012 2234 stragem
1038 2187 1171 2234 ingen-

75 2255 150 2284 tem
180 2250 288 2285 simul
317 2251 510 2286 hominum
541 2263 583 2286 ac
618 2251 846 2286 sarcinarum
875 2250 996 2284 omnis
1026 2250 1171 2297 generis

75 2310 262 2348 facerent:
302 2313 515 2361 multosque
551 2313 675 2355 turha,
713 2325 826 2361 quum
864 2312 1071 2361 praecipites
1109 2313 1173 2348 de-
