1527 2661
286 135 363 177 128
737 147 782 175 T.
806 148 938 177 mvn

88 236 541 289 ?J.q.459.adparatuque
579 238 683 273 omni
721 238 916 288 opulentia
958 238 1165 288 insignium
1203 250 1394 274 armorum

88 283 176 312 A'('
198 288 269 315 298.
282 299 425 337 bellum
462 300 763 338 adornaverant:
801 310 838 338 et
875 302 1046 338 Deorum
1085 302 1198 337 etiam
1236 300 1395 338 adhibu-

284 371 391 401 erant
420 377 527 415 opeS,
558 366 634 401 ritu
663 366 825 414 quodam
855 367 1081 403 sacramenti
1110 371 1261 401 vetusto
1294 364 1397 400 velut

284 429 443 465 initiatis
473 429 672 473 militibus,
695 430 843 466 delectu
872 444 940 480 per
959 444 1071 466 omne
1102 430 1299 466 Samnium
1326 429 1396 465 ha·

283 492 365 529 bito
384 505 486 528 nova
513 491 623 541 lege:
657 499 712 536 ut,
735 495 798 542 qui
821 493 1022 543 juniorum
1050 507 1129 530 non
1158 494 1398 530 convenisset

284 552 330 593 ad
361 557 652 606 imperatorium
686 558 866 602 edictum,
898 559 1037 608 quique
1066 556 1398 607 injussu-abisset,

283 626 400 671 caput
427 621 517 657 Jovi
546 629 734 658 sacratum
765 629 874 660 esset.
931 623 967 660 T
970 636 1031 658 um
1059 622 1245 659 exercitus
1275 621 1398 658 omnis

282 685 531 735 Aquiloniam
551 693 607 723 est
626 687 790 724 indictus
807 702 814 722 :
848 688 894 724 ad
915 688 1163 736 quadraginta
1189 685 1309 722 millia
1327 685 1398 722 mi-

282 748 408 793 litum,
435 751 538 799 quod
566 750 714 787 roboris
746 752 787 788 in
817 751 973 788 Samnio
1002 757 1096 794 erat,
1127 754 1400 786 convenerunt.

282 812 344 850 Ibi
363 815 494 851 mediis
514 814 593 851 fere
622 817 754 852 castris
784 815 889 853 locus
919 823 977 853 est
995 822 1199 866 conseptus
1229 813 1397 850 cratibus

283 880 513 931 pluteisque,
552 888 590 918 et
625 881 753 919 linteis
792 890 1005 927 contectus,
1043 888 1177 932 patens
1215 881 1399 917 ducentos

285 946 450 982 maxime
470 947 583 997 pedes
604 947 643 984 in
661 960 792 984 omnes
808 949 951 999 pariter
968 955 1107 1000 partes,
1154 946 1216 983 Ibi
1235 959 1283 982 ex
1300 944 1399 983 libro

92 1009 201 1039 Sacra·
239 1052 258 1082 d
283 1017 410 1047 vetere
429 1011 549 1048 linteo
565 1011 666 1048 lecto
686 1013 954 1058 sacrificatum,
972 1013 1168 1050 sacerdote
1183 1011 1283 1047 Ovio
1302 1010 1399 1048 Pac.—

87 1058 237 1134 {Egssffira
260 1071 341 1111 ’tio
360 1075 539 1124 quodam,
568 1076 725 1114 homine
750 1091 891 1128 magno
909 1085 1018 1122 natu,
1039 1078 1105 1127 qui
1130 1090 1170 1114 se
1195 1077 1233 1113 id
1252 1088 1401 1114 sacrum

88 1138 208 1211 tsriirlriffiis
284 1146 413 1190 petere
433 1141 657 1178 adfirmabat
685 1156 732 1179 ex
749 1150 902 1180 vetusta
930 1144 1159 1180 Samnitium
1187 1140 1398 1189 religione3

87 1224 173 1255 tium
189 1200 262 1255 hbr-
285 1217 359 1252 qua
388 1205 580 1253 quondam
613 1206 672 1241 usi
708 1205 873 1256 majores
910 1219 1043 1243 eorum
1077 1205 1254 1248 fuissent,
1284 1216 1401 1253 quum

90 1269 189 1297 tendo
284 1267 493 1304 adimendae
522 1267 695 1305 Etruscis
731 1271 872 1321 Capuae
903 1270 1180 1307 clandestinum
1213 1268 1403 1318 cepissent

88 1311 233 1385 ssffi'fiam
284 1331 498 1370 consilium.
547 1333 741 1371 Sacrificio
771 1335 957 1385 perfecto,
977 1348 1044 1384 per
1069 1335 1254 1370 viatorem
1280 1334 1400 1383 impe-

283 1403 388 1433 rator
414 1398 532 1434 adciri
554 1397 719 1448 jubebat
746 1399 1028 1436 nobilissimum
1056 1410 1242 1448 quemque
1262 1409 1402 1446 genere

283 1461 492 1511 factisque:
517 1463 656 1512 singuli
676 1464 1027 1501 introducebantur.
1058 1463 1152 1499 Erat
1169 1475 1284 1512 quum
1304 1461 1399 1498 alius

284 1526 486 1576 adparatus
517 1528 628 1571 sacri,
659 1530 723 1578 qui
752 1528 979 1579 perfundere
1012 1527 1198 1576 religione
1232 1527 1402 1563 animum

284 1597 438 1640 posset3
470 1597 552 1628 tum
582 1593 620 1628 in
658 1592 745 1629 loco
779 1594 880 1628 circa
907 1593 1013 1628 omni
1042 1597 1222 1628 contecto
1251 1603 1324 1625 arae
1362 1591 1402 1627 in

285 1657 426 1700 medio,
464 1658 704 1706 victimaeque
742 1658 842 1693 circa
882 1669 1002 1698 caesae,
1041 1662 1079 1691 et
1115 1656 1401 1691 circumstantes

287 1724 530 1759 centuriones
552 1723 693 1758 strictis
715 1722 861 1771 gladiis.
909 1720 1196 1757 Admovebatur
1219 1719 1400 1757 altaribus

287 1789 408 1832 miles,
430 1791 549 1838 magis
581 1795 622 1825 ut
650 1789 817 1831 victima,
848 1800 961 1837 quam
991 1793 1033 1822 ut
1061 1785 1159 1822 sacri
1186 1786 1398 1835 particeps:

289 1852 586 1901 adigebaturque
608 1850 874 1901 jurejurando,
906 1863 989 1899 quae
1018 1849 1098 1884 visa
1131 1847 1336 1895 auditaque
1363 1849 1403 1884 in

289 1929 334 1952 eo
370 1916 457 1952 loco
494 1922 634 1958 essent,
668 1928 746 1951 non
781 1916 1071 1950 enunciaturum
1138 1912 1240 1948 Dein
1270 1911 1403 1961 jurare

289 1980 496 2029 cogebatur
526 1980 608 2016 diro
628 1980 792 2028 quodam
821 1979 1001 2019 carmine,
1033 1978 1071 2012 in
1101 1977 1401 2013 exsecrationem

287 2047 422 2096 capitis
442 2045 669 2094 familiaeque
689 2051 727 2080 et
756 2045 882 2094 stirpis
903 2044 1131 2093 composito,
1153 2044 1225 2079 nisi
1252 2044 1343 2079 isset
1362 2044 1402 2078 in

287 2109 478 2161 proelium,
499 2122 575 2158 quo
602 2110 847 2158 imperatores
867 2108 1085 2144 duxissent:
1118 2113 1156 2142 et
1175 2107 1207 2144 si
1233 2113 1298 2143 aut
1323 2107 1403 2156 ipse

290 2188 335 2211 ex
370 2175 449 2210 acie
478 2173 652 2221 fugisset,
688 2180 766 2215 aut,
799 2173 827 2208 si
850 2185 961 2221 quem
992 2171 1203 2221 fugientem
1232 2171 1401 2213 vidisset,

290 2251 369 2274 non
399 2237 590 2287 extemplo
619 2237 833 2274 occidisset.
892 2236 936 2273 Id
956 2237 1078 2287 primo
1099 2235 1249 2286 quidam
1279 2234 1400 2271 abnu-

291 2310 396 2338 entes
421 2301 616 2352 juratixms
647 2313 700 2343 se,
732 2301 948 2337 obtruncati
979 2302 1079 2337 circa
1115 2299 1250 2337 altaria
1287 2305 1397 2335 sunt:
