1527 2661
81 241 123 269 U.
138 240 173 270 C.
191 246 263 271 538.

81 284 118 314 Α.
135 284 171 313 C.
190 290 264 315 214.

81 1769 239 1800 Hennen-

81 1814 168 1843 sium
186 1820 255 1840 mo·

79 1856 219 1886 litiones.

273 139 354 188 416
734 151 778 179 T.
803 151 935 181 L1v11

276 235 387 272 simul
403 249 534 287 parurn
553 236 667 273 fidens
684 239 840 275 navibus
863 241 953 283 suis,
971 241 1110 292 duplici
1126 242 1236 279 facile
1255 255 1384 280 nume-

277 313 319 335 ro
340 299 496 336 classem
516 300 744 338 habentibus
772 301 974 348 Romanis,
996 306 1107 342 simul
1132 307 1257 343 inutili
1282 320 1390 344 mora

277 377 433 400 cernens
463 365 557 400 nihil
589 365 688 401 aliud
720 366 766 402 ab
798 369 873 403 suis
895 382 1007 417 quam
1037 371 1165 421 inopia
1194 371 1393 420 adgravari

275 431 414 473 socios,
435 430 526 466 velis
557 431 595 466 in
626 431 745 467 altum
774 433 884 476 datis,
908 435 946 470 in
969 435 1137 471 Africam
1167 437 1390 473 transmisit.

276 494 327 530 Et
353 494 538 537 Himilco,
561 502 710 531 secutus
742 497 994 546 nequidquam
1020 499 1244 536 Marcellum
1277 501 1389 549 Syra—

276 571 396 601 cusaS,
428 559 458 593 si
479 571 565 607 qua,
587 560 804 609 priusquam
834 560 1041 612 majoribus
1065 564 1183 613 copiis
1206 563 1389 613 jungere-

275 632 350 665 tur,
373 624 524 659 occasio
544 625 740 673 pugnandi
762 632 873 669 esset,
895 633 1099 676 postquam
1117 641 1161 664 ea
1178 627 1284 664 nulla
1298 640 1391 664 con-

275 687 427 736 tigerat,
449 693 648 737 tutumque
667 690 713 725 ad
733 690 936 740 Syracusas
957 699 996 727 et
1021 693 1258 729 munimento
1279 698 1317 728 et
1334 692 1388 728 vi-

274 751 376 787 ribus
397 753 547 789 hostem
565 753 757 799 cernebat,
773 768 821 792 ne
840 755 981 792 frustra
997 756 1200 792 adsidendo
1216 762 1391 807 spectan-

274 815 395 864 doque
419 815 656 853 obsidionem
687 819 877 855 sociorum
906 825 1053 870 tempus
1084 826 1237 862 tereret,
1267 824 1392 856 castra

275 879 362 915 inde
389 881 530 917 movit:
563 888 619 924 ut,
641 895 880 933 quocumque
899 873 1314 921 vocasset'defectionis
1342 882 1390 919 ab

274 942 459 979 Romanis
499 957 596 994 spes,
632 945 850 982 admoveret
884 948 1106 990 exercitum,
1145 959 1188 983 ac
1225 958 1390 997 praesens

274 1019 358 1043 suas
389 1020 447 1043 res
474 1008 693 1046 foventibus
729 1011 883 1046 adderet
912 1011 1073 1047 animos.
1128 1010 1393 1059 Murgantiam

275 1072 451 1119 primum,
473 1074 627 1122 prodito
644 1073 690 1110 ab
708 1074 797 1125 ipsis
818 1075 995 1124 praesidio
1010 1074 1205 1118 Romano,
1224 1074 1390 1124 recepit:

275 1134 338 1170 ubi
355 1135 535 1172 frumenti
551 1150 690 1185 inagna
705 1139 760 1174 vis
777 1145 1087 1187 commeatusque
1103 1137 1227 1174 omnis
1244 1137 1392 1187 generis

275 1199 447 1234 convecti
468 1206 575 1236 erant
595 1200 796 1238 Romanis.

328 1263 547 1300 XXXVII.
577 1265 641 1302 Ad
669 1266 769 1303 hanc
803 1266 1056 1304 defectionem
1089 1268 1213 1303 erecti,
1234 1272 1323 1302 sunt
1357 1271 1395 1301 et

276 1328 432 1365 aliarum
454 1329 664 1367 civitatium
684 1332 799 1368 animi
816 1347 825 1367 2
856 1332 1104 1382 praesidiaque
1122 1330 1302 1367 Romana
1328 1335 1394 1366 aut

276 1392 515 1442 pellebantur
537 1394 701 1439 arcibus,
723 1403 788 1432 aut
813 1396 965 1446 prodita
991 1408 1057 1445 per
1075 1394 1247 1431 fraudem
1266 1392 1395 1444 obpri-

276 1457 488 1496 mebantur.
546 1459 700 1504 Henna,
722 1460 872 1496 excelso
895 1459 982 1496 loco
1002 1473 1045 1496 ac
1070 1465 1262 1510 praerupto
1283 1458 1393 1494 undi-

275 1534 348 1570 que
368 1523 454 1566 sita,
476 1536 591 1573 quum
621 1524 707 1560 loco
736 1523 1041 1574 inexpugnabilis
1070 1529 1164 1567 erat,
1185 1529 1265 1559 tum
1296 1535 1392 1572 prae-

275 1586 411 1622 sidium
433 1587 471 1622 in
492 1600 577 1624 arce
596 1587 776 1632 validum,
793 1588 1088 1639 praefectumque
1108 1587 1273 1637 praesidii
1291 1586 1394 1622 haud

276 1662 366 1686 sane
384 1657 642 1700 opportunum
663 1652 930 1689 insidiantibus
946 1651 1127 1689 habebat.
1157 1651 1204 1687 L.
1217 1650 1394 1686 Pinarius

277 1721 357 1749 erat
377 1715 436 1750 vir
462 1727 561 1758 acer,
593 1722 630 1751 et
650 1716 714 1765 qui
743 1715 825 1766 plus
855 1716 894 1751 in
925 1728 984 1758 eo,
1015 1728 1064 1751 ne
1099 1720 1230 1764 posset
1258 1713 1397 1762 decipi,

277 1791 388 1827 quarn
416 1779 455 1814 in
474 1779 546 1816 fide
577 1780 805 1823 Siculorum,
833 1786 1057 1830 reponeret:
1091 1785 1128 1815 et
1161 1785 1242 1814 tum
1270 1778 1396 1813 inten-

278 1842 411 1878 derant
431 1855 515 1878 eum
536 1843 583 1879 ad
603 1845 759 1880 cavendi
779 1845 908 1880 onmia
928 1856 1055 1879 curam
1072 1849 1130 1878 tot
1147 1842 1284 1878 auditae
1304 1852 1393 1890 pro-

278 1905 439 1943 ditiones
460 1907 767 1957 defectionesque
794 1909 958 1951 urbium,
987 1914 1024 1944 et
1051 1907 1174 1943 clades
1200 1905 1395 1956 praesidio·

277 1984 372 2007 rum.
429 1971 564 2019 Itaque
578 1979 692 2008 nocte
710 1973 842 2021 dieque
856 1972 970 2023 juxta
986 1978 1118 2022 parata
1135 1971 1394 2017 instructaque

277 2035 407 2071 omnia
426 2035 606 2071 custodiis
635 2049 677 2071 ac
698 2036 833 2084 vigiliis
861 2043 990 2072 erant:
1024 2048 1093 2071 nec
1121 2034 1167 2070 ab
1188 2032 1300 2069 armis
1327 2038 1393 2067 aut

278 2100 365 2136 loco
386 2112 454 2135 suo
481 2099 586 2135 miles
607 2100 846 2137 abscedebat.
903 2100 1016 2139 Quod
1044 2099 1107 2135 ubi
1128 2096 1394 2134 Hennensium

278 2162 579 2213 p1·incipes‚jam
608 2165 708 2212 pacti
740 2177 823 2199 cum
854 2164 1075 2202 Himilcone
1104 2162 1150 2198 de
1179 2159 1394 2209 proditione

279 2232 456 2283 praesidii,
491 2230 852 2271 animadverterunt,
891 2228 983 2263 nulli
1023 2225 1214 2262 occasioni
1252 2222 1393 2258 fraudis

278 2299 498 2336 Romanum
525 2301 667 2346 patere,
697 2292 818 2342 palan)
850 2298 978 2327 rentur
1006 2289 1188 2338 agendum
1265 2286 1389 2321 Urbem
