1527 2661
119 272 159 303 U.
172 274 209 305 C.
224 283 296 307 540.

117 317 204 348 A-C.
222 326 296 351 212.

110 728 198 759 Coss.
212 739 292 769 pug—

107 780 187 802 nant
203 782 280 804 cum

110 814 278 847 Hanniba-

107 857 149 893 le,
165 868 259 898 aequo

108 901 222 934 Marte.

90 2348 139 2379 M.
149 2347 266 2378 Cente-

90 2401 173 2423 illus.

309 178 394 229 464
739 193 784 222 T.
812 195 943 223 L1v11

309 278 502 329 delapsum
523 294 609 318 cnm
627 282 780 319 vulnere
801 297 847 320 ex
867 297 964 334 equo
984 285 1148 329 desiluit,
1170 293 1212 323 ut
1234 287 1345 337 pedes
1359 287 1421 338 ja-

309 350 457 380 centem
485 345 699 383 conficeret.
756 347 914 392 Badius,
946 350 1163 399 priusquam
1189 350 1421 401 obprimere-

307 413 382 451 tur,
399 421 530 459 parma
545 417 659 460 atque
671 425 769 461 equo
786 413 934 457 relicto,
952 414 999 450 ad
1014 427 1101 450 suos
1119 415 1277 465 aufugit.
1319 416 1422 452 Cris-

305 473 432 522 pinus,
453 486 604 523 equum,
627 489 804 525 armaque
819 485 944 527 capta,
962 484 999 513 et
1019 485 1213 515 cruentam
1228 480 1421 530 cuspidem

306 537 464 586 insignis
486 539 615 589 spoliis
644 547 856 586 ostentans,
878 556 963 579 cum
983 557 1121 593 magna
1142 544 1251 581 laude
1278 552 1316 581 et
1336 558 1421 594 gra-

304 603 492 641 tulatione
520 605 697 649 militum,
719 607 765 643 ad
793 608 966 644 consules
994 615 1050 645 est
1076 609 1270 654 deductus,
1291 610 1422 646 lauda-

303 675 440 719 tusque
460 670 512 706 ibi
532 671 746 720 magnifice,
767 678 806 708 et
825 673 934 709 donis
955 674 1129 710 donatus.

357 734 474 772 XIX.
504 734 701 772 Hannibal
732 749 779 773 ex
806 750 899 787 agro
924 738 1198 775 Beneventano
1225 744 1350 775 castra.
1374 738 1422 774 ad

304 799 474 850 Capuam
495 814 609 850 quum
630 802 823 845 movisset,
839 803 955 839 tertio
975 810 1063 853 post
1082 803 1154 847 die,
1171 815 1283 852 quam
1298 802 1418 845 venit,

301 864 429 915 copias
450 865 488 900 in
509 865 629 902 aciem
648 866 801 902 eduxit:
833 867 1125 916 haudquaquam
1145 866 1294 909 dubius,
1316 866 1420 915 quod

302 929 520 980 CampaniS,
543 929 698 967 absente
720 944 773 974 se,
794 943 935 981 paucos
963 938 1051 968 ante
1070 932 1149 968 dies
1173 931 1338 967 secunda
1355 930 1417 967 fu-

300 993 391 1029 isset
416 1006 558 1043 pugna,
589 995 679 1043 quin
710 994 831 1031 multo
860 996 984 1031 minus
1015 1008 1054 1031 se
1084 1008 1267 1044 suumque
1300 994 1415 1031 toties

298 1058 481 1095 victorem
501 1059 706 1094 exercitum
729 1060 914 1095 sustinere
930 1059 1098 1096 Romani
1116 1065 1285 1110 possent.
1342 1059 1416 1095 Ce—

297 1128 436 1166 terum,
457 1128 660 1172 postquam
682 1124 843 1173 pugnari
864 1131 1033 1174 coeptum
1052 1130 1123 1168 est,
1145 1124 1314 1173 equitum
1334 1135 1415 1160 ma-

296 1186 396 1222 xime
431 1186 598 1231 incursu,
629 1200 744 1237 quum
775 1187 915 1238 jaculis
945 1187 1183 1231 obrueretur,
1214 1186 1415 1224 laborabat

295 1249 473 1286 Romana
493 1252 615 1287 acies:
648 1252 769 1288 donec
796 1253 946 1301 signum
974 1252 1164 1302 equitibus
1186 1251 1316 1288 datum
1341 1257 1412 1296 est,

295 1314 393 1350 utin
421 1315 570 1351 hostem
591 1315 836 1352 admitterent
863 1329 1003 1366 equos:
1035 1317 1090 1353 ita
1109 1321 1282 1366 equestre
1309 1328 1412 1366 proe-

293 1378 386 1415 lium
412 1386 516 1426 erat3
550 1393 665 1430 quum
692 1380 824 1431 procul
847 1381 947 1417 visus
978 1381 1273 1431 Sempronianus
1304 1392 1411 1416 exer-

293 1443 405 1487 citus,
444 1445 504 1480 cui
535 1445 606 1481 Cn.
621 1445 821 1482 Cornelius
854 1453 1021 1496 quaestor
1051 1451 1226 1496 praeerat,
1262 1445 1410 1494 utrique

293 1509 391 1559 parti
410 1522 540 1559 parem
567 1517 710 1547 metum
729 1511 905 1561 praebuit,
926 1524 974 1548 ne
1002 1511 1131 1547 hostes
1151 1510 1241 1547 novi
1270 1510 1410 1546 adven—

293 1580 429 1610 tarent.
487 1575 602 1612 Velut
628 1588 674 1611 ex
705 1576 918 1625 composito
949 1576 1137 1624 utrimque
1166 1575 1317 1623 signum
1349 1587 1409 1610 re-

291 1639 419 1688 ceptui
456 1639 608 1675 datum:
649 1639 868 1688 reductique
905 1639 945 1675 in
983 1646 1107 1675 castra
1142 1651 1261 1688 prope
1298 1650 1407 1687 aequo

288 1701 417 1738 Marte
438 1703 713 1739 discesserunt:
746 1703 870 1753 plures
894 1709 1022 1739 tamen
1049 1701 1096 1739 ab
1116 1701 1303 1739 Romanis
1329 1703 1406 1753 pri-

289 1780 353 1804 mo
370 1768 523 1804 incursu
550 1769 719 1817 equitum
745 1768 972 1804 ceciderunt.
1031 1767 1125 1804 Inde
1155 1766 1343 1811 consules,
1364 1774 1406 1804 ut

290 1839 503 1869 averterent
528 1833 661 1884 Capua
698 1832 971 1876 Hannibalem,
997 1838 1125 1875 nocte,
1156 1845 1238 1881 quae
1276 1838 1405 1869 secuta

289 1904 359 1940 est,
381 1899 531 1941 diversi,
562 1898 716 1935 Fulvius
744 1899 782 1934 in
812 1910 943 1946 agrum
972 1898 1200 1940 Cumanum,
1222 1896 1401 1933 Claudius

289 1963 328 1998 in
347 1962 524 1999 Lucanos
552 1963 659 2000 abiit.
716 1963 880 2000 Postero
901 1963 972 2005 die,
994 1975 1110 2012 quum
1135 1974 1254 1998 vacua
1279 1967 1403 1998 castra

287 2040 368 2064 esse
380 2027 644 2064 Romanorum
661 2028 881 2064 nunciatum
899 2027 1110 2063 Hannibali
1126 2033 1239 2069 esset,
1252 2032 1290 2062 et
1305 2026 1400 2062 duo-

285 2092 354 2129 bus
393 2093 607 2142 agminibus
644 2093 810 2129 diversos
853 2093 1014 2137 abiisse3
1054 2093 1219 2128 incertus
1261 2091 1398 2141 primo,

285 2163 410 2194 utrum
434 2163 665 2206 sequeretur,
687 2158 854 2207 Appium
880 2157 1019 2193 institit
1047 2157 1165 2206 sequi.
1222 2155 1305 2198 Ille,
1327 2155 1398 2190 cir-

284 2223 487 2258 cumducto
511 2222 634 2265 hoste,
656 2235 729 2271 qua
748 2222 882 2265 voluit,
904 2221 979 2258 alio
999 2222 1133 2257 itinere
1159 2221 1204 2257 ad
1225 2221 1395 2269 Capuam

285 2287 407 2324 rediit.
465 2286 673 2323 Hannibali
696 2287 769 2323 alia
790 2289 826 2323 in
848 2288 905 2323 his
926 2287 1017 2323 locis
1038 2286 1135 2323 bene
1150 2285 1321 2334 gerendae
1342 2285 1396 2321 rei

280 2351 440 2389 'fortuna
469 2351 599 2389 oblata
626 2359 695 2389 est.
752 2352 809 2389 M.
827 2353 1033 2388 Centenius
1063 2351 1135 2388 fuit
1169 2349 1395 2400 cognomine
