1527 2661
423 158 577 188 LIBER
602 158 672 187 lx.
705 158 812 186 CAP.
833 158 916 187 XV.
1175 157 1227 200 23

113 246 225 284 caedis
245 245 382 283 milites
405 258 426 282 e
442 247 574 283 castris
593 246 761 283 hostium
781 246 941 296 imperio
961 258 1005 282 ac
1031 245 1142 282 minis
1163 258 1228 283 ex·
1244 245 1335 276 ΠΟ·
1352 250 1428 277 434·
1452 272 1455 273 ⁷

115 311 312 362 pulissent.
355 310 490 359 Itaque
526 310 626 360 apud
663 310 832 346 infensos
862 309 912 346 ob
949 289 1427 359 interpeuatamA-C·am.

115 374 351 412 dulcedinem
371 375 435 411 irae
465 375 665 411 confestim
695 374 819 410 oratio
848 373 981 410 habita
1009 380 1080 416 est,
1103 380 1144 409 ut
1163 374 1232 411 do-

116 445 264 475 ceretur
283 438 403 482 miles,
425 440 569 475 minime
594 439 762 486 cuiquam
787 439 947 474 militum
977 439 1133 474 consules
1152 439 1236 474 odio

115 503 154 538 in
173 502 288 538 hostes
312 504 462 545 cessisse,
483 508 549 539 aut
573 514 726 539 cessuros
739 518 751 538 .·
779 504 865 550 quin
886 503 1004 544 duces,
1023 503 1116 538 sicut
1136 503 1234 546 belli,

116 568 171 604 ita
202 568 414 604 insatiabilis
436 569 618 616 supplicii,
645 567 798 616 futuros
820 566 952 616 fuisse,
990 567 1029 603 ni
1059 571 1238 615 respectus

116 633 275 680 equitum
302 637 558 674 sexcentorum,
579 633 641 680 qul
670 632 831 668 Luceriae
859 631 990 667 obsides
1018 635 1236 674 tenerentur,

115 696 347 743 praepedissel
374 698 536 732 animos:
563 707 608 731 ne
635 697 822 744 desperata
848 697 954 731 venia
991 695 1105 731 hostes
1132 706 1239 732 coecos

118 759 154 794 in
173 761 353 808 supplicia
377 772 497 796 eorum
519 765 653 808 ageret,
670 761 819 808 perdere
840 763 956 809 prius,
978 772 1085 808 quam
1104 761 1238 807 perire,

119 828 296 871 optantes.
327 823 502 863 Laudare
521 837 565 860 ea
583 824 737 867 milites,
756 824 951 873 laetarique
971 823 1124 860 obviam
1142 824 1240 861 itum

121 887 188 924 irae
225 900 301 924 suae
339 901 434 932 esse,
468 902 512 926 ac
548 889 674 933 fateri,
713 890 844 925 omnia
878 888 1059 939 patienda
1095 888 1238 938 potius,

121 963 236 1002 quam
255 953 477 1003 proderetur
505 953 604 991 salus
634 960 696 990 tot
724 954 939 1005 principum
963 952 1152 990 Romanae
1175 951 1241 1003 ju-

121 1018 302 1054 ventutis.

176 1082 267 1120 XV.
296 1082 465 1121 Dimissa
494 1085 694 1128 concione,
719 1083 921 1121 consilium
948 1082 1138 1125 habitum,
1159 1093 1242 1119 om-

122 1146 286 1185 nibusne
315 1149 434 1199 copiis
464 1149 666 1186 Luceriam
694 1154 924 1199 premerent,
948 1161 997 1184 an
1027 1146 1147 1184 altero
1176 1158 1243 1182 ex-

121 1212 245 1247 ercitu
270 1220 308 1248 et
327 1213 421 1249 duce
439 1214 556 1264 Apuli
576 1215 689 1257 circa,
711 1227 802 1262 gens
823 1213 946 1249 dubiae
973 1213 1021 1249 ad
1046 1212 1084 1247 id
1109 1209 1245 1246 volun-

125 1275 230 1318 tatis,
265 1282 515 1312 tentarentur.
563 1276 750 1312 Publilius
782 1275 928 1319 consul,
960 1276 1006 1311 ad
1040 1285 1246 1324 peragran-

125 1337 212 1374 dam
231 1338 424 1387 profectus
443 1338 638 1388 Apuliam,
655 1338 802 1387 aliquot
821 1338 1063 1386 expeditione
1080 1349 1157 1372 una
1176 1349 1246 1386 po-

125 1401 235 1453 pulos
256 1409 322 1438 aut
342 1403 376 1438 vi
397 1402 562 1452 subegit,
581 1410 646 1439 aut
662 1402 946 1439 conditionibus
963 1404 1003 1439 in
1023 1402 1245 1438 societatem

121 1467 282 1517 accepit.
324 1467 480 1517 Papirio
509 1481 673 1516 quoque,
696 1469 759 1516 qui
789 1468 965 1504 obsessor
984 1467 1155 1503 Luceriae
1185 1479 1243 1502 re·
1257 1473 1391 1504 Luceria

127 1530 289 1573 stiterat,
309 1530 414 1567 brevi
435 1532 481 1568 ad
499 1543 604 1582 spem
624 1538 779 1567 eventus
806 1531 1027 1582 respondit:
1060 1543 1164 1573 nam,
1185 1523 1360 1566 in-oeaP‘a'

127 1595 239 1631 sessis
260 1595 435 1631 omnibus
455 1595 539 1638 viis,
560 1608 625 1645 per
645 1608 737 1644 quas
760 1602 993 1632 commeatus
1015 1608 1061 1631 ex
1089 1594 1246 1630 Samnio

129 1658 449 1703 subvehebantur,
470 1659 570 1696 fame
595 1660 730 1696 domiti
758 1660 961 1702 Samnites,
983 1660 1048 1708 qui
1073 1658 1248 1694 Luceriae

129 1723 171 1759 in
188 1723 365 1773 praesidio
395 1730 516 1768 erant,
536 1723 684 1773 legatos
709 1726 845 1760 misere
875 1724 921 1759 ad
941 1722 1136 1759 consulem
1164 1722 1249 1757 Ro-

131 1800 300 1832 manum,
320 1794 377 1831 ut,
397 1790 557 1838 receptis
587 1788 791 1837 equitibus,
813 1788 877 1837 qui
907 1799 1041 1823 caussa
1068 1786 1159 1822 belli
1190 1798 1248 1822 es-

132 1858 231 1895 sent,
269 1852 469 1889 absisteret
506 1853 717 1890 obsidione.
774 1852 848 1888 His
886 1851 1060 1902 Papirius
1099 1851 1154 1886 ita
1190 1863 1249 1886 re-

132 1916 308 1966 spondit:
340 1917 517 1954 Debuisse
544 1930 601 1954 eos
620 1919 807 1960 Pontium,
829 1918 1003 1953 Herenniz
1018 1916 1158 1965 filium,
1183 1927 1253 1964 quo

131 1986 279 2019 auctore
303 1982 485 2020 Romanos
511 1983 573 2019 sub
592 1982 725 2031 jugum
750 1984 935 2024 misissent,
957 1982 1147 2023 consulere,
1169 1981 1268 2028 quid.

131 2049 233 2086 victis
257 2050 471 2098 patiendum
497 2055 676 2086 censeret:
704 2054 873 2091 celerum,
904 2049 1072 2097 quoniam
1101 2047 1145 2082 ab
1175 2046 1255 2082 hos-

134 2114 224 2151 tibus
243 2115 281 2151 in
307 2126 344 2151 se
361 2127 463 2163 oequa
487 2116 614 2157 statui,
635 2127 743 2162 quum
761 2116 798 2150 in
824 2108 860 2149 se
888 2114 956 2162 ipsi
973 2111 1093 2162 ferre,
1114 2112 1252 2147 malue-

134 2180 224 2222 rint,
254 2182 424 2216 nunciare
455 2179 648 2216 Luceriam
677 2178 808 2229 jussit,
839 2190 957 2221 arma,
986 2179 1159 2217 sarcinas,
1188 2174 1251 2221 ju·
1265 2174 1465 2225 Subjugum

135 2248 269 2286 menta,
291 2245 557 2280 multitudinem
576 2256 713 2281 omnem
735 2243 899 2279 inbellem
925 2243 1020 2278 intra
1039 2240 1169 2276 moenia
1195 2250 1252 2274 re·
1264 2219 1463 2294 ffiffifflam'

137 2307 335 2356 linquerent
348 2324 360 2345 :
391 2309 544 2346 ‘militem
576 2320 614 2345 se
648 2319 731 2345 cum
761 2307 912 2355 singulis
945 2304 1162 2342 vestimentis
1190 2302 1255 2339 sub
