1527 2661
386 163 540 191 LIBER
564 164 610 190 Χ.
644 163 750 191 CAP.
774 163 938 192 XLVII.
1139 166 1215 206 141

107 257 255 287 tantum
286 251 570 288 centurionibus
601 258 714 300 atque
742 251 932 300 equitibus
963 252 1220 302 (malignitate
1233 257 1415 293 U-C.459.

106 313 261 364 collegae
277 317 420 364 gratius
440 316 713 366 accipientibus
734 318 890 363 munus)
912 316 1052 354 divisit.
1095 318 1220 356 Favor
1231 302 1320 334 A'C'
1334 309 1409 335 293’

106 379 271 415 consulis
292 386 436 416 tutatus
467 380 514 416 ad
545 380 727 430 populum
758 387 814 415 est
833 380 880 417 L.
900 380 1140 418 Postumium
1166 382 1220 419 le-

106 448 238 490 gatum
273 441 377 492 ejus:
410 444 474 492 qui
510 443 612 479 dicta
648 444 708 479 die
745 457 768 479 a
802 442 859 479 M.
887 444 1027 480 Cautio
1064 446 1220 483 tribuno

105 505 240 556 plebis,
261 507 411 555 fugerat
436 507 476 543 in
506 507 735 556 legationem
759 509 819 556 (ut
843 508 945 544 fama
964 508 1126 556 ferebat)
1149 523 1219 560 po-

105 569 184 619 puli
200 569 409 619 judicium:
435 570 652 621 jactarique
681 573 818 620 magiS‚
839 585 953 621 quam
981 574 1126 623 peragi,
1156 587 1219 611 ac-

104 635 250 670 cusatio
270 634 349 685 ejus
370 642 532 685 poterat.

155 697 323 735 XLVII.
353 700 504 735 Exacto
531 699 613 749 jam
646 712 762 743 anno,
801 701 889 736 novi
924 700 1068 737 tribuni
1098 701 1217 752 plebis
1231 714 1382 746 Lustrum

100 761 364 808 magistratum
392 763 578 799 inierant:
612 763 732 811 iisque
762 763 866 812 ipsis,
897 764 987 812 quia
1015 765 1107 800 vitio
1137 779 1218 802 cre·
1230 756 1410 790 ⁰0¹¹ditu¹ffi

100 824 154 860 ati
173 832 294 870 erant,
316 827 481 876 quinque
503 833 591 877 post
620 826 697 863 dies
717 826 782 863 alii
802 826 977 864 subfecti.
1034 828 1219 868 Lustrum

101 891 298 928 conditum
336 905 381 928 eo
411 905 512 928 anno
543 897 600 928 est
636 905 659 927 a
687 891 730 928 P.
762 891 942 928 Cornelio
973 893 1132 938 Arvina,
1171 895 1218 934 C.

98 954 250 993 BIarcio
283 956 433 1001 Rutilo,
472 957 717 994 censoribus:
750 970 864 994 censa
897 959 1064 1008 capitum
1097 959 1218 997 millia

100 1020 265 1057 ducenta
293 1023 493 1071 sexaginta
511 1022 587 1059 duo
616 1028 788 1059 trecenta
812 1023 948 1071 viginti
969 1023 1056 1060 duo.
1114 1024 1215 1060 Cen·

100 1097 203 1121 sores
229 1086 398 1122 vicesimi
427 1087 526 1123 sexti
555 1100 577 1123 a
608 1087 739 1137 primis
778 1087 1021 1133 censoribu83
1053 1087 1216 1126 lustrum

100 1149 420 1187 undevicesimum
456 1151 542 1188 fuit.
597 1150 748 1187 Eodem
785 1163 887 1187 anno
926 1152 1100 1187 coronati
1136 1153 1215 1202 pri-

98 1225 215 1256 mum,
245 1213 295 1250 ob
328 1227 386 1251 res
423 1215 526 1251 bello
563 1215 662 1251 bene
691 1221 831 1264 gestaS,
869 1214 977 1260 ludos
1014 1215 1214 1253 Romanos

100 1284 388 1327 spectaverunt:
421 1279 631 1330 palmaeque
660 1285 742 1314 tum
770 1279 948 1328 primum,
979 1278 1165 1316 translato
1194 1292 1215 1316 e

100 1341 249 1378 Graecia
275 1355 395 1386 more,
433 1343 640 1380 victoribus
678 1343 788 1379 datae.
843 1342 991 1379 Eodem
1028 1356 1130 1380 anno
1166 1343 1215 1381 ab

95 1405 266 1442 aedilibus
296 1407 502 1451 curulibus,
524 1408 588 1457 qui
617 1419 682 1443 eos
711 1406 820 1442 ludos
849 1406 1036 1450 feceruut,
1057 1407 1214 1444 damna-

92 1471 141 1507 tis
171 1470 316 1520 aliquot
344 1473 543 1522 pecuariis,
573 1472 635 1508 via
663 1485 686 1507 a
713 1471 851 1507 BIartis
872 1470 976 1507 silice
1004 1472 1052 1507 ad
1079 1471 1211 1508 Bovil-

96 1535 150 1572 las
180 1542 370 1586 perstrata
399 1543 468 1573 est.
528 1536 697 1572 Comitia
727 1535 942 1571 consularia
969 1535 1015 1572 L.
1036 1535 1209 1585 Papirius

95 1600 251 1637 habuit:
285 1602 425 1637 creavit
454 1601 627 1637 consules
648 1601 697 1640 Q.
718 1600 879 1636 Fabium
907 1598 1071 1635 blaximi
1091 1600 1211 1637 filium

95 1664 296 1714 Gurgitem
332 1672 370 1702 et
405 1665 456 1702 D.
493 1666 652 1702 Junium
693 1666 856 1707 Brutum
895 1663 1088 1699 Scaevam:
1128 1665 1209 1714 ipse

93 1729 267 1779 Papirius
294 1737 435 1780 praetor
452 1729 588 1766 factus.
645 1728 781 1765 Multis
808 1727 918 1764 rebus
948 1727 1056 1764 laetus
1086 1740 1207 1764 annus

94 1793 157 1829 vix
177 1793 224 1828 ad
252 1793 430 1829 solatium
459 1794 570 1829 unius
601 1792 704 1835 mali,
725 1791 953 1842 pestilentiae
983 1792 1125 1827 urentis
1156 1792 1205 1827 si-
1218 1797 1407 1831 Pestilentia.

93 1855 173 1892 mul
191 1856 322 1893 urbem
342 1863 454 1906 atque
481 1869 607 1905 agros,
628 1856 792 1892 subfecit
805 1871 816 1900 3
847 1861 1103 1905 portentoque
1121 1854 1206 1905 jam

93 1920 223 1957 similis
261 1921 384 1958 clades
421 1928 524 1957 erat:
565 1927 603 1957 et
639 1920 729 1957 libri
766 1919 874 1962 aditi,
912 1920 1067 1968 quinam
1103 1919 1202 1963 finis,

92 1990 158 2021 aut
176 1985 278 2033 quod
296 1985 502 2021 remedium
529 1983 609 2034 ejus
629 1983 719 2021 mali
744 1983 791 2020 ab
811 1983 897 2019 Diis
917 1983 1081 2020 daretur.
1137 1983 1204 2020 In—

91 2057 246 2085 ventum
275 2050 314 2086 in
351 2050 470 2093 libris,
509 2049 775 2100 AEsculapium
811 2048 858 2085 ab
887 2047 1084 2098 Epidauro
1120 2048 1203 2084 Ro-

89 2126 189 2150 mam
218 2114 503 2150 arcessendum:
535 2126 658 2163 neque
687 2126 732 2150 eo
753 2126 869 2155 anno,
890 2112 979 2161 quia
1006 2110 1108 2148 bello
1138 2124 1202 2148 oc-

90 2178 218 2227 cupati
246 2177 420 2214 consules
450 2184 573 2221 erant,
599 2178 805 2227 quidquam
834 2177 880 2212 de
909 2187 954 2212 ea
980 2187 1020 2211 re
1050 2182 1199 2211 actum:

90 2248 341 2292 praeterquam
374 2242 475 2291 quod
511 2255 630 2279 unum
667 2242 767 2279 diem
796 2239 1022 2291 AEsculapio
1059 2238 1202 2290 suppli-

90 2307 191 2343 catio
208 2306 340 2344 habita
360 2313 428 2345 est.
