1527 2661
362 217 517 247 LIBER
542 217 661 246 xxv.
698 214 805 246 cAr.
827 215 962 246 xxn.
1132 202 1214 255 467

103 317 194 354 que,
215 312 252 342 et
271 306 372 343 silvis
388 307 579 357 disponit3
612 306 690 356 qui,
707 307 817 355 signo
837 306 941 349 dato,
958 302 1069 341 simul
1085 317 1214 341 omnes

103 381 128 406 e
153 369 305 406 latebris
339 372 587 407 exsisterent:
620 377 658 406 et
684 370 895 419 Magonem
923 382 967 406 ac
996 369 1071 405 duo
1100 369 1218 406 ferme

108 432 227 470 millia
259 434 442 483 equitum,
473 448 548 484 qua
569 435 700 484 fugam
730 434 997 471 inclinaturam
1026 433 1216 476 credebat,

108 498 237 533 onmia
256 498 393 535 itinera
418 500 580 535 insidere
592 498 727 549 jubet:
760 499 818 534 his
848 505 961 535 nocte
983 498 1217 549 praeparatis,

106 561 227 612 prima
246 562 330 599 luce
349 564 387 600 in
407 565 526 601 aciem
546 565 674 614 copias
695 564 833 600 educit.
888 563 972 600 Nec
989 563 1142 600 Fulvius
1163 569 1220 599 est

106 632 321 670 cunctatus,
343 640 419 663 non
446 634 524 664 tam
545 641 613 664 sua
639 628 714 663 ulla
739 640 819 678 spe,
840 640 950 677 quam
978 627 1141 664 militum
1161 627 1217 663 in-

106 696 197 742 petu
216 691 377 728 fortuito
396 698 561 728 tractus:
595 693 723 740 itaque
750 692 880 728 eadem
899 692 1126 734 temeritate,
1148 705 1222 741 qua

106 768 324 806 processum
345 757 383 792 in
404 758 523 793 aciem
543 764 613 800 est,
634 758 834 793 instruitur
853 757 935 807 ipsa
949 757 1047 793 acies
1068 757 1115 793 ad
1135 756 1221 792 libi·

108 819 234 855 dinem
264 820 426 857 militum
452 821 551 858 forte
580 822 883 872 procurrentium
914 822 1223 857 consistentium-

106 896 193 933 que,
214 897 289 932 quo
319 884 405 921 loco
433 887 601 935 ipsorum
630 886 780 922 tulisset
808 887 969 929 animus,
994 886 1128 922 deinde
1156 898 1223 936 per

106 947 301 985 libidinem
324 956 390 986 aut
409 957 552 986 metum
574 949 827 986 deserentium
844 949 994 986 locum:
1027 950 1149 1001 prima
1168 950 1222 986 le-

109 1013 172 1062 gio
193 1019 231 1049 et
250 1013 402 1050 sinistra
420 1013 480 1050 ala
499 1014 538 1050 in
558 1014 680 1063 primo
701 1014 909 1057 instructae,
930 1020 968 1049 et
994 1014 1032 1050 in
1052 1014 1222 1063 longitu-

107 1079 236 1116 dinem
269 1087 444 1130 porrecta
480 1081 602 1116 acies:
635 1079 886 1116 clamantibus
924 1080 1101 1124 tribunis,
1132 1082 1225 1117 nihil

109 1146 282 1180 introrsus
310 1146 442 1181 roboris
466 1158 509 1181 ac
535 1147 667 1181 virium
696 1157 780 1187 esse,
804 1150 852 1188 et,
874 1158 1093 1194 quacumque
1122 1148 1224 1194 inpe-

112 1213 187 1244 tum
202 1208 351 1257 fecisset
376 1209 501 1251 hostes,
519 1214 775 1257 perrupturos:
803 1208 913 1252 nihil,
934 1209 1034 1258 quod
1061 1209 1225 1246 salutare

110 1280 222 1314 esset,
240 1286 318 1308 non
334 1273 448 1309 modo
464 1273 511 1309 ad
530 1273 712 1316 animum,
731 1273 796 1309 sed
815 1286 863 1309 ne
883 1273 929 1309 ad
948 1287 1054 1310 aures
1073 1275 1224 1323 quidem

112 1337 377 1375 admittebant.
433 1337 487 1375 Et
522 1337 734 1382 Hannibal,
768 1338 1060 1388 haudquaquam
1092 1339 1225 1375 similis

108 1402 200 1445 dux,
220 1414 342 1450 neque
361 1401 475 1438 simili
501 1402 685 1446 exercitu,
703 1415 825 1451 neque
851 1403 904 1438 ita
923 1403 1110 1439 instructo
1137 1403 1226 1439 ade·

109 1471 195 1510 gat:
223 1479 314 1515 ergo
339 1478 388 1502 ne
413 1466 617 1502 cla—morem
636 1466 787 1515 quidem
812 1472 926 1516 atque
950 1467 1122 1517 inpetum
1149 1468 1226 1518 pri-

110 1541 213 1565 mum
240 1542 369 1565 eorum
396 1529 563 1566 Romani
590 1530 815 1566 sustinuere.
872 1529 978 1574 Dux,
1000 1530 1163 1568 stultitia
1188 1538 1226 1568 et

111 1595 325 1630 temeritate
346 1594 534 1630 Centenio
553 1607 634 1644 par,
656 1595 784 1631 animo
810 1608 1054 1644 nequaquam.
1069 1609 1223 1646 compa-

112 1659 263 1702 randus,
283 1659 346 1695 ubi
366 1672 442 1695 rem
464 1659 685 1696 inclinatam
700 1673 743 1696 ac
762 1660 993 1710 trepidantes
1011 1673 1097 1698 suos
1116 1662 1222 1705 vidit,

109 1736 208 1771 equo
228 1723 384 1773 adrepto
411 1734 497 1759 cum
516 1723 686 1760 ducentis
708 1724 825 1761 ferme
852 1724 1041 1773 equitibus
1066 1726 1220 1774 effugit:

112 1793 237 1823 cetera
256 1800 278 1823 a
293 1787 419 1823 fronte
438 1787 559 1837 pulsa,
577 1800 598 1823 a
617 1794 727 1836 tergo
747 1793 860 1837 atque
881 1787 948 1823 alis
966 1789 1224 1826 circumventa

112 1854 225 1896 acies,
247 1866 292 1889 eo
312 1866 430 1902 usque
450 1860 506 1889 est
526 1865 635 1896 caesa,
652 1859 694 1889 ut
714 1866 758 1889 ex
775 1854 1035 1902 duodeviginti
1056 1854 1222 1890 millibus

109 1917 324 1960 hominum,
343 1918 422 1953 duo
445 1917 563 1953 millia
588 1917 691 1954 haud
712 1917 872 1969 amplius
898 1918 1107 1955 evaserint:
1141 1930 1222 1955 cas-

106 1982 173 2017 tris
194 1982 322 2017 hostes
343 1982 455 2031 potiti
476 1988 575 2020 sunt.

162 2045 302 2081 XXII.
328 2044 401 2082 Hae
417 2045 554 2088 clades,
572 2058 683 2096 super
698 2046 810 2082 aliam
826 2045 912 2091 alia,
929 2045 1094 2083 Romam
1107 2059 1223 2096 quum

107 2117 234 2146 essent
262 2111 466 2153 nunciat-az,
488 2111 620 2158 ingens
640 2111 789 2160 quidem
819 2118 856 2148 et
886 2111 1008 2147 luctus
1038 2118 1075 2147 et
1105 2125 1223 2160 pavor

106 2177 297 2213 civitatem
318 2177 440 2226 cepit:
473 2177 536 2212 sed
556 2182 698 2220 tamen,
719 2178 807 2226 quia
827 2177 1014 2220 consules,
1036 2178 1099 2213 ubi
1120 2190 1221 2214 sum-

109 2254 171 2278 ma
189 2254 313 2277 rerum
340 2249 455 2283 esset,
477 2241 522 2276 ad
549 2241 587 2277 id
613 2241 782 2278 locorum
809 2254 987 2292 prospere
1015 2254 1094 2278 rem
1114 2254 1221 2289 gere-

108 2301 209 2348 rent,
231 2305 352 2341 minus
379 2304 438 2341 his
459 2303 626 2341 cladibus
647 2304 996 2342 commovebantur.
1052 2304 1220 2353 Legatos

109 2369 157 2406 ad
175 2369 347 2407 consules
374 2370 531 2406 mittunt
561 2369 840 2414 C.Laetorium,
861 2369 918 2408 M.
931 2369 1136 2413 Metilium,
1158 2370 1221 2420 qui

623 2432 706 2472 X6

1229 305 1318 337 U.C.
1337 313 1410 337 540.

1230 351 1268 382 A.
1282 349 1319 380 C.
1337 356 1412 380 212.

1232 564 1281 595 Ab
1298 563 1424 594 Hanni-

1231 608 1303 638 bale
1318 606 1419 638 vinci-

1233 659 1294 682 tur.
