1527 2661
142 285 182 358 ÷>e

180 285 234 358 ,020

253 291 290 358 ’.νε

297 293 313 358 ΦΑ

340 189 418 231 218
797 204 841 232 T.
867 193 998 232 L1'V11

318 290 558 340 ·deprehensi
590 299 710 335 erant,
743 291 832 329 loco
865 300 987 330 castra
1018 305 1158 343 ponere
1190 293 1440 330 necessarium

318 350 325 359 ‘
338 354 455 390 visum
476 361 544 391 est.
600 356 643 392 ld
664 368 751 392 vero
776 356 916 393 laboris
935 357 1037 393 velut
1059 358 1103 394 de
1123 359 1272 406 integro
1291 359 1442 394 initium

132 1522 328 1562 Regreditur.

138 1711 248 1749 Pugna
265 1709 312 1738 in-

137 1761 183 1784 ter
199 1753 288 1782 Sem-

138 1796 289 1836 pronium

138 1847 170 1870 et
191 1839 313 1869 Hanni-

142 1881 258 1913 halem.

337 418 427 454 fuit:
461 432 547 454 nam
566 432 635 454 nec
655 419 841 468 explicare
861 421 1078 469 quidquam,
1098 434 1167 457 nec
1189 427 1353 457 statuere
1373 434 1443 472 po-

337 488 486 518 terant:
520 495 601 525 nec,
624 483 723 530 quod
754 489 936 519 statutum
966 492 1077 527 esset,
1104 485 1295 528 manebat,
1316 486 1444 521 omnia

336 546 597 594 perscindente
617 552 729 581 vento
753 552 790 581 et
815 547 985 596 rapiente
1004 562 1010 582 :
1044 553 1081 583 et
1100 560 1189 583 mox
1209 559 1306 597 aqua
1323 549 1447 585 levata

337 614 464 650 vento,
483 621 595 663 quum
613 621 723 658 super
738 609 862 657 gelida
880 611 1066 646 montium
1078 609 1175 660 juga
1190 618 1368 649 concreta
1386 624 1445 648 es-

338 677 409 714 set,
439 678 588 708 tantum
616 673 757 708 nivosae
786 673 978 720 grandinis
1008 672 1158 724 dejecit,
1188 681 1242 717 ut,
1271 675 1446 711 omnibus

338 736 500 779 omissis,
538 735 828 785 procumberent
870 737 1057 780 homines,
1103 737 1333 786 tegminibus
1371 739 1446 774 suis

338 800 455 849 magis
477 800 618 843 obruti,
638 813 750 849 quam
775 801 891 836 tecti:
923 807 1104 850 tantaque
1126 802 1180 837 vis
1208 801 1360 850 frigoris
1387 802 1445 838 in-

338 872 467 901 secuta
486 871 556 908 est,
577 872 631 908 ut,
653 877 699 901 ex
718 864 782 901 illa
808 866 1011 901 miserabili
1029 867 1227 902 hominum
1248 865 1446 915 jumento-

338 942 494 978 rumque
517 936 642 978 strage
662 943 776 978 quum
805 942 844 965 se
863 930 1019 979 quisque
1048 930 1230 966 adtollere
1255 943 1298 966 ac
1323 930 1447 967 levare

341 992 464 1035 vellet,
486 993 549 1028 diu
567 993 753 1042 nequiret,
774 994 875 1042 quia,
899 993 1137 1042 torpentibus
1164 994 1289 1041 rigore
1308 995 1446 1037 nervis,

340 1058 401 1092 vix
421 1057 570 1093 flectere
590 1062 691 1092 artus
718 1063 897 1106 poterant
915 1072 921 1092 :
955 1058 1102 1100 deinde,
1129 1064 1170 1093 ut
1195 1058 1347 1094 tandem
1367 1058 1447 1106 agi-

340 1121 456 1156 tando
476 1133 556 1157 sese
575 1133 725 1157 movere
745 1133 787 1156 ac
807 1133 980 1170 recepere
1000 1122 1160 1163 animos,
1182 1128 1218 1156 et
1242 1122 1333 1157 raris
1354 1121 1445 1157 locis

342 1184 438 1232 ignis
471 1184 549 1219 fieri
583 1190 639 1219 est
674 1190 834 1233 coeptuS‚
869 1184 915 1219 ad
951 1183 1112 1219 alienam
1149 1197 1260 1234 opem
1292 1185 1449 1234 quisque

342 1249 449 1298 inops
470 1249 635 1284 tendere.
673 1248 838 1283 Biduum
858 1261 903 1283 eo
923 1247 1022 1291 loco,
1043 1248 1145 1284 velut
1164 1248 1321 1291 obsessi,
1343 1262 1448 1285 man-

341 1325 439 1348 sere:
466 1312 576 1349 multi
594 1313 781 1355 homines,
803 1311 922 1348 multa
933 1311 1124 1362 jumenta,
1145 1312 1335 1363 elephanti
1355 1327 1448 1363 quo-

341 1389 413 1425 que
440 1389 486 1412 ex
510 1377 583 1419 his,
605 1377 669 1425 qui
689 1376 823 1425 proelio
853 1376 899 1411 ad
927 1376 1106 1412 Trebiam
1131 1376 1233 1412 facto
1256 1377 1449 1426 superfue-

342 1446 441 1483 rant,
463 1448 605 1490 septem
625 1440 801 1476 absumti.

396 1504 506 1541 LIX.
543 1504 754 1553 Degressus
784 1504 987 1553 Apennino
1016 1510 1116 1539 retro
1144 1505 1190 1540 ad
1220 1505 1452 1542 Placentiam

347 1575 470 1604 castra
495 1569 626 1611 movit,
654 1575 692 1603 et
717 1568 761 1603 ad
791 1568 919 1603 decem
945 1568 1063 1604 millia
1081 1581 1299 1618 progressus
1320 1583 1452 1606 conse-

349 1632 426 1667 dit:
458 1638 611 1681 postero
632 1631 691 1666 die
717 1631 914 1667 duodecim
944 1631 1061 1667 millia
1089 1632 1270 1681 peditum,
1291 1634 1457 1682 quinque

351 1696 519 1744 equitum
549 1695 721 1731 adversus
749 1695 898 1730 hostem
929 1694 1045 1731 ducit.
1102 1695 1184 1730 Nec
1214 1695 1456 1746 Sempronius

354 1759 485 1796 consul
525 1758 625 1809 (jam
655 1760 754 1795 enim
784 1759 946 1794 redierat
974 1759 1021 1795 ab
1051 1758 1193 1805 Roma)
1232 1760 1457 1797 detractavit

354 1832 570 1860 certamen:
608 1832 719 1872 atque
749 1836 794 1859 eo
824 1823 882 1859 die
910 1824 985 1859 tria
1012 1823 1129 1859 millia
1157 1837 1333 1873 passuum
1359 1825 1458 1861 inter

353 1888 444 1924 bina
473 1894 595 1923 castra
622 1887 738 1924 fuere.
794 1887 953 1922 Postero
979 1887 1038 1923 die
1064 1888 1279 1936 ingentibus
1310 1889 1458 1932 animis,

355 1952 460 1987 vario
480 1959 630 1994 eventu,
658 1958 868 1999 pugnatum
894 1958 971 1986 est:
1006 1952 1127 2001 primo
1151 1965 1335 1988 concursu
1365 1953 1458 1989 adeo

358 2028 415 2052 res
435 2015 611 2051 Romana
631 2015 799 2064 superior
818 2014 904 2057 fuit,
931 2022 972 2050 ut
992 2029 1068 2050 non
1090 2017 1168 2051 acie
1189 2017 1380 2052 vincerent
1399 2029 1461 2052 so-

359 2080 450 2122 lum,
484 2079 548 2114 sed
584 2078 710 2128 pulsos
744 2078 872 2113 hostes
906 2079 943 2113 in
977 2086 1098 2115 castra
1126 2087 1460 2128 persequerentur3

362 2157 451 2180 mox
470 2150 591 2180 castra
610 2155 758 2192 quoque
779 2142 1054 2192 obpugnarent.
1102 2143 1311 2185 Hannibal,
1335 2144 1463 2193 paucis

363 2207 706 2258 propugnatoribus
737 2208 773 2243 in
803 2206 902 2242 vallo
931 2208 1124 2256 portisque
1149 2208 1296 2257 positis,
1318 2215 1462 2245 ceteros

365 2273 555 2308 confertos
585 2273 622 2308 in
653 2273 776 2308 media
801 2279 924 2308 castra
950 2272 1103 2321 recepit,
1130 2272 1370 2320 intentosque
1389 2272 1465 2320 sig-

366 2350 454 2373 num
475 2337 518 2373 ad
540 2337 807 2387 erumpendum
827 2342 995 2387 spectare
1008 2334 1131 2385 jubet.
1167 2335 1252 2371 Jarn
1273 2347 1373 2372 nona
1393 2336 1468 2372 ier·
