1527 2661
340 194 494 222 mmm
517 193 662 222 xxv1.
696 193 804 221 cAP.
826 193 923 222 vn.
1099 194 1183 236 509

71 289 271 320 venturum
299 284 346 320 ad
375 297 459 319 eum
488 296 659 333 puerum,
680 282 774 318 nihil
801 283 849 318 ad
874 294 956 318 eam
983 295 1085 332 spem
1117 295 1182 331 ag·
1197 292 1286 322 U.C.
1306 300 1379 324 541.

71 354 305 391 noscentem,
326 348 464 384 dixisse
490 348 631 390 ferunt,
659 348 726 383 Nae
753 351 790 383 tu
814 348 975 395 perditas
1000 359 1056 383 res
1077 347 1182 383 Cam-
1197 337 1235 367 Α·
1251 335 1287 365 C·
1303 342 1379 366 ²¹¹·

67 424 248 459 panorum
275 425 416 455 narras,
446 413 505 449 ubi
530 424 685 448 summus
713 412 821 448 honos
846 413 895 447 ad
914 412 1040 461 filium
1069 423 1185 447 meum

68 478 274 523 perveniet!
308 476 367 513 Ea
392 477 600 513 ludificatio
625 476 714 518 veri,
736 482 774 512 et
796 476 877 525 ipsa
896 476 933 511 in
954 488 1083 511 verum
1102 488 1183 511 ver-

71 540 142 575 tit:
173 553 261 576 nam
288 553 403 590 quum
430 541 529 577 fame
555 541 730 588 ferroque
755 546 991 588 urgerentur,
1011 552 1080 576 nec
1100 552 1184 589 spes

71 602 149 638 ulla
166 612 392 654 superesset,
410 605 469 647 iis,
489 605 551 653 qui
572 605 652 640 nati
671 605 710 639 in
731 615 835 653 spem
854 603 1043 639 honorum
1062 610 1184 646 erant,

70 669 234 706 honores
258 670 555 707 detractantibus
573 687 583 715 3
616 669 766 713 Lesius,
788 669 979 718 querendo
999 669 1186 705 desertam

70 745 114 768 ac
143 734 333 782 proditam
361 749 383 771 a
415 734 643 784 primoribus
675 734 859 782 Capuam,
889 746 1076 770 summum
1104 747 1184 770 ma-

70 796 271 844 gistratum
291 798 443 833 ultimus
465 799 636 833 omnium
656 797 938 847 Campanorum
964 798 1075 847 cepit.

122 859 214 897 VII.
253 861 430 897 Ceterum
456 861 668 904 Hannibal,
690 867 732 897 ut
755 874 826 897 nec
850 862 979 897 hostes
1000 861 1085 897 elici
1104 875 1183 898 am-

69 922 166 973 plius
197 924 244 960 ad
271 936 437 974 pugnam
466 925 574 968 vidit,
601 937 671 960 nec
700 936 767 974 per
796 931 919 960 castra
944 937 1073 961 eorum
1100 938 1184 975 per-

69 988 192 1037 rumpi
219 988 266 1024 ad
294 989 464 1038 Capuam
492 1001 618 1039 posse,
638 1001 686 1024 ne
711 1000 798 1024 suos
825 1001 974 1037 quoque
995 1001 1184 1025 commea-

69 1055 129 1086 tus
163 1051 458 1088 intercluderent
494 1053 585 1087 novi
621 1051 808 1094 consules,
843 1051 1043 1088 abscedere
1077 1053 1186 1089 irrito

70 1114 237 1164 incepto,
259 1122 298 1151 et
324 1128 476 1152 movere
503 1129 526 1152 a
551 1116 683 1166 Capua
709 1116 843 1151 statuit
868 1122 1003 1152 castra.
1059 1116 1186 1153 Multa

70 1190 212 1221 secum,
246 1192 411 1229 quonam
445 1180 533 1216 inde
565 1181 619 1216 ire
651 1186 838 1230 pergeret,
870 1180 1036 1215 volventi
1070 1180 1187 1216 subiit

70 1243 238 1278 a-n-imum
257 1244 422 1293 inpetuS,
441 1252 555 1293 caput
574 1244 697 1293 ipsum
715 1244 804 1279 belli
824 1243 989 1280 Romam
1009 1245 1181 1293 petendi:

69 1304 176 1355 cujus
206 1308 259 1342 rei
289 1320 436 1358 semper
465 1309 601 1358 cupitae
628 1309 918 1358 praetermissam
944 1309 1184 1344 occasionem

69 1376 158 1418 post
178 1370 418 1406 Cannensem
437 1383 606 1420 pugnam
625 1378 662 1407 et
681 1371 744 1407 alii
764 1371 878 1420 vulgo
898 1371 1124 1414 fremebant,
1146 1378 1184 1407 et

68 1435 148 1484 ipse
168 1447 246 1471 non
266 1436 545 1473 dissimulabat:
569 1439 779 1485 necopinato
794 1450 929 1485 ¹pavore
947 1450 991 1473 ac
1010 1439 1180 1480 tumultu,
1197 1446 1361 1519 {Iannibal

1225 1499 1336 1520 omani

1216 1539 1280 1562 etet
1361 1550 1376 1556 -

62 1575 165 1610 posse
175 1580 188 1607 ,-
218 1569 266 1607 et,
285 1567 316 1600 si
337 1565 453 1601 Roma
471 1568 508 1602 in
528 1567 729 1602 discrimine
747 1571 847 1608 esset,
868 1566 1030 1614 Capuam
1049 1571 1181 1602 extem-
1193 1542 1265 1605 fuit.
1281 1543 1297 1563 e
1313 1540 1361 1564 sta

67 1511 139 1535 non
158 1511 227 1535 esse
245 1501 518 1548 desperandum,
539 1503 700 1550 aliquam
725 1506 873 1550 partem.
898 1502 992 1537 urbis
1016 1504 1183 1550 occupari

65 1627 128 1675 plo
148 1630 333 1665 omissuros
356 1634 421 1665 aut
445 1630 549 1666 ambo
573 1632 805 1678 imperatores
830 1630 1024 1673 Romanos,
1045 1636 1109 1667 aut
1127 1632 1183 1667 al-

69 1694 184 1725 terum
211 1703 253 1726 ex
280 1693 324 1727 iis
340 1708 352 1727 .·
380 1697 428 1735 et,
447 1695 477 1728 si
503 1694 700 1729 divisissent
725 1695 857 1741 copiaS,
878 1698 1067 1741 utrumque
1086 1695 1184 1743 iufir-

68 1755 215 1790 miorem
234 1754 383 1802 factum
412 1761 475 1792 aut
503 1757 581 1799 sibi,
605 1762 669 1793 aut
696 1757 899 1805 Campanis,
921 1758 1004 1793 bene
1023 1760 1185 1806 gerendae

68 1818 120 1852 rei
128 1817 326 1865 fortunam
345 1820 493 1855 daturos
512 1832 593 1856 esse.
640 1820 730 1856 Una
750 1833 794 1855 ea
813 1833 901 1856 cura
920 1820 1098 1869 angebat,
1119 1834 1181 1865 ne,

69 1879 133 1915 ubi
150 1879 406 1924 abscessisset,
424 1882 614 1932 extemplo
631 1883 855 1919 dederentur
871 1884 1067 1933 Campani.
1098 1884 1182 1920 Nu-

67 1943 208 1978 midam
237 1951 429 1993 promtum
459 1945 505 1982 ad
533 1947 662 1982 omnia
688 1947 860 1983 audenda
884 1946 992 1983 donis
1019 1948 1181 1998 perlicit,

68 2012 124 2047 ut,
149 2005 266 2042 literis
293 2008 472 2057 acceptis,
499 2009 624 2059 specie
652 2008 855 2057 transfugae
885 2016 1008 2046 castra
1036 2010 1181 2047 Roma-

66 2081 116 2104 na
144 2069 350 2117 ingressus,
382 2071 500 2108 altera
529 2079 635 2122 parte
663 2073 832 2122 Capuam
863 2073 959 2110 clam
989 2074 1181 2123 pervadat.

65 2130 207 2170 Literae
240 2141 366 2170 autem
400 2142 507 2171 erant
541 2137 808 2173 adhortatione
838 2137 971 2186 plenae.
1030 2138 1180 2187 Prosec-

67 2197 198 2232 tionem
225 2209 341 2240 suam,
373 2211 449 2246 quae
475 2201 647 2236 salutaris
680 2201 752 2236 illis
770 2200 888 2249 foret,
920 2201 1181 2239 abstracturam

65 2260 114 2294 ad
141 2259 400 2308 defendendam
422 2263 574 2299 Romam
603 2265 645 2300 ab
671 2265 910 2313 obpugnanda
933 2266 1060 2312 Capua
1077 2267 1182 2303 duces

65 2328 174 2372 atque
202 2328 374 2362 exercitus
402 2326 595 2365 Romanos.
652 2329 709 2365 Ne
737 2331 993 2378 desponderent
1020 2331 1179 2368 animos.-

1518 2588 1522 2597 .
1514 2420 1525 2557 *zm-*c
1516 2239 1527 2409 -·:„..a.u—rs
1522 2199 1527 2227 Ἅι
1522 2168 1527 2190 ἡ
