1527 2661
141 274 185 303 U·
199 273 235 303 ς),
252 278 323 306 537.
337 257 406 306 ipsi
427 256 628 298 videretur,
650 256 712 304 qui
733 268 811 291 rem
841 263 1000 304 gereret,
1021 256 1146 305 quoad
1173 255 1324 292 Mucius
1354 269 1450 293 con·
1485 290 1488 294 .
1520 272 1527 307 j

330 169 414 212 350
792 168 836 196 T.
860 169 993 197 mvii

143 316 181 347 Α·
197 316 234 347 C·
251 322 325 347 21⁵·
338 320 527 356 valuisset.
585 320 643 355 Ad
665 332 746 355 eam
766 333 842 355 rem
865 320 998 356 missus
1019 328 1075 357 est
1093 320 1140 358 T.
1158 320 1327 356 Manlius
1346 321 1444 356 Tor-

152 1221 291 1259 Campa-

154 1273 271 1293 norum

154 1307 292 1336 molitio-

155 1359 209 1378 nes
228 1350 260 1379 in

154 1393 276 1422 Cuma-

154 1445 223 1466 nos.

338 392 489 433 quastus,
510 384 573 431 qui
592 382 650 418 bis
671 383 804 418 consul
832 396 1040 433 censorque
1068 385 1205 427 fuerat,
1225 383 1444 433 subegerat-

338 461 410 497 que
430 448 469 482 in
486 446 686 482 consulatu
706 447 856 482 Sardos.
914 448 990 484 Sub
1020 449 1118 484 idem
1144 449 1222 485 fere
1241 455 1388 498 tempus
1410 455 1448 484 et

338 524 361 547 a
380 510 620 558 Karthagine
642 510 679 545 in
704 510 912 546 Sardiniam
934 511 1062 547 classis
1083 513 1210 555 missa,
1231 513 1325 547 duce
1344 511 1446 548 Has-

290 595 295 598 ·
339 574 507 617 ‹h·ubale,
529 575 589 610 cui
609 573 726 610 Calvo
743 587 955 622 cognomen
977 584 1070 619 erat,
1091 576 1194 612 foeda
1222 582 1448 625 tempestate

338 646 490 681 vexata,
520 638 566 673 ad
595 637 764 674 Baliares
791 639 931 675 insulas
952 640 1153 689 dejicitur:
1185 640 1313 688 ibique
1336 640 1448 687 (adeo

339 715 417 738 non
437 709 670 739 armamenta
689 703 817 746 modo,
836 704 900 739 sed
920 705 1034 740 etiam
1050 705 1143 741 alvei
1165 704 1317 740 navium
1337 716 1451 753 quas-

340 767 413 802 sati
450 768 574 814 erant)
611 767 805 803 subductae
838 781 951 803 naves
991 768 1080 804 dum
1116 768 1348 811 reficiuntur,
1383 767 1451 804 ali-

341 838 525 881 quantum
545 832 725 880 temporis
746 832 943 868 triverunt.

394 894 568 930 XXXV.
598 894 644 930 In
678 894 791 930 Italia
823 909 935 943 quum
967 903 1055 946 post
1087 895 1327 931 Cannensem
1357 908 1453 944 pug-

340 971 443 1001 nam,
464 958 592 994 fractis
613 960 728 1008 partis
758 959 910 995 alterius
931 960 1089 1002 viribus,
1111 959 1264 995 alterius
1295 959 1451 995 mollitis

342 1023 492 1065 animis,
514 1023 663 1070 segnius
685 1022 826 1058 bellum
847 1030 944 1059 esset
962 1039 968 1059 :
994 1024 1180 1072 Campani
1195 1036 1260 1073 per
1277 1036 1314 1059 se
1331 1023 1456 1059 adorti

344 1093 432 1122 sunt
454 1099 531 1121 reni
554 1087 763 1121 Cumanam
785 1099 859 1121 suae
881 1087 1035 1122 ditionis
1056 1086 1208 1131 facere;
1239 1087 1362 1135 primo
1381 1085 1457 1122 sol-

344 1149 550 1191 licitantes,
574 1156 613 1184 ut
634 1149 680 1184 ab
701 1149 887 1186 Romanis
908 1150 1111 1186 deficerent
1131 1165 1139 1185 :
1171 1150 1235 1185 ubi
1262 1150 1298 1185 id
1325 1163 1458 1200 parum

346 1214 544 1263 processit,
563 1213 688 1249 dolum
710 1214 755 1249 ad
777 1215 979 1264 capiendos
997 1227 1060 1250 eos
1081 1220 1315 1262 comparant.
1346 1214 1461 1250 Cam-

348 1279 455 1327 panis
478 1277 653 1313 omnibus
675 1285 815 1313 statum
833 1279 1056 1314 sacrificium
1077 1279 1124 1314 ad
1143 1278 1288 1314 Hamas
1305 1293 1313 1314 :
1337 1291 1382 1314 eo
1402 1292 1461 1315 se-

350 1348 480 1377 natum
504 1342 741 1390 Campanum
760 1348 959 1378 venturum
987 1342 1164 1378 certiores
1195 1342 1386 1378 Cumanos
1405 1342 1463 1378 fe-

350 1412 482 1441 cerunt
500 1421 507 1440 ⁴.
541 1407 819 1456 petieruntque,
834 1414 874 1441 ut
894 1413 931 1441 et
949 1407 1140 1441 Cumanus
1162 1419 1206 1441 eo
1227 1412 1378 1441 senatus
1399 1420 1462 1442 ve·

348 1471 446 1505 niret
467 1470 512 1505 ad
533 1470 822 1506 consultandum
843 1471 1107 1513 communiter,
1128 1476 1170 1505 ut
1190 1469 1341 1505 eosdem
1362 1477 1463 1505 uter-

348 1547 419 1583 que
452 1534 613 1583 populus
648 1535 770 1570 socio<
801 1534 1005 1583 hostesque
1033 1534 1215 1570 haberet:
1248 1534 1463 1583 praesidium

348 1598 401 1633 ibi
435 1605 620 1634 armatum
653 1610 734 1633 sese
767 1598 982 1641 habituros,
1012 1612 1060 1634 ne
1091 1598 1179 1647 quid
1209 1598 1255 1633 ab
1286 1598 1464 1635 Romano

349 1661 518 1698 Poenove
536 1661 690 1710 periculi
706 1669 815 1697 esset.
847 1662 1010 1697 Cumani
1030 1664 1274 1710 (quamquam
1291 1669 1463 1711 suspecta

352 1726 452 1761 fraus
474 1726 571 1772 erat)
595 1725 690 1761 nihil
710 1725 899 1770 abnuere;
932 1727 986 1761 ita
1013 1726 1092 1774 tegi
1121 1725 1237 1761 fallax
1267 1726 1466 1762 consilium

352 1802 465 1840 posse
504 1791 587 1825 rati.
656 1789 815 1824 Interim
853 1789 913 1825 Ti.
936 1790 1180 1839 Sempronius
1219 1789 1351 1825 consul
1383 1790 1466 1826 Ro-

353 1867 486 1890 manus
518 1855 719 1896 Sinuessae,
741 1867 816 1902 quo
837 1854 884 1888 ad
909 1853 1207 1889 conveniendum
1237 1853 1335 1889 diem
1364 1854 1469 1890 edix-

355 1924 448 1958 erat,
471 1917 639 1953 exercitu
659 1917 834 1959 lustr-am,
854 1923 1110 1966 transgressus
1142 1916 1372 1952 Vulturnum
1397 1917 1468 1954 flu-

355 1993 456 2023 men,
479 1981 577 2016 circa
598 1980 796 2016 Liternum
819 1988 943 2017 castra
963 1983 1103 2030 posuit.
1146 1982 1223 2024 Ibi,
1239 1982 1327 2030 quia
1345 1982 1470 2017 otiosa

357 2046 494 2081 stativa
526 2051 646 2087 erant,
676 2045 808 2081 crebro
829 2046 1022 2081 decurrere
1053 2045 1190 2081 milites
1221 2045 1395 2093 cogebat,
1430 2052 1471 2081 ut

356 2109 498 2144 tirones
523 2110 584 2155 (ea
603 2109 768 2144 maxima
787 2122 870 2158 pars
892 2108 1071 2144 volonum
1091 2109 1188 2156 erat)
1207 2108 1470 2144 adsuescerent

357 2173 467 2220 signa
487 2172 606 2220 sequi,
627 2179 664 2207 et
684 2173 721 2207 in
742 2173 821 2207 acie
838 2185 1043 2220 agnoscere
1059 2172 1208 2207 ordines
1228 2184 1314 2207 suos
1332 2186 1339 2206 ε
1371 2173 1473 2209 inter

358 2250 440 2285 quae
461 2237 625 2273 maxima
655 2237 776 2273 inerat
797 2251 886 2273 cura
905 2238 1004 2280 duci,
1028 2239 1153 2286 itaque
1182 2237 1316 2286 legatis
1346 2238 1468 2274 tribu-

358 2301 490 2349 nisque
510 2308 755 2351 praeccpcrat,
777 2315 820 2338 ne
833 2315 904 2350 qua
923 2302 1148 2350 exprobratio
1163 2303 1326 2350 cuiquam
1347 2305 1471 2339 veteris
