1527 2661
3 2086 10 2189 ,-,.-.
0 2050 1 2062 ⁴⁴

357 235 512 266 LIBER
535 235 654 265 XXV·
688 233 793 264 CAP.
814 235 886 264 VI.
1092 236 1174 276 441

64 330 301 381 quejuvenis
318 331 356 368 in
377 344 422 367 eo
439 329 643 367 certamine
659 329 761 365 vicit.
817 327 919 365 Ante
939 328 1054 372 hunc,
1075 330 1174 366 intra
1189 335 1230 364 U.
1241 333 1277 365 C.
1296 341 1370 365 540.

67 402 219 431 centum
238 407 358 432 annos
378 401 416 431 et
434 395 583 444 viginti,
605 406 717 430 nemo
742 399 878 444 praeter
896 393 939 430 P.
954 393 1172 430 Cornelium
1185 380 1224 408 A.
1241 378 1278 408 C·
1296 385 1370 408 ²¹²·

67 458 276 504 Calussam,
296 459 470 511 pontifex
489 459 673 496 maximus
693 463 839 494 creatus
859 457 997 501 fuerat,
1018 459 1082 508 qui
1102 458 1173 494 sel·
1186 432 1375 506 ἓῗζιέἀῗῗῑ-

64 521 102 558 la
120 523 239 560 curuli
259 536 337 560 non
362 524 530 561 sedisset.
588 522 772 559 Consules
793 535 907 572 quum
934 535 1031 571 aegre
1051 522 1173 559 delec-
1186 525 1297 549 tatem.

62 591 144 623 tum
165 587 408 631 conficerent,
430 587 531 636 quod
549 585 889 637 inopiajuniorum
908 598 989 622 non
1004 585 1115 622 facile
1134 587 1173 623 in
1185 573 1386 647 galiecffiffsm

62 655 278 700 utrumque,
301 658 341 687 ut
367 657 406 687 et
432 664 541 687 novae
561 649 714 686 urbanae
743 649 926 698 legiones,
956 656 993 685 et
1023 649 1173 700 supple-

62 719 232 750 mentum
260 714 448 751 veteribus
478 714 717 757 scriberetur,
742 713 987 758 subficiebat3
1021 723 1172 750 senatus

60 778 227 815 absistere
250 791 306 815 eos
327 781 466 827 incepto
484 778 618 821 vetuit,
638 783 672 814 et
702 779 904 814 triumviros
932 779 1029 814 binos
1057 780 1174 815 creari

54 839 194 891 jussit:
225 842 368 885 alteros,
389 844 451 890 qui
470 843 575 885 citra,
595 843 739 884 alteros,
761 843 821 890 qui
838 842 937 877 ultra
952 844 1172 891 quinquage-

60 907 188 942 simum
207 906 366 954 lapidem
394 908 431 942 in
444 907 564 954 pagis,
574 904 755 954 forisque,
775 910 810 940 et
829 906 1071 942 conciliabulis
1096 920 1173 943 om-

61 980 140 1005 nem
159 971 299 1018 copiam
320 971 552 1017 ingenuorum
575 970 811 1016 inspicerent:
838 973 885 1011 et,
905 971 935 1005 si
954 971 1013 1017 qui
1038 971 1174 1007 roboris

59 1035 148 1069 satis
166 1035 214 1070 acl
227 1033 387 1083 ferenda
407 1046 509 1069 arma
534 1033 660 1069 habere
682 1034 900 1077 viderentur,
921 1035 1060 1070 etiamsi
1080 1047 1171 1071 non-

62 1097 148 1132 dum
175 1099 327 1134 militari
358 1102 463 1134 aetate
491 1101 615 1139 essent,
642 1098 772 1132 milites
789 1096 972 1145 facerent.
1025 1099 1174 1135 Tribuni

61 1160 185 1208 plebis,
205 1163 235 1197 si
254 1163 297 1197 iis
314 1163 505 1204 videretur,
527 1162 574 1197 ad
588 1161 760 1209 populum
768 1160 928 1209 ferrent,
949 1167 1002 1204 ut,
1024 1164 1084 1210 qui
1103 1155 1180 1199 nziss

62 1239 164 1263 nores
191 1232 321 1276 septem
352 1232 386 1263 et
406 1228 522 1263 decem
551 1229 652 1263 annis
677 1232 901 1263 sacramento
921 1229 1102 1270 dixissent,
1130 1231 1175 1266 iis

57 1292 206 1339 perinde
219 1292 399 1340 stipendia
411 1291 655 1339 procederent,
672 1303 715 1327 ac
728 1292 758 1326 si
770 1296 902 1339 septem
922 1296 956 1328 et
972 1293 1090 1328 decem
1107 1305 1173 1329 an-

61 1368 200 1397 norum,
221 1361 283 1392 aut
310 1355 470 1402 majores,
492 1357 621 1391 milites
635 1355 739 1404 facti
757 1360 877 1391 essent.
932 1355 993 1391 Ex
1012 1357 1086 1393 hoc
1113 1369 1172 1393 se-

63 1418 352 1455 natusconsulto
382 1420 499 1455 creati
528 1418 713 1454 triumviri
742 1418 821 1454 bini
853 1419 1173 1467 conquisitionem

59 1482 310 1530 ingenuorum
329 1495 395 1532 per
415 1494 525 1529 agros
546 1482 771 1518 habuerunt.
826 1482 974 1519 Eodem
999 1488 1170 1533 tempore
1181 1495 1286 1534 Legati
1300 1497 1385 1528 Can-

60 1558 106 1581 ex
133 1545 261 1581 Sicilia
287 1546 404 1581 literae
430 1546 486 1582 M.
499 1545 672 1581 Marcelli
692 1545 737 1581 de
763 1545 964 1595 postulatis
990 1540 1359 1613 mdstumssssss‘ssssiff

59 1609 121 1657 qui
151 1622 235 1644 cum
262 1609 304 1646 P.
317 1609 484 1645 Lentulo
510 1609 738 1651 militabant,
769 1610 809 1644 in
838 1616 971 1646 senatu
1001 1612 1166 1648 recitatae
1181 1624 1318 1655 Marcel-

60 1677 160 1707 sunt.
219 1672 428 1707 Cannensis
454 1672 620 1721 reliquiae
641 1672 754 1707 cladis
781 1672 842 1708 hic
866 1674 1050 1709 exercitus
1072 1682 1166 1718 erat,
1179 1666 1261 1698 lum.

62 1734 248 1782 relegatus
270 1736 306 1770 in
329 1736 508 1778 Siciliam,
530 1737 626 1771 sicut
654 1742 741 1771 ante
761 1736 900 1772 dictum
921 1744 990 1780 est,
1011 1751 1059 1775 ne
1079 1746 1167 1776 ante

60 1798 194 1833 Punici
215 1798 303 1833 belli
325 1798 437 1834 finem
456 1799 494 1834 in
516 1799 666 1834 ltaliam
685 1805 952 1849 reportaretur.

112 1861 180 1897 VI.
211 1861 265 1896 Hi
284 1863 465 1911 permissu
481 1862 636 1898 Lentuli
653 1863 833 1911 primores
850 1865 1017 1913 equitum
1035 1873 1167 1904 centu-

59 1926 297 1974 rionumque,
316 1932 352 1961 ct
372 1925 508 1961 robora
525 1933 571 1962 ex
590 1926 801 1975 legionibus
821 1928 1003 1978 peditum,
1019 1929 1165 1979 legatos

58 1990 98 2024 in
114 1989 272 2025 hiberna
288 1990 334 2024 ad
350 1989 406 2026 M.
419 1989 642 2026 Marcellum
659 1991 854 2034 miserunt,
871 2005 890 2027 e
903 1993 1037 2040 quibus
1054 2007 1165 2039 unus,

57 2058 247 2102 potestate
262 2053 409 2088 dicendi
429 2053 543 2096 facta,
562 2054 761 2097 Consulem,
778 2055 913 2104 inquit,
932 2061 977 2099 te,
992 2058 1047 2094 M.
1062 2060 1166 2095 Mar·
1179 2065 1299 2095 Eorum
1312 2075 1382 2096 ora-

56 2116 154 2158 celle,
174 2117 211 2151 in
228 2116 375 2152 Italiam
396 2118 599 2160 adissemus,
621 2131 726 2166 quum
741 2121 899 2166 primum
915 2121 957 2156 cle
971 2122 1081 2167 nobis,
1102 2109 1233 2159 etsitio·

55 2191 125 2214 non
144 2180 317 2227 iniquum,
339 2185 430 2216 certe
456 2182 555 2216 triste
571 2183 912 2219 senatusconsultum
925 2183 1076 2232 factum
1094 2192 1144 2222 cst
1155 2204 1168 2231 ,-

57 2244 126 2278 nisi
151 2242 216 2279 hoc
243 2256 489 2292 sperassemus,
510 2246 546 2280 in
571 2247 796 2293 provinciam
815 2259 876 2282 nos
906 2253 1017 2284 morte
1044 2262 1168 2296 regum

57 2309 239 2345 turbatam
264 2311 314 2346 ad
329 2323 440 2358 grave
458 2311 587 2347 bellum
612 2313 777 2348 adversus
796 2313 935 2348 Siculos
958 2314 1065 2348 simul
1086 2313 1167 2349 Ρω-

54 2382 184 2420 nosque
202 2374 296 2410 milli
309 2390 321 2412 .·
351 2379 387 2411 et
407 2376 579 2423 sanguine
603 2380 722 2412 nostro
740 2376 1008 2424 vulneribusque
1034 2388 1095 2413 nos
1112 2389 1166 2414 se-

570 2437 649 2475 U5
