1527 2661
307 141 460 170 LIBER
485 141 628 170 xxlv.
660 140 767 169 cAP.
789 140 972 170 XXXVI.
1104 138 1187 183 415

77 230 259 280 peditum,
280 230 496 280 quingentis
523 229 710 278 equitibus
742 235 855 264 nocte
881 241 947 278 per
976 229 1190 264 intermissa
1202 235 1292 266 U.C.
1310 241 1382 266 538.

77 295 259 331 custodiis
281 294 365 330 loca
384 294 591 344 profectus,
614 300 736 329 castra
756 294 856 329 circa
875 292 1035 330 Acrillas
1057 292 1189 329 urbem
1203 280 1241 310 A·
1256 278 1292 309 C·
1310 284 1386 309 ²¹4⁰

77 357 257 408 ponebat.
312 357 577 393 Munientibus
598 357 813 407 supervenit
831 356 1051 400 Marcellus,
1069 356 1115 391 ab
1136 357 1190 392 A-

78 422 255 470 grigento
281 419 365 471 jam
385 427 587 471 occupato,
616 434 730 469 quum
750 421 889 456 frustra
909 433 955 457 eo
984 420 1192 470 praevenire

76 485 226 521 hostem
254 485 438 522 festinans
454 489 460 495 ”
472 486 708 529 tetendisset,
739 486 885 522 rediens
899 502 910 530 3
942 484 1040 521 nihil
1067 485 1191 521 minus

70 554 195 591 ratus,
216 562 327 598 quam
354 549 420 585 illo
445 555 617 600 tempore
637 563 680 586 ac
709 549 796 586 loco
817 550 1094 598 Syracusanum
1119 548 1192 584 sibi

78 614 286 650 exercitum
303 613 454 650 obviam
470 613 552 650 fore
565 630 575 659 5
609 615 673 650 sed
690 620 815 650 tamen
836 620 939 651 metu
959 612 1191 650 Himilconis

76 677 359 726 Poenorumque
383 678 442 725 (ut
461 678 596 726 quibus
616 691 855 727 nequaquam
875 678 927 713 eis
948 677 1082 727 copiis,
1099 689 1191 726 quas

75 740 256 784 habebat,
278 754 345 791 par
364 742 479 789 esset)
503 754 614 790 quam
641 747 793 792 poterat
818 742 981 777 maxime
1007 741 1191 784 intentus,

77 811 190 854 atque
210 805 360 854 agmine
380 805 427 841 ad
446 818 576 841 omnes
598 817 704 841 casus
726 806 940 856 composito
959 805 1052 841 ibat.

132 869 329 906 XXXVI.
360 869 476 906 Forte
505 883 549 906 ea
568 883 671 914 cura,
693 883 776 919 quae
804 875 884 906 erat
907 870 1083 906 adversus
1102 869 1192 906 Poe-
1204 868 1351 899 Vincitur
1365 877 1384 897 ἃ

77 946 147 970 nos
175 941 400 984 praeparata,
422 935 598 971 adversus
626 934 773 971 Siculos
804 935 887 970 usui
906 934 992 971 fuit.
1049 934 1193 970 Castris
1207 911 1372 943 Marcello.

78 999 262 1048 ponendis
292 999 568 1049 incompositos
602 1011 646 1035 ac
676 999 862 1049 dispersos
893 1005 1026 1034 nactus
1058 1011 1122 1034 eos
1157 1004 1196 1035 et

79 1061 279 1112 plerosque
297 1063 474 1106 inermes,
497 1063 599 1112 quod
624 1063 796 1112 peditum
814 1063 902 1106 fuit,
923 1063 1192 1099 circumvenit:

78 1138 206 1175 equeS,
234 1125 306 1162 levi
334 1128 540 1163 certamine
568 1127 680 1170 inito,
703 1140 788 1163 cum
817 1126 1057 1177 Hippocrate
1076 1128 1195 1163 Acras

78 1189 256 1241 perfugit.
312 1191 370 1228 Ea
400 1204 529 1241 pugna
548 1191 765 1227 deficientes
795 1191 842 1228 ab
873 1191 1060 1227 Romanis
1081 1204 1197 1240 quum

78 1254 313 1291 cohibuisset
341 1254 503 1299 Siculos,
523 1255 729 1291 Marcellus
757 1256 961 1305 Syracusas
992 1256 1125 1292 rediit:
1158 1261 1197 1291 et

77 1326 165 1371 post
190 1333 331 1370 paucos
352 1320 430 1357 dies
460 1320 645 1364 Himilco,
666 1321 848 1372 adjuncto
875 1320 1128 1371 Hippocrate,
1149 1319 1197 1356 ad

77 1383 216 1420 flumen
237 1385 429 1435 Anapum,
451 1392 541 1421 octo
560 1385 678 1422 ferme
704 1386 791 1421 inde
816 1385 949 1427 millia,
974 1390 1098 1420 castra
1126 1396 1196 1433 po-

77 1448 165 1484 suit.
223 1447 300 1484 Sub
321 1448 419 1484 idem
435 1448 514 1484 fere
529 1456 678 1498 tempus
699 1454 737 1484 et
755 1460 869 1484 naves
889 1447 1014 1496 longae
1030 1448 1196 1496 quinque

78 1517 116 1547 et
144 1511 422 1561 quinquaginta
450 1512 835 1560 Karthaginiensium
865 1525 949 1548 cum
979 1511 1195 1547 Bomilcare

77 1574 206 1611 classis
236 1576 417 1625 praefecto
447 1577 487 1612 in
519 1589 701 1625 magnum
730 1583 884 1627 portum
918 1577 1121 1625 Syracusas
1150 1588 1195 1612 ex

78 1638 157 1674 alto
195 1639 414 1685 decurrere,
447 1646 486 1676 et
522 1640 702 1676 Romana
739 1641 830 1676 item
862 1639 1005 1683 classis,
1036 1639 1196 1687 triginta

78 1702 380 1751 quinqueremeS,
401 1703 591 1751 legionem
617 1705 778 1753 primam
799 1704 980 1739 Panormi
1008 1714 1194 1753 exposue-

77 1778 141 1810 re;
174 1778 397 1816 versumque
426 1767 472 1804 ab
494 1767 608 1804 Italia
635 1767 790 1810 bellum,
812 1767 907 1803 adeo
938 1774 1096 1815 uterque
1125 1779 1194 1816 po-

79 1829 188 1880 pulus
208 1830 248 1866 in
265 1831 431 1867 Siciliam
452 1832 634 1874 intentus,
652 1832 769 1867 fuisse
784 1831 900 1867 videri
920 1838 1083 1882 poterat.
1117 1832 1193 1869 Le-

80 1893 234 1941 gionem
254 1893 483 1939 Romanam,
505 1908 587 1945 quae
612 1895 785 1946 exposita
805 1895 985 1931 Panormi
1016 1902 1109 1940 erat,
1130 1909 1193 1932 ve·

79 1957 249 1992 nientem
269 1957 486 2008 Syracusas,
513 1959 647 2009 praedae
675 1959 777 1995 haud
797 1959 908 1995 dubie
939 1960 1008 1996 sibi
1028 1960 1197 1997 futuram

79 2019 251 2056 Himilco
271 2029 388 2065 ratus,
409 2023 470 2058 via
491 2023 698 2073 decipitur:
731 2023 1008 2060 mediterraneo
1031 2037 1193 2073 namque

80 2082 221 2119 Poenus
252 2085 386 2121 itinere
410 2087 540 2131 duxit3
581 2086 680 2134 legio
711 2087 908 2123 maritimis
940 2087 1046 2131 locis,
1078 2088 1196 2124 classe

79 2155 347 2197 prosequente,
362 2150 408 2185 ad
424 2151 498 2200 Ap.
516 2150 731 2194 Claudium,
748 2150 971 2200 Pachynum
988 2165 1073 2187 cum
1089 2160 1196 2202 parte

80 2214 274 2261 copiarum
304 2215 456 2251 obviam
486 2227 740 2266 progressum,
770 2218 954 2266 pervenit.
1012 2217 1096 2253 Nec
1117 2218 1198 2253 diu-

80 2277 159 2312 tius
180 2277 288 2316 Poeni
314 2280 361 2315 ad
385 2280 587 2330 Syracusas
614 2281 750 2316 morati
783 2288 892 2316 suut:
927 2288 964 2317 et
990 2281 1198 2325 Bomilcar,

603 2342 679 2379 T4
