1507 2630
253 339 310 387 T.
344 339 545 388 LIVII
590 335 971 386 PATAVINI

143 498 1085 566 HISTORIARUM

310 685 388 724 AB
425 683 595 723 URBE
632 682 919 720 CONDITA

494 825 737 875 LIBRI.

426 974 790 1000 ...-..,-.-.--.

304 1056 611 1107 ΕΡΙΤοΜιῑλ
629 1064 810 1104 LIBRI
846 1065 909 1105 lx

55 1190 137 1268 T
177 1169 449 1225 VETURIUS
476 1189 511 1220 et
539 1183 604 1231 Sp.
626 1184 832 1219 Postumius
860 1185 959 1232 apud
980 1185 1169 1224 Caudinas

131 1251 146 1266 '
180 1252 327 1291 Furcas,
349 1250 503 1284 deducto
524 1250 561 1282 in
583 1248 699 1282 locum
720 1250 842 1282 artam
867 1249 1037 1291 exercitu,
1059 1262 1170 1297 quum

45 1318 152 1356 nulla
185 1326 264 1364 spes
299 1312 476 1348 evadendi
511 1314 611 1353 esset,
650 1309 793 1358 foedere
828 1321 909 1346 cum
946 1311 1171 1350 Samnitibus

35 1383 160 1434 facto,
181 1384 216 1417 et
243 1379 413 1415 sexcentis
441 1375 613 1423 equitibus
642 1373 818 1410 Romanis
852 1374 1026 1412 obsidibus
1054 1377 1165 1422 datis,

45 1450 100 1484 ita
128 1445 322 1482 exercitum
351 1440 585 1481 abduxerunt,
606 1443 647 1474 ut
673 1450 792 1474 omnes
808 1438 871 1475 sub
889 1438 1023 1487 jugum
1043 1442 1164 1478 mitte-

40 1521 179 1555 rentur.
223 1513 420 1558 fidemque,
442 1513 589 1545 auctore
605 1508 670 1556 Sp.
690 1508 878 1545 Postumio
905 1511 1058 1554 consule,
1083 1512 1164 1560 (qui

42 1584 82 1620 in
98 1584 225 1617 senatu
252 1579 427 1616 suaserat,
449 1578 491 1610 ut
518 1584 640 1609 eorum
660 1574 851 1616 deditione,
873 1586 1025 1621 quorum
1053 1577 1162 1624 culpa

42 1651 118 1684 tam
137 1642 297 1692 deforme
314 1638 440 1688 foedus
458 1639 569 1673 ictum
596 1641 688 1679 erat,
704 1636 852 1684 publica
867 1638 966 1686 fides
992 1639 1160 1676 liberare-

41 1709 117 1756 tur)
140 1720 221 1745 cum
239 1705 372 1742 duobus
399 1704 550 1740 tribunis
566 1703 679 1751 plebis
707 1708 743 1739 et
761 1703 933 1746 omnibus,
955 1706 1016 1752 qui
1034 1704 1162 1753 foedus

35 1772 311 1822 spoponderunt,
333 1768 447 1804 dediti
465 1767 699 1808 Samnitibus,
719 1778 791 1802 non
807 1771 889 1803 sunt
908 1770 1067 1816 recepti:
1095 1782 1160 1807 nec

40 1836 154 1874 multo
169 1838 265 1883 post,
274 1832 377 1882 fusis
406 1845 429 1867 a
448 1832 600 1879 Papirio
623 1831 771 1867 Cursore
790 1831 1014 1868 Samnitibus
1032 1838 1067 1869 ct
1094 1835 1157 1871 sub

28 1900 162 1948 jugum
189 1899 313 1939 missis,
332 1897 548 1944 receptisque
565 1898 735 1931 sexcentis
763 1896 938 1943 equitibus
959 1896 1148 1942 Romanis,

34 1966 95 2015 qui
124 1963 258 1999 obsides
285 1962 365 1998 dati
392 1965 509 2003 erant,
535 1961 656 2009 pudor
678 1961 813 2008 prioris
827 1960 969 2010 flagitii
998 1962 1153 2000 abolitus

33 2034 97 2066 est.
145 2027 270 2063 Tribus
288 2027 369 2062 duae
396 2025 544 2072 adjectae
570 2030 666 2068 sunt,
703 2024 879 2074 Ufentina
905 2030 942 2062 et
970 2027 1149 2065 Falerina.

33 2093 163 2130 Suessa
181 2095 217 2127 et
235 2091 377 2127 Pontice
399 2090 545 2126 colontae
566 2090 728 2125 deductae
755 2094 848 2125 sunt.
889 2090 962 2138 Ap.
977 2089 1149 2128 Claudius

31 2168 153 2194 censor
171 2167 305 2203 aquam
328 2155 526 2203 perduxit:
552 2155 648 2190 viam
675 2155 817 2196 stravit,
839 2165 916 2201 quoe
933 2156 1058 2202 Appia
1085 2167 1147 2192 vo-

33 2226 115 2259 cata
133 2225 207 2258 est:
237 2220 480 2256 libertinorum
485 2220 588 2269 filios
606 2221 643 2255 in
657 2223 824 2255 senatum
843 2219 942 2265 legit.
973 2219 1144 2267 Ideoque,

29 2286 198 2334 quoniam
215 2285 246 2320 is
264 2284 351 2320 ordo
369 2283 555 2321 videbatur
574 2284 784 2332 inquinatus
802 2282 973 2331 indigniS,
993 2294 1140 2332 sequen-

93 2347 194 2385 Vox..
223 2346 278 2384 II.
570 2345 607 2383 Β
