1527 2661
380 196 533 223 LIBER
556 194 699 222 XXVI.
731 193 839 221 CAP.
863 193 981 221 XIII.
1149 191 1230 236 517

123 283 182 327 iis,
213 284 276 333 qui
309 283 379 319 sibi
413 296 491 319 rem
521 283 741 332 aperuisset,
767 295 922 331 arguere
953 295 1033 319 sese
1061 291 1232 333 paratam
1245 293 1287 323 U.
1303 293 1339 324 c.
1355 301 1427 325 541.

123 359 216 383 esse.
272 347 482 382 Productus
510 347 630 396 primo
651 347 740 382 satis
761 352 980 382 constanter
998 347 1174 395 ignorare
1193 360 1232 383 se
1245 338 1285 367 A·
1300 337 1338 368 C·
1351 344 1424 369 ²¹²·

122 411 316 447 mulierem
336 410 560 446 simulabat:
584 410 782 459 paullatim
802 411 887 446 dein
906 411 1100 446 convictus
1120 412 1231 454 veris,

121 487 237 523 quum
256 481 447 511 tormenta
465 475 571 524 posci
591 481 629 510 et
648 476 772 524 parari
794 475 948 518 videret,
969 475 1089 511 fassus
1116 475 1154 511 id
1178 476 1234 512 ita

120 550 202 573 esse
220 553 228 574 :
260 538 453 586 literaeque
478 538 635 588 prolatae
651 554 662 584 5
695 544 733 574 et
755 538 924 574 additum
943 539 1056 574 etiam
1075 538 1231 582 indicio,

120 603 221 650 quod
241 602 447 645 celabatur,
469 609 507 638 et
526 602 619 638 alios
639 603 763 652 specie
789 602 1069 651 transfugarum
1094 602 1232 639 Numi·

119 666 184 702 das
205 667 332 714 vagari
352 667 391 702 in
410 667 541 702 castris
562 665 746 703 Romanis
764 683 771 703 :
798 668 836 702 hi
858 680 971 717 supra
989 668 1231 717 septuaginta

118 730 395 779 comprehensi,
413 736 450 765 et
469 743 555 766 cum
574 730 780 779 transfugis
800 731 907 766 novis
927 730 1080 766 mulc'ati
1100 731 1229 779 virgis,

116 793 366 841 manibusque
385 794 565 842 praecisis,
584 794 755 844 Capuam
773 794 1008 842 rediguntur.
1038 794 1231 844 Conspec-

117 862 198 892 tum
224 863 302 892 tam
328 858 435 893 triste
460 857 686 908 supplicium
706 858 822 906 fregit
847 858 993 894 animos
1015 858 1231 909 Campano-

115 933 209 957 rum.

170 985 288 1021 XIII.
333 986 548 1022 Concursus
575 986 623 1022 ad
649 987 791 1022 curiam
811 985 942 1036 populi
960 985 1082 1022 factus
1104 986 1230 1034 coegit
1245 998 1378 1028 Senatus

117 1048 274 1084 Lesium
290 1055 462 1084 senatum
482 1062 618 1085 vocare
633 1064 640 1084 :
675 1057 712 1085 et
728 1050 970 1100 primoribus,
988 1050 1052 1098 qui
1064 1049 1148 1099 jam
1167 1050 1230 1086 diu
1244 1041 1430 1080 campanus

116 1113 277 1162 publicis
298 1113 464 1148 consiliis
486 1113 658 1156 aberant,
675 1113 871 1163 propalam
887 1113 1144 1156 minabantur,
1158 1114 1230 1150 nisi
1244 1093 1400 1157 tcgssvoca-

116 1177 288 1213 venirent
317 1177 355 1211 in
385 1184 571 1219 senatum,
594 1177 694 1212 circa
722 1177 853 1212 domos
884 1189 1014 1212 eorum
1036 1178 1154 1212 ituros
1175 1189 1229 1221 se,

118 1247 155 1276 et
174 1242 211 1276 in
233 1241 424 1290 publicum
445 1254 574 1277 omnes
596 1243 632 1277 vi
653 1248 888 1277 extracturos
910 1254 1001 1279 esse.
1028 1266 1033 1275 -.
1058 1241 1096 1277 Is
1117 1242 1232 1277 timor

116 1304 352 1353 frequentem
373 1312 545 1341 senatum
565 1306 804 1353 magistratui
823 1305 997 1354 praebuit.
1034 1304 1095 1341 Ibi
1116 1317 1231 1353 quum

117 1369 231 1404 ceteri
262 1368 306 1404 de
329 1367 462 1416 legatis
483 1369 677 1405 mittendis
699 1369 746 1404 ad
769 1369 1012 1418 imperatores
1031 1367 1230 1403 Romanos

116 1439 287 1480 agerent,
307 1433 440 1468 Vibius
462 1433 622 1476 Virrius,
643 1433 707 1482 qui
727 1433 949 1468 defectionis
971 1432 1017 1468 ab
1043 1431 1230 1468 Romanis

116 1503 249 1532 auctor
277 1496 414 1540 fuerat,
442 1498 696 1544 interrogatus
727 1497 969 1539 sententiam,
1000 1503 1128 1544 negat,
1159 1505 1433 1538 eos,vjbiivirffi

116 1563 176 1608 qui
193 1563 236 1598 de
256 1562 383 1608 legatis
401 1567 435 1597 et
456 1562 500 1597 de
513 1573 606 1609 pace
624 1574 667 1596 ac
685 1562 864 1596 deditione
884 1562 1090 1608 loquantur,
1105 1561 1229 1596 memi-
1242 1549 1352 1580 oratio.

113 1627 216 1666 nisse,
237 1636 301 1660 nec
320 1626 405 1672 quid
413 1623 561 1672 facturi
569 1623 730 1673 fuerint,
752 1626 780 1659 si
801 1624 983 1660 Romanos
1003 1626 1038 1659 in
1052 1629 1231 1671 potestate

115 1688 315 1724 habuissent
326 1704 339 1730 ‚-
367 1699 431 1723 nec
450 1689 536 1734 quid
559 1690 641 1735 ipsis
664 1688 875 1735 patiendum
893 1689 950 1722 sit.
1011 1688 1138 1728 Quid?
1156 1699 1228 1730 vos,

113 1752 250 1800 inquit,
271 1764 349 1787 eam
369 1752 584 1787 deditionem
602 1751 691 1799 fore
710 1754 867 1794 censetis,
889 1764 959 1799 qua
979 1752 1169 1798 quondam,
1190 1756 1232 1787 ut

113 1818 278 1852 adversus
304 1816 483 1851 Samnites
512 1817 685 1851 auxilium
714 1817 986 1862 inpetraremus,
1006 1827 1068 1850 nos
1088 1819 1230 1864 nostra-

113 1892 180 1929 que
198 1882 315 1916 omniu
337 1881 510 1916 Romanis
530 1881 730 1916 dedidimus
742 1882 763 1915 Γ)
780 1880 868 1916 Jam
887 1892 906 1915 e
923 1880 1096 1915 memoria
1114 1890 1228 1915 exces-

111 1947 172 1986 sit,
194 1957 263 1992 quo
289 1949 458 1992 tempore,
479 1949 514 1980 et
539 1946 575 1979 in
602 1956 673 1991 qua
690 1943 849 1992 fortuna
867 1957 889 1979 a
906 1945 1042 1992 populo
1062 1943 1229 1979 Romano

113 2008 344 2057 defecerimus
357 2009 377 2043 ,9
396 2006 491 2053 jam,
512 2009 809 2054 quemadmodum
828 2009 864 2043 in
883 2007 1080 2055 defectione
1102 2008 1228 2054 praesi-

115 2074 227 2115 dium,
249 2073 343 2119 quod
367 2077 510 2119 poterat
529 2074 656 2114 emitti,
682 2085 747 2120 per
767 2074 965 2108 cruciatum
984 2076 1018 2107 et
1038 2072 1086 2106 ad
1105 2075 1228 2106 contu-

114 2137 258 2172 meliam
277 2137 507 2171 necarimus?
531 2138 664 2184 quoties
682 2138 719 2172 in
739 2137 942 2178 obsidentes,
963 2148 1070 2184 quam
1088 2135 1231 2170 inimice

115 2202 347 2247 eruperimus,
375 2204 494 2235 castra
521 2199 828 2248 obpugnu'rimus?
854 2199 1096 2235 Hannibalem
1123 2209 1230 2232 voca—

115 2265 267 2300 verimus
295 2265 345 2299 acl
373 2264 615 2312 obprimendos
642 2266 727 2300 eos.9
756 2265 821 2300 hoc
840 2265 935 2312 quod
953 2262 1231 2299 recentissimum

115 2333 180 2372 est,
210 2330 261 2365 ad
291 2328 568 2377 obpugnandam
598 2329 753 2366 Romam
785 2328 866 2365 hinc
894 2340 974 2364 eum
1002 2326 1233 2363 miserimus?
