1527 2661
244 193 248 196 ·
301 177 456 207 Lmen
481 175 624 205 xxvi.
657 175 765 204 cAv.
788 174 969 204 xxxw.
1112 173 1196 219 549

28 266 29 291 ³
80 267 200 317 magis
220 267 310 312 dux,
330 280 442 318 quam
462 268 634 309 materia,
655 266 833 302 seditioni
853 265 1011 302 deesset.
1059 267 1195 304 Secun-
1210 274 1302 305 U.C.
1318 282 1392 308 542.

28 327 29 330 ¹
82 333 168 368 dam
194 334 334 369 Siculos
361 333 632 381 Campanosque
655 331 794 380 plebem
816 331 1019 367 Romanam
1044 333 1197 380 perden·
1211 317 1302 349 A‘c'
1317 325 1392 351 ²¹⁰·

81 398 166 432 dam
187 398 486 446 lacerandamque
500 398 565 433 sibi
584 398 742 433 consules
758 397 921 432 sumsisse
936 412 948 432 :
974 408 1040 444 per
1060 401 1113 433 tot
1132 410 1197 433 an-
1212 372 1368 447 ἓὲῗῖξέῗς

26 502 27 506 ¹
81 473 145 497 nos
164 461 296 497 tributo
314 462 500 497 exhaustos
519 462 572 497 nil
591 462 732 509 reliqui,
757 466 888 508 prceter
911 465 1044 496 terram
1062 462 1200 497 nudam

81 537 125 560 ac
143 530 295 567 vastam,
317 526 443 562 habere
502 527 609 562 Tecta
628 526 740 561 hostes
758 526 967 567 incendisse,
986 537 1102 562 servos
1120 528 1202 573 agri

82 591 234 626 cultores
252 590 511 638 rempublicam
528 590 723 631 abduxisse,
744 602 838 626 nanc
855 591 904 625 ad
923 591 1093 626 militiam
1111 603 1199 638 par-

80 665 124 688 vo
143 666 211 690 aere
229 654 388 698 emendo,
408 667 502 690 nunc
525 656 672 702 remiges
698 655 917 702 imperando.
975 655 1018 690 Si,
1037 656 1124 703 quid
1142 655 1202 690 cui

80 719 224 765 argenti
242 720 363 754 aerisve
371 719 507 767 fuerit,
527 719 706 767 stipendio
725 719 899 766 remigum
919 724 954 755 et
974 719 1115 755 tributis
1133 732 1200 755 an-

80 783 161 817 ‚zuis
182 782 356 818 ablatum.
404 783 465 825 Se,
495 788 536 818 ut
565 784 661 826 dent,
693 783 787 831 quod
815 795 885 818 non
909 783 1076 825 habeant,
1098 784 1201 819 nulla

79 846 129 888 vi,
150 847 251 882 nullo
270 848 420 895 imperio
440 848 519 895 cogi
534 859 648 895 posse.
706 847 810 883 Bona
827 859 893 882 sna
914 848 1134 883 venderent:
1162 848 1201 883 in

82 922 246 958 corpora,
269 924 346 958 quae
373 912 511 960 reliqua
541 915 665 952 essent,
695 912 870 947 saevirent.
917 911 974 946 Ne
994 912 1086 947 uncle
1104 912 1200 947 redi-

81 979 228 1011 mantur
247 976 399 1023 quidem,
421 977 619 1023 quidquam
637 986 824 1023 superesse.
862 973 959 1011 Haec
978 987 1057 1010 non
1076 975 1115 1011 in
1135 987 1200 1011 oc-

82 1037 200 1082 culto,
232 1039 297 1076 sed
326 1039 523 1090 propalam
551 1040 591 1076 in
617 1039 703 1076 foro
733 1046 847 1089 atque
880 1039 999 1076 oculis
1031 1041 1200 1089 ipsorum

84 1101 283 1139 consulum
309 1103 442 1152 ingens
469 1103 582 1140 turba
609 1103 825 1140 circumfusi
853 1103 1088 1140 fremebant:
1131 1115 1201 1140 nec

84 1177 149 1201 eos
175 1166 306 1203 sedare
332 1167 519 1210 consules,
539 1180 640 1204 nunc
670 1168 907 1215 castigando,
933 1180 1034 1203 nnnc
1063 1180 1201 1204 conso-

83 1229 214 1273 lando,
234 1238 424 1280 poterant.
482 1232 655 1283 Spatium
675 1232 807 1268 deinde
833 1232 891 1268 his
919 1233 1032 1268 tridui
1055 1245 1093 1269 se
1113 1232 1201 1269 dare

86 1295 133 1331 ad
152 1296 397 1345 cogitandum
417 1297 615 1333 dixerunt:
648 1310 724 1346 quo
745 1298 815 1347 ipsi
835 1297 880 1333 ad
899 1310 977 1333 rem
998 1298 1201 1348 inspicien-

85 1360 171 1396 dam
192 1361 538 1411 expediendamque
557 1362 614 1397 usi
634 1368 734 1398 sunt.
765 1362 945 1398 Senatum
968 1368 1122 1412 postero
1142 1362 1202 1398 die
1215 1370 1357 1401 Consiua

84 1423 300 1460 habuerunt
336 1424 383 1461 de
418 1426 603 1474 remigum
638 1424 901 1476 supplemento
923 1440 931 1462 t
985 1425 1050 1461 ubi
1087 1438 1202 1475 quum
1215 1423 1252 1443 ea
1267 1414 1305 1444 de
1320 1423 1363 1444 ¹⁶·

85 1487 204 1524 multa
223 1488 499 1531 disseruissent,
521 1502 587 1525 cur
607 1502 713 1538 aequa
732 1489 852 1539 plebis
872 1490 1061 1525 recusatio
1088 1497 1200 1534 esset,

84 1558 278 1588 verterunt
304 1552 515 1589 orationem
544 1565 603 1596 eo,
624 1560 667 1589 ut
689 1553 871 1595 dicerent,
895 1554 1053 1589 Privatis
1071 1554 1122 1597 id,
1142 1566 1203 1590 seu

83 1630 235 1666 aequum,
265 1630 324 1653 seu
358 1619 532 1665 iniquum,
567 1629 655 1654 onus
688 1617 945 1666 injungendum
975 1630 1056 1654 esse.
1104 1619 1203 1654 Nam

84 1683 191 1726 unde,
212 1694 320 1731 quum
335 1685 490 1730 pecunia
508 1683 545 1718 z'n
564 1684 693 1719 (erario
711 1695 781 1718 non
801 1687 901 1725 esset,
922 1688 1118 1731 paraturos
1135 1696 1202 1719 na-

84 1748 180 1783 vales
197 1747 308 1783 socios
321 1747 341 1781 9
375 1746 560 1787 Quomodo
579 1752 700 1783 autem
718 1749 793 1782 sine
811 1746 978 1783 classibus
996 1753 1060 1782 aut
1079 1748 1204 1783 Sieili-

84 1823 144 1847 am
174 1810 339 1852 obtineri,
371 1815 436 1846 aut
465 1810 580 1846 Italia
609 1811 822 1859 Philippum
851 1812 967 1847 arceri
990 1823 1107 1859 posse,
1140 1816 1205 1847 aut

87 1880 168 1910 tuta
187 1874 308 1910 Italiae
327 1874 436 1910 litora
459 1885 530 1910 esse
543 1875 564 1909 9

140 1937 336 1974 XXXVI.
367 1938 496 1977 Quum
515 1938 552 1973 in
575 1937 647 1973 hac
666 1937 884 1973 difficultate
903 1949 1028 1973 rerum
1048 1938 1204 1974 consili-

87 2015 149 2039 um
162 2003 335 2045 haereret,
350 2015 393 2038 ac
404 2013 523 2053 prope
535 2008 668 2052 torpor
683 2001 834 2051 quidam
844 2009 1067 2052 occupasset
1079 2003 1203 2038 homi-

85 2080 179 2104 num
197 2073 356 2110 mentes,
377 2074 459 2103 tum
478 2067 655 2103 Laevinus
676 2066 822 2110 consul,
844 2067 1083 2114 Magistratus
1099 2079 1202 2103 sena·
1218 2078 1338 2110 Laevini

86 2134 152 2175 tui,
173 2138 208 2168 et
235 2137 398 2169 senatum
421 2133 571 2180 populo,
591 2133 682 2168 sicut
710 2132 841 2167 honore
865 2136 1048 2180 proestent,
1072 2133 1128 2168 ita
1155 2133 1205 2168 ad
1216 2124 1384 2154 sententia.

87 2198 221 2239 omnia,
244 2209 321 2245 quae
348 2197 441 2233 dura
468 2201 575 2245 atque
599 2208 727 2244 aspera
751 2201 875 2239 essent,
894 2196 1076 2232 subeunda
1100 2197 1206 2232 duces

88 2264 212 2300 debere
230 2274 311 2298 esse.
358 2262 401 2297 Si
426 2263 513 2310 qnid
538 2259 720 2308 injungere
740 2260 907 2309 inferiori
924 2261 1022 2302 velis,
1044 2261 1081 2296 id
1100 2262 1205 2309 prius

88 2329 125 2363 in
145 2332 178 2363 te
196 2339 239 2362 ac
258 2331 334 2362 tuos
352 2328 383 2361 si
400 2326 475 2373 ipse
490 2325 587 2372 juris
603 2327 784 2367 statueris,
803 2324 961 2373 facilius
986 2336 1106 2361 omnes
1123 2325 1203 2373 obe-
