1527 2661
133 279 222 309 U.C.
239 287 311 311 540.

133 322 218 353 A.C.
230 330 303 354 212.

129 525 271 556 Marcius

130 577 229 605 vates,
247 577 277 598 ct

128 611 196 648 ejus
214 614 278 642 duo

128 656 283 687 carmina.

323 186 408 230 452
788 188 832 215 T.
858 188 991 217 len

377 275 473 312 XII.
511 275 647 312 Romae
683 276 857 313 consules
900 284 1155 327 praetoresque
1193 291 1309 329 usque
1345 288 1433 318 ante

324 339 423 374 diem
445 340 618 388 quintum
647 340 841 376 Kalendas
870 340 995 377 Elaias
1024 341 1174 378 Latinae
1204 349 1430 381 tenuerunt:

324 415 369 437 eo
398 403 457 438 die
487 410 705 453 perpetrato
737 416 843 439 sacro
872 404 911 439 in
940 411 1083 448 monte,
1104 405 1143 440 in
1174 418 1258 441 suas
1279 407 1437 456 quisque

322 467 536 516 proxincias
556 466 857 516 proficiscuntur.
915 466 1068 515 Religio
1088 468 1221 504 deinde
1247 482 1347 506 nova
1366 470 1435 509 ob-

317 528 422 579 jecta
441 538 498 566 est
517 543 562 567 ex
583 531 811 567 carminibus
830 531 1051 568 'Marcianis
1108 532 1223 568 Vates
1249 534 1310 569 hic
1329 533 1436 570 Elar—

325 594 402 629 cius
424 594 591 631 inlustris
611 595 748 638 fuerat,
774 601 811 631 et
832 609 947 644 quum
967 596 1197 645 conquisitio
1216 597 1342 647 priore
1367 611 1435 635 an-

322 670 374 693 no
394 671 440 694 ex
463 659 794 696 senatusconsulto
819 660 953 696 talium
976 659 1158 696 librorum
1177 660 1297 705 fieret,
1320 662 1358 698 iu
1378 662 1436 700 M.

321 721 432 758 Atilii
457 724 628 773 praetoris
656 723 805 766 urbani,
826 724 889 772 qui
910 737 993 760 eam
1018 736 1097 760 rem
1123 724 1276 771 agebat,
1303 738 1436 762 manus

321 796 504 823 venerant
519 803 526 823 ε
560 787 590 823 is
611 789 782 838 protinus
800 800 901 824 novo
921 789 1074 838 praetori
1092 788 1205 824 Sullae
1219 789 1438 829 tradiderat.

321 850 383 887 Ex
415 849 527 901 hujus
556 851 695 888 Marcii
721 852 868 889 duobus
896 852 1140 896 carminibus,
1170 853 1323 890 alterius
1352 861 1441 904 post

323 927 403 951 rem
421 922 546 951 actam
572 916 665 952 editi
690 929 776 952 cum
801 923 886 953 rato
916 917 1121 953 auctoritas
1152 923 1303 961 eventu,
1327 917 1438 955 alteri

322 990 488 1028 quoque,
527 977 634 1029 cujus
665 980 837 1017 nondum
866 987 1013 1031 tempus
1042 987 1211 1023 venerat,
1242 980 1438 1018 adferebat

322 1043 446 1080 fidem.
502 1042 636 1080 Priore
667 1044 833 1080 carmine
863 1044 1074 1080 Cannensis
1104 1045 1285 1094 praedicta
1313 1045 1438 1083 clades

322 1107 361 1142 in
382 1106 463 1142 haec
478 1106 596 1143 ferme
612 1106 727 1144 verba
742 1114 823 1144 erat
838 1122 846 1144 z
884 1109 1040 1144 Amnem
1059 1107 1263 1156 Trojugena
1279 1109 1442 1148 Cannam

323 1172 488 1209 Romane
495 1173 592 1222 fuge
605 1189 617 1210 :
643 1186 688 1211 ne
707 1180 741 1211 te
759 1176 967 1223 alienigena²
992 1179 1122 1223 cogant
1140 1177 1177 1211 in
1196 1186 1323 1223 campo
1341 1175 1441 1212 Dio-

321 1238 436 1273 medis
453 1249 635 1275 conserere
653 1250 790 1276 manus,
837 1239 914 1275 Sed
928 1251 1041 1288 neque
1060 1239 1178 1275 credes
1197 1243 1237 1275 tu
1254 1238 1358 1282 mihi,
1376 1240 1442 1276 do-

322 1313 388 1338 nec
406 1303 593 1351 compleris
618 1305 789 1351 sanguine
807 1316 971 1352 campum
983 1320 997 1348 ,·
1025 1304 1212 1352 multaque
1238 1304 1356 1340 millia
1382 1315 1446 1340 oc·

324 1368 399 1402 cz‘sa
429 1372 492 1403 tua
519 1367 662 1416 deferat
689 1370 806 1405 amnis
832 1370 871 1404 in
895 1373 1049 1417 pontum
1076 1380 1248 1417 magnum
1274 1380 1317 1404 ex
1346 1370 1442 1404 terra

313 1429 507 1478 frugifera
518 1447 531 1474 ,-
555 1432 711 1480 piscibus
728 1437 836 1481 atque
854 1433 977 1469 ovibus
989 1432 1167 1481 serisque,
1187 1444 1265 1480 quae
1282 1432 1442 1468 incolunt

327 1499 455 1538 terras,
485 1497 530 1531 iis
545 1496 640 1546 fuat
658 1508 735 1533 esca
764 1509 848 1533 coro
877 1503 965 1533 tua:
993 1508 1077 1532 nam
1105 1496 1194 1532 mihi
1224 1497 1278 1532 ita
1296 1497 1443 1544 Jupiter

316 1557 428 1607 fatus
452 1565 513 1596 est.
569 1559 622 1596 Et
646 1559 844 1596 Diomedis
864 1560 999 1609 Argivi
1025 1571 1178 1609 campos
1202 1565 1240 1596 et
1267 1559 1441 1595 Cannam

325 1620 480 1666 flumen,
502 1624 567 1672 qui
585 1623 840 1660 militaverant
859 1624 899 1660 in
920 1624 964 1659 iis
983 1623 1092 1666 locis,
1106 1622 1222 1673 juxta
1249 1629 1363 1672 atque
1380 1623 1440 1673 ip-

325 1697 407 1721 sam
427 1685 572 1722 cladem
590 1686 862 1735 agnoscebant.
909 1687 1010 1723 Tum
1030 1686 1191 1723 alterum
1210 1699 1361 1723 carmen
1380 1698 1441 1723 re-

326 1750 500 1794 citatum,
524 1763 603 1787 non
632 1764 679 1787 eo
708 1758 857 1787 tantum
887 1750 1098 1794 obscurius,
1120 1751 1209 1800 quia
1236 1750 1442 1787 incertiora

324 1813 454 1851 futura
478 1816 678 1865 praeteritis
709 1822 810 1860 sunt,
841 1816 905 1852 sed
934 1815 1147 1866 perplexius
1178 1816 1293 1851 etiam
1321 1814 1440 1864 scrip-

323 1885 419 1915 turae
447 1892 595 1928 genere.
652 1882 815 1924 Hostem,
846 1881 1016 1923 Romani,
1045 1882 1076 1916 si
1112 1881 1285 1928 expellere
1319 1879 1439 1922 vultis,

322 1946 579 1992 vomicamque,
602 1957 679 1993 quoe
694 1946 855 1992 gentiam
875 1946 971 1980 venit
994 1945 1108 1991 longe,
1129 1944 1295 1992 Apollini
1312 1955 1439 1979 voven-

323 2009 387 2044 dos
405 2020 523 2044 censeo
544 2010 659 2051 ludos,
681 2011 741 2057 qui
759 2011 949 2058 quotannis
973 2010 1119 2045 comiter
1138 2008 1303 2056 Apollini
1314 2007 1441 2056 fiant:

324 2085 433 2120 qaum
459 2074 614 2121 populus
638 2075 777 2109 dederit
805 2085 846 2109 ex
868 2073 1011 2121 publico
1036 2077 1192 2120 partem,
1219 2072 1358 2119 privati
1384 2072 1442 2107 uti

324 2136 513 2186 conferant
531 2150 599 2185 pro
627 2150 662 2173 se
689 2140 840 2186 suisque.
890 2139 940 2174 Iis
968 2138 1060 2173 ludis
1084 2136 1269 2184 faciendis
1292 2136 1442 2182 praeerit

320 2207 457 2250 praetor
484 2204 526 2245 is,
557 2204 617 2251 qui
643 2201 706 2247 jus
738 2204 873 2251 populo
906 2202 1089 2250 plebeique
1117 2200 1215 2236 dabit
1249 2211 1439 2235 summum.

325 2266 534 2302 Decemviri
557 2267 679 2302 Graeco
708 2269 780 2302 ritu
811 2266 934 2302 hostiis
960 2277 1065 2301 sacra
1083 2264 1242 2313 faciant.
1299 2262 1388 2299 Hoec
1407 2264 1439 2298 εἰ

324 2335 418 2365 recte
432 2330 580 2379 faxitis,
600 2331 797 2378 gaudebitis
824 2342 971 2380 semper,
982 2330 1122 2380 fietque
1148 2339 1202 2365 res
1228 2331 1346 2365 vestra
1365 2338 1436 2363 me-
