1527 2661
241 159 299 214 36
691 171 739 202 τ.
763 172 903 202 mvn

48 252 90 326 H·
105 251 142 325 ἓ
157 257 231 326 ἐξ·
246 259 416 308 equitum
443 271 529 295 cum
555 259 725 295 exercitu
750 272 851 296 novo
877 259 925 297 ab
944 259 1075 297 Roma
1100 260 1253 297 advenit
1268 276 1279 307 ;
1312 264 1364 304 et,

83 316 92 324 ’
136 317 144 325 ”
202 314 314 374 ”Ρει·
331 324 547 374 praemissos
573 325 734 361 nuncios
763 325 940 361 consulto
960 325 1160 369 dictatore,
1182 325 1248 362 ubi
1276 324 1367 361 sub-

247 388 411 432 sisteret,
434 401 556 438 quove
575 394 761 439 tempore,
782 395 819 425 et
839 402 914 439 qua
932 402 979 426 ex
1006 396 1114 440 parte
1131 389 1284 426 hostem
1302 389 1369 426 ad-

248 452 481 501 grederetur,
503 452 676 488 substitit
695 452 880 496 occultus,
902 453 949 489 ad
969 454 1098 490 omnia
1124 454 1216 490 satis
1236 452 1370 503 explo-

248 517 340 552 ratis
361 516 542 553 consiliis.
584 515 779 560 Dictator,
797 529 912 566 quum
931 529 999 566 per
1018 516 1166 566 aliquot
1183 517 1262 553 dies
1282 522 1372 566 post

249 593 419 631 pugnam
439 581 691 617 continuisset
716 593 804 617 suos
824 582 926 617 intra
943 580 1098 624 vallum,
1120 580 1266 617 obsessi
1291 592 1374 617 ma-

250 645 306 693 gis
337 657 450 693 quam
479 644 689 680 obsidentis
719 645 847 688 modo,
869 645 1021 694 signum
1049 651 1205 695 repente
1233 656 1373 695 pugnae

250 709 474 760 proposuit3
508 717 559 752 et,
590 709 777 745 efficacius
811 715 914 745 ratus
942 709 989 745 ad
1017 709 1279 745 accendendos
1315 709 1372 745 vi-

251 786 380 810 rorum
399 773 557 809 fortium
584 774 746 816 animos,
767 773 910 809 nullam
930 773 1035 816 alibi,
1056 787 1169 822 quam
1190 774 1229 809 in
1255 779 1376 809 semet

252 840 350 888 ipso,
379 839 555 888 cuiquam
581 837 750 874 relictam
778 850 897 887 spem,
925 838 970 874 de
996 839 1181 887 magistro
1206 838 1378 887 equitum

252 915 430 951 novoque
451 902 621 938 exercitu
635 901 796 938 militem
817 901 953 938 celavit
968 917 975 937 :
1008 909 1060 945 et,
1077 908 1271 951 tamquam
1288 901 1376 938 nul-

253 967 306 1010 la,
325 968 399 1003 nisi
428 967 468 1002 in
498 967 712 1016 emptione,
744 979 827 1016 spes
859 972 970 1009 esset,
992 967 1112 1009 Locis,
1143 966 1281 1015 inquit,
1310 978 1378 1002 an-

253 1034 378 1081 gustis,
400 1033 546 1074 milites,
568 1032 792 1079 deprehensi,
813 1033 881 1067 nisi
900 1044 1008 1080 quam
1028 1033 1178 1068 victoria
1195 1030 1380 1080 patefece-

256 1099 381 1138 rimus,
412 1098 509 1132 viam
540 1097 678 1131 nullam
713 1095 890 1132 habemus.
934 1096 1079 1132 Statim.
1111 1100 1236 1131 nostra
1262 1096 1380 1131 muni-

258 1167 374 1197 mento
392 1163 481 1197 satis
500 1165 581 1196 tuta
598 1165 681 1195 sunt
693 1175 702 1204 3
735 1161 796 1195 sed
817 1162 940 1208 inopia.
966 1162 1089 1196 eadem
1110 1159 1241 1209 infesta
1255 1175 1267 1195 .·
1294 1171 1382 1195 nam

259 1230 294 1262 et
326 1227 422 1261 circa
459 1225 580 1260 omnia
610 1222 828 1272 defecerunt,
866 1225 959 1259 unde
992 1224 1137 1260 subvehi
1166 1228 1384 1260 commeatus

256 1294 450 1338 potera-nt5
479 1293 526 1330 et,
564 1289 595 1323 si
632 1287 789 1327 homines
815 1286 947 1334 juvare
981 1289 1106 1330 velint,
1140 1289 1266 1336 iniqua
1303 1288 1383 1323 loca

260 1359 352 1391 mut.
397 1354 526 1401 Itaque
550 1364 622 1388 non
637 1351 850 1401 frustrabor
869 1364 932 1399 ego
949 1365 1023 1395 vos,
1044 1357 1164 1388 castra.
1189 1352 1247 1388 hic
1269 1353 1383 1388 relin-

262 1420 412 1467 quendo,
446 1420 481 1453 in
512 1430 600 1466 quse,
633 1416 764 1466 infecta
802 1418 966 1459 victoria,
1004 1418 1097 1452 sicut
1126 1418 1280 1464 pristino
1309 1417 1381 1459 die,

263 1496 321 1520 vos
347 1484 553 1531 recipiatis:
581 1484 690 1517 armis
717 1484 949 1524 munimenta,
977 1494 1047 1518 non
1073 1483 1304 1517 munimentis
1321 1494 1382 1517 ar-

263 1562 323 1586 ma
344 1554 422 1585 tuta
442 1560 512 1584 esse
532 1547 668 1583 debent.
712 1547 841 1583 Castra
861 1547 1014 1583 habeant
1037 1551 1283 1595 repetantque,
1305 1548 1385 1595 qui-

266 1615 327 1650 bus
346 1625 461 1662 operae
488 1618 539 1648 est
565 1613 707 1648 trahere
733 1613 888 1648 bellum:
918 1624 980 1647 nos
998 1613 1155 1647 omnium
1180 1623 1301 1647 rerum
1327 1624 1386 1647 re-

266 1684 438 1728 spect-um,
453 1683 693 1726 praeterquam
713 1679 879 1720 z‘ictorioe,
900 1677 996 1712 nobis
1009 1677 1266 1712 abscindamus.
1285 1676 1388 1712 Ferte

268 1746 370 1792 signa
401 1746 437 1779 in
463 1744 622 1779 hostem:
652 1743 709 1778 ubi
739 1747 839 1778 extra
868 1743 1000 1778 vallum
1031 1754 1158 1788 agmen
1192 1743 1388 1784 excesserit,

270 1815 402 1851 castra,
434 1809 556 1856 quibus
585 1810 799 1855 imperatum
828 1812 891 1849 est,
924 1807 1135 1842 incendant:
1169 1807 1303 1841 damna
1331 1817 1389 1841 ve-

270 1880 360 1917 stra,
393 1875 534 1914 milites,
566 1873 722 1907 omnium
755 1873 863 1913 circa,
896 1873 957 1919 qui
986 1870 1204 1920 defecerunt,
1231 1871 1391 1918 populo-

271 1952 351 1975 rum
378 1939 505 1988 praeda
534 1939 744 1973 sarcientur.
787 1936 840 1971 Et
871 1936 1044 1971 oratione
1070 1935 1279 1977 dictatoris,
1306 1947 1390 1983 quae

273 2004 508 2040 necessitatis
547 2003 687 2038 nltimae
717 2001 831 2037 index
861 2007 955 2043 erat,
983 1999 1121 2036 milites
1148 1999 1298 2035 accensi
1326 2012 1392 2035 va-

274 2069 369 2105 dunt
389 2069 427 2104 in
446 2069 611 2111 hostem,
633 2073 669 2103 et
696 2072 887 2116 respectus
909 2066 989 2116 ipse
1015 2064 1227 2100 ardentium
1248 2070 1392 2100 castro-

276 2147 373 2175 rum,
395 2146 623 2182 quamquam
643 2132 824 2182 proximis
845 2138 995 2167 tantum
1018 2131 1091 2177 (ita
1110 2129 1209 2164 enim
1224 2127 1393 2177 jusserat

279 2199 459 2245 dictator)
483 2198 580 2246 ignis
603 2203 659 2233 est
679 2197 865 2238 subditus,
881 2195 982 2231 haud
1001 2207 1157 2245 parvum
1176 2192 1249 2228 fuit
1267 2193 1393 2228 irrita—

63 2259 202 2289 Victoria
217 2259 255 2287 de
280 2270 463 2299 mentum.
507 2262 656 2311 Itaque,
676 2261 780 2297 velut
799 2261 977 2298 vecordes
997 2258 1120 2301 inlati,
1142 2258 1251 2306 signa
1269 2257 1394 2306 primo

61 2302 291 2336 Samnitibus..
535 2328 542 2335 .
911 2327 918 2334 .

283 2334 415 2379 mpetu
442 2328 609 2364 hostmm
639 2327 819 2372 turbant3
853 2332 889 2363 et
909 2339 948 2362 m
976 2332 1163 2376 tempore,
1193 2328 1396 2373 postquam
