1527 2661
324 177 478 206 LIBER
503 175 574 204 lx.
609 175 716 204 CAR.
742 173 866 202 XXX.
1093 170 1149 216 45

37 266 156 305 tendo
180 265 282 303 bello
308 266 442 315 agitat,
463 265 656 314 quieturus
684 263 783 299 haud
807 262 934 306 dubie,
955 263 1029 298 nisi
1050 263 1150 300 ultro
1164 269 1255 300 U.c.
1270 276 1346 302 442.

39 346 144 370 arma
160 332 312 369 Etrusci
336 331 531 367 inferrent.
587 329 733 366 Eadem
752 330 790 364 iu
811 328 1065 377 comparando
1085 341 1151 364 co·
1163 314 1203 344 A·
1217 313 1254 343 C·
1271 320 1347 345 ³²⁰·

39 397 280 445 hibendoque
306 395 406 432 bello
431 394 589 430 consilia
617 400 655 429 et
684 393 784 443 apud
808 392 992 428 Etruscos
1018 392 1147 428 fuere:
1165 414 1225 452 Ap.
1239 413 1339 444 Clau-

0 457 2 500 ῗ
39 462 164 498 neutri
194 460 330 497 finibus
360 459 513 507 egressi.
575 458 629 495 Et
658 470 816 494 censura
845 456 949 503 clara
974 470 1020 493 eo
1049 457 1236 493 armodius
1253 463 1284 506 ‘ft
1299 456 1337 488 C-

0 514 3 541 1
40 527 115 575 Ap.
136 524 300 566 Claudii,
320 530 358 559 et
378 523 421 559 C.
437 522 579 558 Plautii
598 521 671 558 fuit
683 538 694 567 5
726 521 918 557 memoriae
947 527 1076 556 tamen
1093 520 1151 556 fe·
1164 500 1322 573 Ξέῗιὲἓῖἶί

39 589 181 626 licioris
202 588 248 625 ad
268 594 440 637 posteros
461 599 598 622 nomen
626 587 756 636 Appii,
778 585 879 634 quod
899 586 998 621 viam
1025 585 1150 622 muni·
1163 596 1268 636 Appia
1279 596 1343 626 via.

38 655 107 698 vit,
128 660 166 689 et
185 665 320 701 aquam
339 653 379 687 in
400 651 529 687 urbem
550 651 671 693 duxit,
699 662 816 699 eaque
842 662 937 685 unus
967 649 1148 699 perfecit3

40 718 143 767 quia,
164 716 213 753 ob
233 716 413 752 infamem
438 722 551 764 atque
581 716 806 751 invidiosam
835 721 987 750 senatus
1018 714 1152 751 lectio-

4 774 5 807 ἦ
43 794 130 819 nem
148 781 374 817 verecundia
392 780 527 822 victus,
555 779 702 827 collega
724 780 949 827 magistratu
978 791 1018 814 se
1047 779 1155 815 abdi-

4 836 5 856 ³
43 852 205 884 caverat.
261 846 422 895 Appius,
436 845 520 895 jam
539 845 626 880 inde
652 844 860 893 antiquitus
890 844 1044 880 insitam
1069 857 1155 894 per·

4 922 5 926 ¹
43 911 223 947 tinaciam
242 909 395 946 familiae
416 909 596 958 gerendo,
618 908 720 944 solus
747 920 944 943 censuram
973 907 1154 945 obtinuit.

42 974 191 1012 Eodem
210 974 337 1024 Appio
357 980 525 1016 auctore,
550 973 700 1016 Potitii,
723 985 830 1021 gens,
851 971 958 1022 cujus
984 972 1032 1008 ad
1051 985 1153 1009 aram
1167 985 1279 1016 Potitia
1295 995 1376 1025 gen,

5 1063 6 1066 =
44 1039 256 1077 Maximam
293 1038 471 1074 Herculis
504 1037 690 1074 familiare
726 1037 979 1073 sacerdotium
1016 1036 1153 1080 fuerat,
1168 1029 1249 1059 intra
1264 1039 1325 1059 ³¹²·

46 1115 171 1140 servos
193 1102 379 1153 publicos,
400 1102 600 1137 ministerii
620 1100 817 1149 delegandi
837 1113 982 1143 caussa,
1004 1100 1157 1138 sollem-
1168 1082 1325 1147 21?ssth-

46 1168 112 1204 nia
130 1166 209 1216 ejus
231 1167 327 1202 sacri
346 1166 536 1202 docuerat.
592 1165 773 1201 Traditur
798 1165 884 1201 inde
914 1165 1016 1200 dictu
1043 1166 1159 1201 mira-

49 1231 139 1274 bile,
160 1237 197 1267 et
217 1230 318 1278 quod
338 1229 570 1265 dimovendis
592 1235 692 1264 statu
715 1241 784 1264 suo
804 1229 918 1264 sacris
936 1228 1159 1276 religionem

5 1329 7 1333 ,
48 1295 173 1332 facere
201 1300 343 1345 posset,
374 1306 489 1343 quum
518 1293 714 1328 duodecim
742 1292 894 1328 familiae
924 1304 968 1327 ea
994 1298 1161 1342 tempes-

6 1367 7 1371 ’
49 1366 128 1397 tate
146 1360 377 1396 Potitiorum
397 1364 535 1400 essent,
561 1358 719 1408 puberes
751 1357 797 1393 ad
826 1357 997 1405 triginta,
1028 1370 1159 1395 omnes

7 1426 8 1456 ἒ
49 1425 151 1461 intra
185 1435 327 1460 annum
363 1435 449 1458 cum
485 1422 601 1472 stirpe
639 1421 866 1457 exstinctos:
914 1433 984 1456 nec
1020 1434 1161 1459 nomen

49 1495 198 1526 tantum
235 1486 466 1523 Potitiorum
502 1487 690 1528 interisse,
728 1485 792 1521 sed
823 1497 1017 1522 censorem
1046 1486 1161 1522 etiam

49 1554 230 1604 Appium,
251 1553 409 1588 memori
428 1551 555 1588 Deum
575 1552 643 1594 ira,
664 1557 752 1602 post
781 1550 926 1599 aliquot
954 1563 1074 1586 annos
1103 1550 1164 1587 lu·

8 1661 9 1667 ¹
50 1617 214 1656 minibus
235 1623 400 1666 captum.

8 1671 9 1682 η
103 1681 241 1718 ΧΧΧ.
279 1680 414 1729 Itaque
443 1678 631 1721 consules,
666 1678 730 1726 qui
759 1690 845 1713 eum
873 1690 1014 1713 annum
1043 1679 1162 1714 secuti
1177 1682 1219 1714 U.
1232 1681 1268 1712 C.
1286 1686 1360 1712 44³.

51 1752 154 1788 sunt,
185 1745 228 1781 C.
257 1744 394 1780 Junius
425 1742 618 1778 Bubulcus
652 1742 806 1776 tertium
835 1747 872 1775 et
905 1740 953 1780 Q.
984 1741 1163 1778 AEmilius
1180 1725 1361 1757 A·C'3⁰⁹‘

54 1807 222 1847 Barbula
246 1808 397 1848 iterum,
428 1806 539 1841 initio
569 1805 660 1840 anni
688 1804 810 1853 questi
839 1804 939 1853 apud
967 1804 1165 1853 populum,

56 1872 310 1910 deformatum
341 1871 513 1906 ordinem
550 1881 665 1918 prava
698 1867 860 1903 lectione
895 1874 1061 1911 senatus,
1093 1881 1168 1918 qua

54 1937 222 1989 potiores
243 1935 389 1984 aliquot
406 1934 512 1970 lectis
533 1933 715 1983 praeteriti
735 1940 859 1967 essent
875 1947 885 1977 3
918 1938 1167 1980 negaverunt,

55 2013 139 2046 eam
166 1999 369 2035 lectionem
398 2010 450 2041 se,
482 2010 564 2045 quae
597 1997 677 2032 sine
706 1996 799 2031 recti
829 1996 1007 2045 pravique
1037 1996 1168 2031 discri-

58 2065 159 2101 mine
179 2063 225 2099 ad
243 2063 405 2111 gratiam
424 2074 467 2097 ac
494 2060 688 2096 libidinem
717 2059 820 2095 facta
849 2065 960 2102 esset,
990 2059 1169 2095 observa-

57 2136 182 2164 turos:
207 2133 244 2162 et
259 2132 434 2162 senatum
450 2123 640 2173 extemplo
657 2124 867 2159 citaverunt
883 2134 928 2157 eo
944 2122 1089 2165 ordine,
1106 2122 1171 2170 qui

59 2200 149 2231 ante
174 2205 348 2229 censores
374 2193 447 2242 Ap.
470 2190 670 2226 Claudium
690 2195 728 2225 et
753 2189 796 2225 C.
816 2187 1009 2224 Plautium
1035 2187 1171 2226 fuerat.

60 2258 114 2294 Et
132 2257 207 2293 duo
233 2256 390 2306 imperia
419 2268 464 2292 eo
484 2266 585 2291 auno
615 2253 694 2289 dari
722 2252 850 2302 coepta
878 2264 945 2302 per
972 2251 1170 2301 populum,

64 2328 220 2370 utraque
238 2320 469 2371 pertinentia
487 2319 535 2356 ad
554 2329 633 2354 rem
650 2317 872 2354 militarem:
896 2327 1027 2360 unum,
1046 2322 1086 2352 ut
1104 2315 1170 2351 tri-
