1527 2661
397 186 549 214 LIBER
573 186 678 214 xxl.
712 185 817 213 CAP.
840 186 946 213 xxl.
1141 184 1217 228 175

125 274 225 321 quod
244 275 377 309 armati
399 274 469 321 (ita
497 286 577 309 mos
598 275 719 322 gentis
750 274 846 320 erat)
870 274 908 308 in
937 273 1136 309 concilium
1155 287 1216 309 ve·
1233 276 1273 305 U.
1287 275 1324 305 C.
1343 282 1414 306 534.

123 343 282 371 nerunt:
315 348 442 384 quum,
462 335 583 371 verbis
605 335 825 371 extollentes
847 335 1004 383 gloriam
1025 336 1217 371 virtutem-
1231 319 1269 347 Α·
1284 318 1320 348 C·
1339 325 1412 349 918·

124 409 196 445 que
223 397 353 447 populi
381 397 546 433 Romani
576 410 618 434 ac
647 397 943 445 magnitudinem
973 398 1134 446 imperii,
1155 411 1218 448 pe·
1235 411 1342 441 Gallos

125 460 273 503 tissent,
293 473 341 496 ne
359 461 495 503 Poeno,
515 460 655 496 bellum
674 460 794 497 Italiae
814 460 1005 503 inferenti,
1026 473 1092 509 per
1111 474 1220 509 agros
1233 455 1362 484 adeunt.

124 526 308 575 urbesque
325 539 408 562 suas
429 527 628 563 transitum
644 527 776 563 darent
788 543 798 573 5
830 533 957 562 tantus
974 540 1057 562 cum
1072 527 1223 563 fremitu

125 589 220 624 risus
247 589 382 625 dicitur
411 595 530 632 ortus,
550 596 593 625 ut
620 591 683 626 vix
711 603 733 626 a
760 590 1041 638 magistratibus
1069 589 1223 640 majori—

126 651 270 700 busque
297 658 388 688 natu
410 651 589 702 juventus
619 654 822 689 sedaretur.
877 653 984 689 Adeo
1004 653 1139 689 stolida
1165 655 1222 689 in-

125 715 340 763 pudensque
355 715 562 765 postulatio
581 717 659 751 visa
679 723 748 758 est,
765 728 929 759 censere,
949 728 996 751 ne
1015 717 1053 751 in
1073 716 1223 753 Italiam

124 778 383 813 transmittant
408 778 507 813 Galli
536 778 689 821 bellum,
718 779 819 827 ipsos
848 779 887 814 id
914 784 1079 814 avertere
1098 780 1136 815 in
1169 792 1222 823 se,

124 852 308 888 agrosque
327 853 413 876 suos
431 854 500 890 pro
519 841 648 877 alienis
668 841 903 891 populandos
924 840 1100 890 objicere.
1157 843 1223 878 Se-

127 903 214 938 dato
242 904 393 940 tandem
412 904 577 948 fremitu,
608 917 828 954 responsum
846 904 980 952 legatis
1010 911 1080 947 est,
1101 905 1225 953 Neque

127 966 370 1003 Romanorum
398 969 435 1003 in
455 980 491 1003 se
518 971 683 1004 meritum
711 980 793 1010 esse,
813 980 924 1015 neque
942 967 1222 1016 Karthaginien-

123 1030 216 1064 sium
243 1027 426 1075 injuriam,
447 1020 488 1066 ob
507 1043 582 1078 quae
600 1035 663 1066 aut
685 1043 754 1078 pro
774 1031 959 1073 Romanis,
979 1035 1042 1066 aut
1059 1032 1224 1068 adversus

125 1092 252 1128 Poenos
277 1099 417 1129 sumant
445 1107 558 1131 arma.
617 1094 751 1130 Contra
780 1107 822 1130 ea
849 1096 974 1131 audire
999 1107 1083 1137 sese,
1110 1099 1225 1142 gentis

125 1167 196 1191 suoe
214 1156 368 1193 homines
386 1160 482 1205 agris
486 1159 689 1206 finibusque
708 1159 826 1194 Italiae
846 1159 937 1206 pelli
955 1171 978 1194 a
992 1160 1128 1206 populo
1146 1160 1222 1196 Ro-

125 1230 244 1261 mano,
263 1222 543 1269 stipendiumque
567 1223 732 1269 pendere,
753 1227 787 1257 et
814 1227 930 1257 cetera
957 1223 1106 1269 indigna
1132 1225 1224 1271 pati.

125 1281 269 1318 Eadem
287 1283 403 1320 ferme
431 1286 470 1320 in
490 1286 621 1321 ceteris
641 1285 775 1320 Galliae
804 1284 971 1321 conciliis
992 1285 1092 1321 dicta
1117 1287 1222 1322 audi-

124 1343 259 1393 taque:
299 1359 369 1382 nec
412 1347 598 1396 hospitale
634 1348 836 1396 quidquam
877 1355 1097 1397 pacatumve
1133 1350 1221 1385 satis

123 1408 224 1457 prius
244 1408 426 1452 auditum,
447 1422 558 1458 quam
576 1409 785 1446 Massiliam
806 1422 950 1447 venere.
1001 1409 1060 1447 Ibi
1080 1413 1220 1455 omnia,

123 1469 171 1506 ab
200 1471 310 1506 sociis
338 1472 517 1520 inquisita
545 1485 629 1508 cum
648 1485 737 1509 cura
764 1485 808 1508 ac
827 1472 912 1515 fide,
933 1474 1100 1521 cognita,
1129 1487 1222 1522 proe-

123 1539 313 1581 occupatos
332 1533 415 1580 jam
449 1540 532 1571 ante
563 1536 606 1571 ab
638 1536 840 1571 Hannibale
872 1537 1060 1572 Gallorum
1088 1540 1224 1573 animos

123 1608 217 1633 esse:
243 1599 306 1633 sed
323 1610 366 1634 ne
393 1600 448 1634 illi
466 1601 604 1647 quidem
633 1602 700 1648 ipsi
724 1601 812 1635 satis
828 1602 947 1636 mitem
963 1604 1103 1647 gentem
1120 1600 1220 1648 fore,

126 1661 233 1706 (adeo
249 1661 394 1708 ferocia
411 1667 517 1710 atque
545 1665 719 1699 indomita
738 1665 879 1710 ingenia
907 1664 993 1710 esse)
1015 1666 1053 1699 ni
1079 1665 1222 1700 subinde

122 1736 223 1765 auro,
244 1723 341 1769 cujus
367 1727 570 1761 avidissima
585 1739 670 1773 gens
697 1732 760 1768 est,
778 1728 984 1774 principum
1008 1729 1119 1762 animi
1138 1740 1220 1763 con-

120 1787 297 1823 cilientur.
342 1787 403 1823 Ita
421 1791 626 1837 peragratis
642 1789 838 1839 Hispaniae
854 1796 891 1824 et
907 1789 1039 1825 Galliae
1055 1790 1219 1840 populis,

124 1848 239 1897 legati
257 1850 420 1887 Romam
448 1852 618 1895 redeunt,
638 1853 738 1888 haud
757 1854 810 1888 ita
838 1852 958 1888 multo
986 1859 1088 1902 post,
1108 1867 1219 1902 quam

123 1913 294 1949 consules
330 1915 369 1949 in
411 1916 620 1964 provincias
663 1915 823 1965 profecti
860 1922 990 1952 erant:
1030 1917 1219 1953 civitatem

121 1987 270 2012 omnem
306 1978 345 2012 in
381 1981 700 2027 exspectationem
737 1979 824 2015 belli
862 1985 1024 2015 erectam
1067 1980 1219 2016 invene-

120 2046 220 2081 runt,
258 2041 346 2075 satis
384 2048 581 2078 constante
617 2042 732 2085 fama,
761 2042 844 2093 jam
891 2043 1043 2079 Iberum
1078 2044 1217 2080 Poenos

118 2103 377 2140 transmisisse.

173 2164 287 2201 XXI.
316 2165 526 2209 Hannibal,
564 2169 735 2216 Sagunto
772 2174 898 2217 capto,
938 2168 1216 2217 Karthaginem

122 2239 257 2263 novam
277 2229 314 2264 in
335 2229 493 2265 hiberna
512 2238 769 2267 concesserat:
802 2232 944 2281 ibique,
964 2233 1114 2274 auditis,
1135 2246 1217 2280 quae

122 2291 268 2338 Romae,
289 2307 445 2344 quaeque
464 2296 703 2345 Karthagine
728 2304 813 2333 acta
837 2297 1058 2346 decretaque
1076 2297 1218 2340 forent,

639 2357 658 2395 1
678 2360 701 2395 4

26 2191 31 2296 i

26 2299 31 2431 ἒ

26 2499 30 2514 V
