1527 2661
348 191 499 220 LIBER
524 190 658 218 XXII·
689 189 795 218 cAP.
816 190 863 218 V.
1061 190 1141 234 233

41 286 80 317 et
108 287 195 317 ante
223 280 261 316 in
289 277 453 315 frontem
480 278 672 327 lateraque
697 278 857 328 pugnari
882 283 1048 327 coeptum
1071 285 1140 323 est,

39 357 152 394 quam
180 344 268 379 satis
300 343 547 378 instrueretur
580 342 692 386 acies,
729 349 794 378 aut
827 341 993 392 expediri
1025 355 1142 387 arma,

40 408 247 456 stringique
265 406 379 455 gladii
399 413 566 457 possent.

89 471 135 507 V.
173 471 330 514 Consul,
361 470 539 520 perculsis
569 470 758 513 omnibus,
789 471 869 520 ipse
897 470 1002 513 satis,
1033 476 1075 507 ut
1103 471 1143 507 in

34 535 182 585 trepida
207 547 261 578 re,
291 535 502 584 inpavidus,
532 533 704 570 turbatos
732 535 894 577 ordines,
914 541 1084 571 vertente
1104 547 1144 571 se

34 610 184 647 quoque
209 597 256 634 ad
289 598 460 634 dissonos
494 597 690 641 clamores,
724 599 890 642 instruit,
925 605 967 634 ut
995 605 1142 649 tempus

32 660 212 710 locusque
248 662 410 711 patitur,
455 668 505 705 et,
540 674 774 711 quacumque
811 662 913 698 adire
949 662 1144 711 audirique

32 730 172 775 potest,
200 725 436 768 adhortatur,
464 738 507 761 ac
533 732 632 761 stare
653 731 691 761 et
719 738 886 775 pugnare
908 724 1044 775 jubet,
1079 738 1144 766 nec

31 791 126 825 em'm
143 790 227 826 inde
244 791 335 825 votis
362 794 428 825 aut
452 791 691 838 inploratione
718 791 855 833 Deum,
878 792 938 826 sed
955 792 991 826 vi
1008 803 1051 826 ac
1068 792 1143 827 vir-

29 856 118 897 tute,
138 855 356 890 evadendum
377 866 457 891 esse.
514 855 589 890 Per
606 856 741 891 medias
759 856 851 890 acies
858 853 967 903 ferro
985 856 1080 890 viam
1087 855 1141 903 fi-

27 919 80 953 eri
94 933 107 954 .·
134 923 183 962 et,
203 931 271 967 quo
291 920 426 955 timoris
444 920 561 955 minus
577 921 636 962 sz't,
657 931 698 955 eo
716 921 832 956 minus
849 919 974 967 ferme
989 919 1144 967 periculi

28 994 111 1018 esse.
169 982 346 1019 Ceterum
375 996 452 1033 prae
481 984 640 1033 strepitu
665 996 709 1019 ac
735 982 901 1019 tumultu
926 995 996 1019 nec
1016 981 1142 1018 consi-

27 1045 121 1082 lium
149 1059 219 1083 nec
248 1048 447 1098 imperium
474 1048 595 1097 accipi
617 1053 790 1096 poterat:
823 1053 1047 1096 tantumque
1073 1045 1142 1082 ab-

27 1116 122 1154 erat,
143 1116 185 1146 ut
205 1123 274 1148 sua
298 1112 407 1161 signa
432 1118 545 1161 atque
576 1111 746 1148 ordinem
765 1116 803 1147 et
821 1110 947 1147 locum
966 1115 1142 1147 nosceret

26 1173 148 1218 miles,
175 1181 218 1211 ut
241 1176 307 1212 vix
336 1176 383 1212 ad
408 1189 512 1212 arma
536 1176 719 1226 capienda
745 1175 984 1226 aptandaque
1003 1185 1140 1225 pugnae

26 1244 260 1289 competeret
279 1239 446 1275 animus:
469 1240 846 1290 obprimerenturque
865 1239 1031 1288 quidam,
1048 1249 1141 1274 one-

0 1325 1 1337 *
26 1303 100 1339 rati
116 1303 237 1351 magis
266 1304 340 1347 his,
361 1316 474 1353 quam
493 1305 604 1341 tecti:
637 1311 675 1340 et
694 1310 776 1341 erat
794 1305 833 1340 in
852 1309 961 1340 tanta
980 1301 1142 1351 caligine

25 1366 149 1416 major
177 1379 265 1403 usus
294 1368 455 1410 aurium,
482 1379 595 1415 quam
625 1367 834 1403 oculorum.
890 1367 951 1402 Ad
977 1366 1139 1415 gemitus

0 1479 1 1485 1
23 1429 220 1466 vulnerum
239 1430 410 1479 ictusque
437 1442 639 1479 corporum
658 1436 725 1465 aut
743 1441 948 1472 armorum,
977 1436 1015 1465 et
1040 1429 1139 1466 mix-

0 1526 2 1534 ,
23 1502 84 1533 tos
110 1496 357 1546 strepentium
383 1496 676 1545 paventiumque
709 1494 905 1538 clamores,
937 1494 1137 1531 circumfe-

23 1558 159 1596 rebant
187 1572 255 1595 ora
283 1558 502 1607 oculosque.
554 1557 633 1594 Alii
662 1558 850 1606 fugientes
884 1557 1138 1608 pugnantium

25 1622 141 1671 globo
171 1622 280 1659 inlati
305 1622 523 1659 haerebant:
556 1622 650 1658 alios
673 1622 871 1658 redeuntes
901 1623 940 1657 in
967 1633 1137 1672 pugnam

24 1685 218 1722 avertebat
242 1686 470 1734 fugientium
496 1698 643 1734 agmen.
699 1685 862 1727 Deinde,
889 1685 954 1721 ubi
983 1685 1022 1721 in
1051 1697 1135 1721 om·

24 1761 90 1786 nes
120 1755 243 1799 partes
273 1749 527 1798 nequidquam
554 1750 704 1798 inpetus
731 1749 846 1798 capti,
869 1754 906 1783 et
932 1747 979 1783 ab
1004 1747 1134 1784 lateri-

22 1813 92 1850 bus
122 1820 270 1849 montes
297 1826 340 1849 ac
366 1812 482 1855 lacus,
513 1827 535 1849 a
559 1813 685 1849 fronte
704 1819 742 1848 et
767 1812 814 1849 ab
834 1818 943 1861 tergo
966 1812 1135 1850 hostium

25 1878 122 1913 acies
148 1877 359 1920 claudebat,
386 1877 645 1927 adparuitque,
669 1876 825 1919 nullam,
845 1876 918 1912 nisi
940 1877 980 1911 in
999 1876 1134 1913 dextra

6 1940 211 1990 ferroque,
241 1940 370 1977 salutis
400 1953 503 1991 spem
529 1953 633 1985 esse3
665 1947 746 1976 tum
772 1939 844 1976 sibi
869 1940 1026 1989 quisque
1054 1941 1133 1977 dux

23 2004 317 2054 adhortatorque
345 2005 466 2042 factus
486 2006 533 2042 ad
552 2017 630 2041 rem
649 2005 865 2054 gerendam,
892 2011 930 2040 et
957 2016 1056 2041 nova
1084 2005 1130 2041 de

21 2068 171 2117 integro
202 2081 331 2119 pugna
363 2076 496 2106 exorta
531 2076 610 2114 est3
649 2082 728 2105 non
759 2069 824 2105 illa
855 2069 1030 2105 ordinata
1061 2080 1129 2118 per

20 2131 207 2181 principes
225 2132 470 2181 hastatosque
489 2146 532 2169 ac
551 2133 716 2175 triarios,
745 2145 815 2169 nec
844 2138 886 2167 ut
910 2144 980 2182 pro
1008 2131 1126 2180 signis

22 2195 273 2243 antesignani,
294 2202 380 2245 post
400 2196 508 2244 signa
533 2194 606 2232 alia
631 2201 817 2244 pugnaret
841 2195 963 2240 acies;
996 2207 1065 2232 nec
1084 2202 1126 2231 ut

21 2257 61 2292 in
80 2269 146 2294 sua
163 2257 312 2307 legione
337 2259 458 2302 miles,
479 2266 543 2296 aut
572 2260 742 2303 cohorte,
763 2265 828 2295 aut
853 2258 1046 2308 manipulo
1067 2271 1125 2295 es-

21 2325 91 2356 set.
145 2321 237 2359 Fors
267 2323 486 2373 conglobat,
516 2329 554 2361 et
582 2324 727 2360 animus
757 2335 844 2359 suus
874 2323 1007 2372 cuique
1037 2327 1126 2359 ante

1155 287 1245 319 U.C.
1263 293 1335 319 535.

1154 333 1196 364 A.
1210 330 1247 362 C.
1261 336 1335 365 217.
