1527 2661
308 201 463 231 Lmen
485 201 631 230 xxv1.
664 199 771 229 cAP.
796 200 986 229 xrvin.
1118 190 1200 244 567

88 303 206 341 pensa
223 291 541 339 adnumerataque
557 296 644 327 sunt
660 305 666 326 :
689 290 806 326 tritici
819 290 1071 339 quadraginta
1086 291 1206 327 millia
1218 305 1260 334 U,
1275 304 1312 335 c,
1327 311 1418 335 5¹12.-

91 354 273 397 modifim,
300 355 431 390 hordei
459 355 622 391 ducenta
650 355 903 404 septuaginta.
959 353 1087 389 Naves
1111 367 1204 391 one·
1219 348 1400 379 A·C·2¹⁰·

87 419 194 454 rariae
215 420 412 467 sexaginta
431 426 506 455 tres
532 420 572 455 in
595 425 709 468 portu
735 424 961 468 expugnatae
982 425 1201 467 captaeque:

87 482 257 529 quaedam
287 495 372 519 cum
405 484 480 518 suis
509 483 703 525 oneribus,
733 483 940 526 frumento,
971 483 1098 525 armis,
1131 495 1205 519 aere

85 552 281 595 praeterea,
298 546 487 596 ferroque,
505 554 541 583 et
557 548 697 590 linteis,
715 554 752 584 et
773 555 916 598 sparto,
935 555 973 583 et
989 547 1110 582 navali
1130 547 1204 583 alia

86 610 244 646 materia
270 611 317 647 ad
340 611 495 647 classem
524 612 804 648 aedificandam:
839 619 881 647 ut
899 612 1098 647 minimum
1119 624 1204 647 om-

85 673 204 716 nium,
230 674 330 710 inter
354 681 480 711 tantas
501 689 592 726 opes
612 675 701 712 belli
726 682 870 726 captas,
892 675 1096 724 Karthago
1122 676 1205 725 ipsa

85 734 210 773 fuerit.

136 801 326 839 XLVIII.
356 803 416 839 Eo
442 804 502 839 die
522 804 664 853 Scipio,
687 802 865 839 C.Laeli0
893 816 979 839 cum
1005 803 1116 839 sociis
1136 816 1206 839 na-

82 864 226 902 valibus
246 867 375 903 urbem
393 869 582 904 custodire
596 868 721 917 jusso,
740 869 820 917 ipse
840 868 877 903 in
895 874 1018 904 castra
1034 867 1205 915 legiones

82 928 254 965 reduxit:
285 931 481 979 fessosque
519 931 657 966 milites
695 931 872 967 omnibus
911 944 987 966 uno
1014 932 1074 967 die
1111 931 1203 966 belh·

81 992 258 1040 operibus
283 994 438 1041 (quippe
460 994 523 1040 qui
547 999 586 1028 et
612 994 693 1028 acie
713 993 970 1035 dimicassent,
992 999 1030 1028 et
1049 994 1203 1042 capien-

81 1055 128 1091 da
143 1055 235 1091 urbe
252 1062 400 1091 tantum
416 1056 556 1092 laboris
573 1056 805 1105 periculique
823 1057 1003 1099 adissent,
1021 1063 1059 1091 et
1075 1063 1200 1106 capta,

81 1132 166 1154 cum
187 1120 246 1162 iis,
268 1120 331 1168 qui
352 1121 389 1155 in
411 1132 535 1156 arcem
560 1120 827 1168 confugerant,
848 1121 980 1169 iniquo
1009 1120 1123 1156 etiam
1142 1120 1200 1157 lo-

82 1195 127 1219 co
147 1185 398 1232 pugnassent)
421 1197 552 1221 curare
578 1198 739 1234 corpora
759 1185 887 1235 jussit.
947 1185 1105 1220 Postero
1125 1185 1199 1228 die,

79 1246 262 1283 militibus
301 1248 572 1298 navalibusque
615 1250 726 1284 sociis
765 1249 998 1292 convocatis,
1036 1249 1200 1299 primum

78 1310 164 1346 Diis
195 1312 460 1349 inmortalibus
493 1313 696 1362 laudesque
726 1320 761 1349 et
789 1320 913 1362 grates
943 1313 1034 1361 egit,
1064 1313 1127 1361 qui
1160 1325 1200 1348 se

79 1387 158 1410 non
179 1375 280 1411 urbis
302 1376 423 1412 solum
444 1376 741 1425 opulentissimae
760 1377 930 1412 omnium
950 1377 988 1411 in
1011 1376 1200 1427 Hispania

78 1451 154 1474 uno
174 1439 232 1475 die
253 1448 467 1490 compotem
488 1441 680 1484 fecissent,
710 1441 775 1477 sed
799 1447 887 1476 ante
918 1453 963 1476 eo
984 1440 1197 1489 congessis-

76 1510 160 1538 sent
188 1504 310 1539 omnis
340 1517 436 1554 pene
465 1504 605 1540 Africae
634 1511 748 1552 atque
777 1504 976 1553 Hispaniae
1008 1516 1122 1553 opes:
1156 1508 1198 1539 ut

77 1579 198 1614 neque
226 1568 400 1604 hostibus
431 1569 634 1617 quidquam
664 1568 952 1616 relinqueretur,
985 1574 1022 1603 et
1051 1567 1122 1602 sibi
1152 1579 1196 1603 ac

78 1631 153 1666 suis
184 1633 314 1667 omnia
347 1640 596 1681 superessent.
652 1632 824 1667 Militum
854 1631 988 1667 deinde
1018 1631 1196 1667 virtutem

78 1693 333 1737 conlaudavit,
355 1695 454 1743 quod
478 1708 542 1731 eos
564 1708 642 1730 non
662 1695 811 1745 eruptio
830 1694 1013 1737 hostium,
1034 1706 1112 1729 non
1139 1693 1194 1730 al-

77 1759 201 1794 titudo
230 1760 428 1802 moenium,
448 1772 527 1795 non
557 1759 794 1809 inexplorata
823 1759 949 1806 stagni
976 1758 1083 1801 vada,
1113 1770 1194 1794 non

77 1822 271 1859 castellum
293 1824 331 1858 in
348 1823 426 1859 alto
442 1822 589 1858 tumulo
610 1824 739 1866 situm,
756 1835 834 1859 non
855 1822 1108 1858 munitissima
1127 1833 1195 1858 arx

77 1887 331 1930 deterruisset,
360 1901 436 1936 quo
466 1888 589 1923 minus
616 1887 925 1924 transcenderent
953 1886 1083 1922 omnia
1107 1898 1193 1935 per-

73 1959 378 2001 rumperentque.
436 1951 585 2000 Itaque,
606 1963 833 2000 quamquam
860 1949 1036 1986 omnibus
1064 1950 1193 1985 omnia

75 2015 242 2057 deberet,
262 2016 492 2064 praecipuum
519 2015 671 2050 muralis
692 2027 842 2050 coronae
862 2014 974 2049 decus
995 2011 1074 2062 ejus
1095 2024 1190 2056 esse,

75 2081 139 2128 qui
158 2080 298 2128 primus
319 2092 466 2115 murum
487 2079 762 2115 adscendisset:
796 2077 1050 2128 profiteretur,
1067 2076 1131 2125 qui
1151 2088 1191 2112 se

73 2144 226 2192 dignum
257 2157 302 2180 eo
332 2144 484 2179 duceret
512 2144 625 2179 douo.
684 2143 773 2179 Duo
802 2141 963 2192 professi
997 2146 1106 2176 sunt:
1140 2140 1375 2198 Q.Certamer3

73 2208 285 2244 Trebellius
316 2209 489 2244 centurio
518 2208 678 2257 legionis
708 2214 865 2256 quartae,
896 2214 933 2242 et
972 2205 1058 2242 Sex.
1075 2204 1188 2253 Digi-
1201 2190 1240 2221 de
1257 2192 1374 2223 murah

76 2272 150 2308 tius
181 2273 304 2309 socius
334 2272 500 2309 navalis:
534 2285 603 2308 uec
635 2272 706 2322 ipsi
739 2277 817 2307 tam
847 2271 945 2306 inter
977 2281 1016 2305 se
1053 2269 1190 2304 acriter

76 2336 371 2379 contendebant,
392 2349 507 2385 quam
524 2336 650 2372 studia
675 2335 934 2372 excitaverant
954 2339 1112 2383 uterque
1131 2332 1189 2368 sui

1202 2242 1332 2265 corona·
