1527 2661
76 280 119 311 U.
130 279 166 310 C.
185 285 257 311 536.

73 325 114 355 A.
128 323 165 355 C.
182 329 257 356 216.

75 1175 251 1207 Poenorum

76 1220 115 1249 ad
132 1225 204 1249 octo

77 1262 181 1292 millia
197 1262 229 1291 in

76 1306 146 1336 acie
158 1305 244 1336 caesi.

270 173 350 216 288
713 186 760 214 T.
787 187 922 216 mvn

268 273 428 310 trecenis
453 274 616 310 nummis
637 275 884 324 quadrigatis,
914 276 953 312 in
983 277 1106 313 socios
1136 277 1303 324 ducenis,
1333 279 1372 316 in

268 351 394 376 servos
415 339 598 382 centenis,
620 345 658 375 et
676 346 732 383 ut,
745 353 799 376 *eo
819 341 942 391 pretio
962 341 1169 391 persoluto,
1191 355 1276 378 cum
1298 343 1374 380 sin·

266 403 364 453 gulis
394 403 543 440 abirent
570 404 818 448 vestimentis,
849 406 887 441 in
918 412 1042 442 castra
1068 407 1198 443 hostes
1222 420 1377 458 accepe-

265 474 355 505 runt
367 484 378 514 3
409 467 616 517 traditique
645 469 684 504 in
703 470 913 505 custodiam
932 482 1063 506 omnes
1089 477 1190 515 sunt,
1210 483 1381 508 seorsum

265 533 365 570 cives
379 532 558 580 sociique.
593 531 697 568 Dum
713 531 767 568 ibi
781 538 928 582 tempus
946 533 1093 576 teritur,
1108 534 1253 571 interea
1262 547 1379 583 quum

266 609 315 633 ex
339 594 547 646 majoribus
574 597 720 640 castris,
742 597 876 646 quibus
905 598 995 633 satis
1014 598 1149 634 virium
1175 604 1242 634 aut
1263 598 1381 635 animi

266 660 354 704 fuit,
374 660 422 697 ad
440 667 603 710 quatuor
627 660 745 697 millia
770 661 969 698 hominum
994 668 1032 698 et
1049 662 1203 699 ducenti
1222 663 1381 713 equites,

265 724 333 762 alii
351 724 516 774 agmine,
538 723 602 761 alii
622 724 739 775 palati
759 726 899 776 passim
926 738 993 776 per
1011 738 1138 775 agros,
1159 726 1261 776 quod
1278 726 1381 763 haud

267 790 392 826 minus
422 794 548 825 tutum
581 795 675 832 erat,
712 789 921 825 Canusium
957 789 1225 839 perfugissent,
1257 796 1381 827 castra

267 854 350 904 ipsa
369 851 416 889 ab
437 853 573 889 sauciis
593 853 809 902 timidisque
829 853 958 889 eadem
977 853 1210 897 conditione,
1231 866 1306 903 qua
1325 852 1380 890 al·

267 924 364 960 tera,
397 917 539 953 tradita
566 917 681 954 hosti.
738 917 872 953 Praeda
900 917 1033 966 ingens
1070 923 1180 967 parta
1215 924 1295 954 est:
1326 923 1380 962 et,

266 987 405 1034 praeter
421 993 538 1030 equos
558 982 746 1031 virosque,
768 988 806 1017 et
824 982 855 1017 si
871 982 960 1031 quid
980 982 1141 1031 argenti,
1156 982 1278 1031 (quod
1296 982 1381 1033 plu-

267 1047 407 1084 rimum
422 1046 462 1082 in
478 1045 642 1096 phaleris
658 1058 841 1095 equorum
857 1053 937 1083 erat
951 1062 963 1092 5
990 1059 1079 1083 nam
1095 1046 1142 1083 ad
1156 1047 1383 1084 vescendum

269 1110 374 1148 facto
399 1111 623 1161 perexiguo,
651 1111 782 1161 utique
806 1110 1028 1155 militantes,
1055 1110 1277 1159 utebantur)
1299 1125 1383 1149 om·
1429 1103 1433 1107 ⁵

270 1177 329 1213 nis
355 1182 481 1212 cetera
508 1175 635 1226 praeda
655 1176 864 1225 diripienda
882 1175 971 1211 data
996 1181 1065 1211 est.
1121 1174 1221 1212 Tum
1248 1175 1385 1227 sepeli-

272 1241 359 1277 endi
378 1251 510 1276 caussa
530 1239 694 1276 conferri
714 1240 753 1276 in
775 1253 891 1276 unum
907 1252 1068 1291 corpora
1085 1251 1239 1277 suorum
1252 1239 1383 1291 jussit.

271 1306 334 1343 Ad
360 1311 450 1341 octo
478 1303 597 1341 millia
624 1305 741 1342 fuisse
766 1306 942 1342 dicuntur
961 1305 1255 1342 fortissimoriun
1281 1306 1383 1342 viro·

272 1383 367 1407 rum.
425 1369 633 1406 Consulem
649 1384 799 1420 quoque
819 1370 1038 1407 Romanum
1054 1371 1309 1419 conquisitum
1325 1382 1384 1406 se-

227 1431 232 1436 ’
271 1435 509 1486 pultumque,
530 1435 683 1483 quidam
702 1443 874 1471 auctores
902 1442 1001 1472 sunt.
1058 1435 1151 1477 Eos,
1172 1435 1234 1483 qui
1255 1435 1383 1470 Canu—

273 1500 370 1535 sium
396 1498 655 1548 perfugerant,
685 1499 818 1535 mulier
838 1499 977 1550 Apula,
1005 1499 1159 1534 nomine
1178 1499 1295 1541 Busa,
1317 1511 1382 1546 ge·

271 1575 363 1599 nere
391 1562 493 1599 clara
521 1576 564 1599 ac
583 1564 738 1607 divitiis,
760 1564 949 1600 moenibus
979 1570 1128 1599 tantum
1156 1563 1341 1611 tectisque
1360 1576 1383 1600 a

272 1628 476 1665 Canusinis
506 1636 697 1678 acceptOS,
719 1629 926 1672 frumento,
956 1634 1074 1671 veste,
1101 1627 1240 1663 viatico
1269 1627 1384 1663 etiam

266 1694 393 1745 juvit3
425 1705 495 1743 pro
521 1706 597 1742 qua
624 1693 659 1729 ei
695 1693 955 1729 munificentia
987 1700 1134 1743 postea,
1168 1690 1269 1728 bello
1298 1703 1383 1742 per-

274 1758 389 1800 fecto,
411 1757 458 1793 ab
479 1763 613 1792 senatu
630 1756 796 1793 honores
816 1757 937 1793 habiti
958 1764 1057 1792 sunt.

327 1821 440 1859 LIII.
470 1822 662 1865 Ceterum,
681 1835 797 1871 quum
811 1822 865 1858 ibi
883 1822 1027 1858 tribuni
1043 1820 1206 1857 militum
1221 1824 1383 1868 quatuor

272 1893 413 1929 essent,
433 1885 572 1922 Fabius
592 1885 785 1922 Maximus
802 1887 847 1922 de
867 1886 1017 1934 legione
1036 1886 1170 1935 prima,
1190 1883 1297 1934 cujus
1317 1896 1384 1933 pa-

273 1959 332 1987 ter
346 1951 470 2000 priore
488 1961 588 1985 anno
602 1950 765 1985 dictator
783 1949 920 1993 fuerat,
938 1956 975 1985 et
994 1950 1039 1985 de
1058 1949 1207 1997 legione
1223 1947 1387 1984 secunda

276 2014 323 2050 L.
336 2012 528 2049 Publicius
544 2012 704 2048 Bibulus
723 2019 760 2048 et
779 2012 821 2049 P.
837 2013 1036 2049 Cornelius
1058 2012 1199 2061 Scipio,
1217 2018 1255 2047 et
1269 2010 1315 2046 de
1330 2010 1384 2046 le-

276 2079 392 2127 gione
411 2076 524 2113 tertia
541 2076 614 2125 Ap.
630 2075 809 2112 Claudius
825 2076 1001 2120 Pulcher,
1023 2077 1086 2125 qui
1105 2075 1274 2125 proxime
1295 2074 1384 2110 aedi-

278 2142 323 2178 lis
348 2140 493 2185 fuerat5
526 2140 696 2176 omnium
723 2151 910 2177 consensu
939 2139 985 2176 ad
1005 2139 1048 2176 P.
1063 2139 1292 2190 Scipionem,
1319 2137 1384 2174 ad-

277 2206 432 2243 modum
459 2203 752 2248 adolescentem,
783 2211 820 2241 et
851 2205 897 2241 ad
918 2206 991 2256 Ap.
1013 2203 1211 2241 Claudium
1239 2214 1386 2240 summa

277 2271 426 2322 imperii
444 2270 569 2307 delata
588 2276 644 2306 est
660 2285 667 2306 :
699 2270 834 2320 quibus
856 2269 1158 2307 consultantibus
1173 2270 1272 2305 inter
1290 2281 1384 2318 pau·

277 2349 342 2373 cos
362 2337 408 2372 de
425 2347 573 2372 summa
591 2348 714 2372 rerum
734 2336 891 2372 nunciat
909 2336 951 2373 P.
969 2336 1102 2373 Furius
1121 2333 1268 2378 Philus,
1288 2346 1382 2371 con-
