1527 2661
121 269 163 298 U.
176 269 212 299 C.
232 277 305 301 541.

118 312 213 343 A.C.
231 321 304 344 211.

124 366 288 396 Hannibal

120 409 230 448 recipit
243 411 304 449 sig-

122 462 174 482 ΠΒ..

111 2020 244 2058 Seppius

109 2062 218 2092 Lesius
228 2061 300 2091 Me-

105 2105 280 2136 dixtuticus

106 2148 238 2189 Capuae.

314 165 398 219 508
779 179 824 209 τ.
846 181 980 210 mvn

318 267 432 302 ceteri
460 267 601 317 'trepidi
635 267 675 302 in
707 267 839 304 urbem
874 270 1070 320 compulsi.
1132 271 1185 308 Et
1218 271 1429 317 Hannibal,

318 337 520 380 postquam
541 332 708 368 cohortis
731 332 994 383 Hispanorum
1016 342 1182 385 stragem
1200 337 1306 380 vidit,
1327 349 1429 374 sum-

316 406 452 444 maque
477 397 513 431 vi
544 403 667 432 castra
693 397 861 433 hostium
886 398 1050 442 defendi,
1071 402 1211 437 omissa
1230 401 1429 452 obpugna-

315 460 436 503 tione,
457 462 623 510 recipere
649 462 772 510 signa,
794 468 832 498 et
851 470 1069 500 convertere
1090 478 1226 513 agmen
1245 466 1429 516 peditum,

313 523 468 574 objecto
496 538 518 560 a
542 530 652 572 tergo
679 526 863 574 equitatu,
886 539 933 562 ne
960 528 1080 563 hostis
1108 529 1279 572 instaret,
1301 531 1429 579 coepit.

312 586 530 636 Legionum
547 588 658 624 ardor
673 589 805 637 ingens
820 590 867 625 ad
883 590 1031 626 hostem
1047 591 1318 640 insequendum
1333 592 1425 629 fuit:

313 652 378 687 sed
397 651 554 688 Flaccus
579 653 746 703 receptui
773 654 858 689 cani
878 653 1017 703 jussit3
1048 655 1141 691 satis
1163 656 1210 691 ad
1229 662 1429 706 utrumque

312 715 525 766 profectum
553 723 670 760 ratus,
695 727 737 753 ut
766 724 803 753 et
835 717 1034 767 Campani,
1059 732 1172 767 quam
1201 720 1302 756 haud
1330 720 1426 757 mul-

312 789 394 818 tum
424 785 462 819 in
492 783 712 820 Hannibale
742 785 906 834 praesidii
935 792 1047 829 esset,
1069 791 1106 822 et
1129 787 1208 836 ipse
1234 787 1433 825 Hannibal

313 848 482 884 sentiret.
541 847 649 883 Caesa
678 860 724 883 eo
753 849 826 890 die,
857 849 919 897 qui
950 848 1061 897 hujus
1092 862 1229 899 pugnae
1256 858 1429 889 auctores

312 918 415 955 sunt,
437 918 526 948 octo
556 912 675 948 millia
703 913 902 948 hominum
925 913 970 949 de
996 913 1226 950 Hannibalis
1247 916 1429 960 exercitu,

311 977 385 1012 tria
405 989 451 1012 ex
472 977 676 1026 Campanis
704 977 882 1022 tradunt,
916 978 1099 1026 signaque
1127 978 1430 1028 Karthaginien-

312 1040 414 1076 sibus
453 1041 666 1089 quindecim
712 1041 876 1083 ademta,
913 1042 1175 1090 duodeviginti
1212 1043 1429 1094 Campanis.

310 1105 423 1155 Apud
455 1105 548 1141 alios
582 1118 822 1154 nequaquam
851 1112 999 1142 tantam
1031 1106 1169 1142 molem
1199 1120 1336 1157 pugnae
1369 1109 1428 1145 in-

311 1170 410 1212 veni,
447 1169 605 1220 plusque
645 1170 810 1220 pavoris,
849 1183 962 1218 quam
1010 1172 1240 1214 certaminis,
1277 1172 1423 1209 fuisse:

310 1246 424 1282 quum
454 1234 653 1284 inopinato
676 1234 718 1269 in
748 1239 871 1269 castra
890 1233 1069 1270 Romana
1088 1235 1264 1271 Numidae
1284 1235 1427 1287 Hispa-

310 1298 425 1347 nique
458 1310 544 1333 cum
577 1297 787 1347 elephantis
822 1298 1078 1347 inrupissent3
1121 1298 1326 1349 elephanti,
1361 1313 1427 1350 per

307 1361 434 1398 media
460 1367 583 1398 castra
609 1362 801 1405 vadentes,
823 1368 988 1410 stragem
1019 1362 1350 1400 tabernaculorum
1368 1365 1426 1401 in-

312 1426 417 1475 genti
452 1426 579 1462 sonitu
613 1438 656 1461 ac
689 1425 820 1473 fugam
852 1425 1157 1475 abrumpentium
1186 1427 1337 1463 vincula
1361 1427 1426 1477 ju-

310 1496 525 1527 mentorum
546 1489 739 1535 facerent5
772 1490 942 1526 fraudem
972 1503 1121 1539 quoque
1151 1503 1261 1541 super
1286 1492 1426 1528 tumul-

310 1563 392 1592 tum
422 1555 623 1607 adjectam,
655 1556 818 1592 inmissis
848 1555 895 1591 ab
922 1554 1156 1598 Hannibale,
1180 1556 1244 1604 qui
1276 1556 1427 1603 (habuit

311 1620 474 1669 aliquot)
511 1621 618 1668 gnari
656 1620 806 1656 Latinae
842 1619 982 1666 linguae
1012 1617 1195 1668 juberent
1228 1619 1426 1659 consulum

310 1684 449 1727 verbis,
471 1684 652 1733 quoniam
672 1684 809 1719 amissa
829 1688 953 1718 castra
976 1688 1115 1724 essent,
1136 1695 1205 1732 pro
1232 1695 1271 1718 se
1297 1696 1426 1732 quem—

308 1765 382 1801 que
411 1752 574 1787 militum
604 1752 643 1787 in
672 1751 869 1801 proximos
897 1755 1045 1785 montes
1073 1749 1229 1797 fugere:
1262 1750 1326 1785 sed
1345 1763 1427 1787 eam

312 1817 485 1853 celeriter
517 1817 712 1865 cognitam
744 1815 930 1858 fraudem,
964 1814 1257 1864 obpressamque
1289 1827 1427 1864 magna

310 1881 413 1918 caede
443 1881 635 1925 hostium3
679 1879 902 1929 elephantos
936 1879 1015 1927 igni
1048 1890 1068 1913 e
1098 1878 1229 1913 castris
1260 1884 1426 1917 exactos

312 1948 401 1985 Hoc
421 1947 596 1983 ultimum
616 1947 838 1995 (utcumque
853 1946 991 1982 initum
1008 1945 1230 1993 finitumque
1250 1945 1324 1991 est)
1339 1952 1426 1982 ante

312 2013 544 2049 deditionem
565 2011 705 2060 Capuae
726 2009 903 2060 proelium
921 2009 1006 2046 fuit.
1052 2008 1341 2053 Medixtuticus‚
1362 2011 1426 2060 qui

313 2090 480 2113 summus
510 2077 754 2125 magistratus
785 2075 884 2125 apud
905 2075 1126 2124 ‘Campanos
1157 2080 1226 2117 est,
1253 2087 1298 2110 eo
1324 2087 1425 2111 anno

314 2142 473 2191 Seppius
499 2140 635 2177 Lesius
663 2146 757 2182 erat,
778 2139 864 2175 loco
891 2139 1053 2175 obscuro
1075 2139 1254 2187 tenuique
1272 2137 1427 2176 fortuna

312 2212 430 2242 ortus.
484 2203 652 2241 Matrem
679 2202 759 2253 ejus
787 2203 990 2252 quondam,
1013 2214 1082 2252 pro
1109 2200 1252 2252 pupillo
1272 2213 1317 2237 eo
1336 2214 1425 2253 pro-

310 2275 507 2305 curantem
541 2267 729 2305 familiare
766 2273 974 2310 ostentum,
1013 2279 1128 2315 quum
1170 2265 1426 2315 respondisset

309 2346 486 2384 aruspex,
507 2346 695 2370 summum
715 2332 816 2381 quod
836 2338 936 2368 esset
954 2331 1153 2382 imperium
1169 2330 1322 2382 Capuae,
1340 2343 1426 2381 per-
