1527 2661
370 204 524 235 LIBER
547 203 667 232 XXV·
700 202 806 231 CAP.
829 201 912 229 XV.
1112 197 1204 243 457

80 300 120 336 ni
135 310 288 348 propere
304 297 499 338 subveniat,
520 295 668 331 celerius
690 293 867 342 Capuam,
889 304 996 340 quam
1015 292 1146 340 Arpos,
1162 294 1199 329 in

79 369 292 414 potestatem
317 363 469 399 hostium
492 365 692 396 venturam.
740 358 798 394 Ne
822 358 1016 393 Tarentum
1043 359 1197 405 quidem,

82 442 152 465 non
170 429 274 464 modo
302 438 433 468 arcem,
462 426 556 460 tanti
576 423 698 460 debere
723 434 807 464 esse,
835 425 875 457 ut
897 421 1072 469 Capuam,
1093 435 1201 471 quam

84 492 306 540 Karthagini
324 501 465 539 oequare
481 491 527 525 sit
551 489 689 529 solitus,
710 487 884 522 desertam
910 485 1201 534 indefensamque

79 557 217 606 populo
243 555 425 598 Romano⁴
445 555 582 590 tradat.
638 549 851 593 Hannibal,
889 562 987 586 curae
1017 550 1088 587 sibi
1117 551 1200 588 fore

83 634 162 658 rem
187 621 422 669 Campanam
450 617 656 668 pollicitus,
688 617 727 652 in
756 616 957 665 praesentia
975 615 1051 652 duo
1082 615 1201 653 millia

84 685 254 734 equitum
274 696 360 720 cum
378 681 512 731 legatis
536 680 668 723 mittit,
689 692 765 729 quo
793 679 968 730 praesidio
998 692 1110 729 agros
1130 693 1199 730 po·

83 747 342 800 pulationibus
366 752 523 797 possent
547 744 762 795 prohibere.
820 744 1004 780 Romanis
1032 745 1200 790 interim,

83 814 182 850 sicut
206 811 365 849 aliarum
393 823 532 852 rerum,
560 809 655 846 arcis
684 807 917 852 Tarentinae,
947 810 1200 860 praesidiique,

83 877 186 928 quod
214 875 268 912 ibi
287 874 537 916 obsideretur,
566 885 656 909 cura
685 884 777 908 csse.
835 872 1070 909 C.Servilius
1097 873 1201 923 lega-

86 947 162 984 tus,
183 953 229 977 ex
249 938 476 976 auctoritate
494 937 651 973 Patrum
677 949 698 972 a
717 935 760 971 P.
775 935 955 973 Cornelio
974 943 1136 987 praetore
1161 940 1200 976 in

87 1005 282 1043 Etruriam
314 1003 361 1040 ad
389 1002 621 1039 frumentum
658 1000 905 1037 coemendum
934 1002 1084 1046 missus,
1116 1015 1200 1040 cum

87 1063 234 1118 aliquot
253 1067 412 1104 navibus
432 1066 579 1102 onustis
600 1066 638 1101 in
662 1072 814 1116 portum
833 1064 1084 1103 Tarentinum
1103 1068 1201 1104 inter

85 1134 254 1170 hostium
291 1131 481 1168 custodias
518 1130 701 1180 pervenit.
760 1128 877 1179 Cujus
922 1130 1099 1174 adventu,
1138 1134 1202 1181 qui

88 1205 190 1240 ante,
210 1197 249 1232 in
270 1196 407 1244 exigua
432 1207 512 1244 spe,
532 1193 658 1230 vocati
678 1205 776 1243 saepe
796 1193 844 1229 ad
868 1194 1135 1231 transitionem
1154 1196 1202 1232 ab

86 1261 260 1298 hostibus
280 1272 347 1311 per
366 1258 571 1308 conloquia
595 1264 716 1301 erant,
738 1258 837 1294 ultro
864 1259 908 1295 ad
933 1261 1204 1298 transeundum

88 1327 216 1362 hostes
247 1324 436 1362 vocabant
464 1322 819 1371 sollicitabantque:
853 1329 890 1359 et
919 1331 999 1360 erat
1028 1326 1118 1361 satis
1139 1338 1204 1361 va-

87 1390 205 1426 lidum
230 1388 460 1439 praesidium,
481 1387 662 1423 traductis
692 1387 740 1423 ad
765 1400 889 1423 arcem
908 1387 1066 1424 Tarenti
1093 1395 1203 1426 tuen-

87 1454 187 1496 dam,
208 1453 273 1501 qui
301 1451 520 1501 Metaponti
547 1458 668 1494 erant,
697 1451 894 1489 militibus.
952 1452 1087 1502 Itaque
1115 1454 1201 1492 Me-

1213 303 1302 335 U.C.
1318 309 1390 332 540,

1213 350 1251 380 A.
1267 346 1304 377 C.
1318 352 1392 375 212.

1216 1461 1383 1503 Metapon-

85 1516 277 1568 tapontini
295 1515 501 1566 extemplo,
522 1522 639 1558 metu,
662 1528 737 1564 quo
766 1515 1009 1559 tenebantur,
1035 1516 1200 1562 liberati,
1215 1506 1272 1554 tini
1289 1508 1407 1539 Thuri-

89 1582 136 1618 ad
155 1579 414 1617 Hannibalem
430 1579 612 1615 defecere.
668 1578 758 1616 Hoc
774 1579 872 1615 idem
890 1580 1021 1616 eadem
1037 1594 1104 1618 ora
1122 1595 1203 1619 ma-

89 1647 139 1681 ris
159 1653 198 1681 et
225 1644 387 1681 Thurini
407 1644 602 1680 fecerunt:
635 1644 755 1680 movit
774 1656 838 1679 eos
866 1657 943 1680 non
972 1645 1203 1683 Tarentino-

90 1722 172 1745 rum
192 1709 310 1758 magis
331 1707 492 1744 defectio
511 1707 958 1757 Metapontinorumque,
977 1710 1126 1758 quibuS,
1145 1712 1203 1747 in-

90 1774 215 1810 didem
243 1785 289 1809 ex
309 1772 457 1808 Achaia
485 1772 649 1816 oriundi,
681 1773 795 1808 etiam
825 1773 1056 1821 cognatione
1078 1774 1204 1825 juncti

91 1845 212 1881 erant,
234 1850 347 1887 quam
370 1838 426 1873 ira
454 1838 493 1873 in
512 1836 710 1873 Romanos
741 1843 897 1887 propter
916 1837 1065 1876 obsides
1086 1853 1205 1891 nuper

91 1902 324 1939 interfectos.
370 1901 516 1938 Eorum
532 1902 644 1938 amici
661 1902 890 1952 cognatique
904 1902 1031 1940 literas
1048 1917 1091 1940 ac
1106 1917 1205 1942 nun-

91 1968 169 2004 cios
190 1967 237 2003 ad
256 1965 489 2002 Hannonem
514 1965 813 2015 Magonemque,
834 1968 898 2016 qui
921 1969 961 2004 in
989 1970 1206 2020 propinquo

90 2032 127 2067 in
144 2031 305 2067 Bruttiis
322 2036 444 2073 erant,
462 2031 658 2073 miserunt,
678 2033 709 2067 si
726 2033 918 2068 exercitum
933 2034 981 2069 ad
995 2036 1123 2070 moenia
1138 2036 1203 2071 ad—

90 2097 289 2137 movissent,
306 2106 342 2130 se
358 2096 392 2130 in
407 2099 624 2142 potestatem
641 2106 763 2131 eoram
781 2097 900 2132 urbem
915 2098 1111 2134 tradituros
1125 2111 1205 2135 esse.

88 2158 145 2195 M.
158 2158 311 2194 Atinius
337 2157 490 2194 Thuriis
521 2170 606 2194 cum
634 2159 785 2196 modico
816 2160 990 2210 praesidio
1021 2169 1204 2211 praeerat:

90 2235 202 2272 quem
221 2222 333 2259 facile
353 2221 437 2258 elici
464 2222 511 2258 ad
535 2229 726 2260 certamen
752 2230 892 2261 temere
919 2226 1124 2262 ineundum
1149 2240 1207 2263 re-

92 2287 233 2323 bantur
253 2299 390 2337 posse3
423 2299 501 2323 non
531 2287 709 2331 militum,
729 2301 823 2338 quos
853 2302 1062 2340 perpaucos
1093 2291 1208 2327 habe-

94 2350 176 2393 bat,
197 2350 349 2394 fiducia,
371 2363 484 2400 quam
506 2350 719 2402 juventutis
739 2353 944 2391 Thurinae:
978 2367 1061 2391 eam
1080 2368 1128 2392 ex
1153 2356 1211 2394 in-

148 2415 249 2451 Vot.
270 2414 323 2450 ΙΙ.
640 2417 679 2453 X
1176 2424 1180 2426 ’

1217 1559 1314 1588 nique
1329 1553 1368 1582 ad

1217 1591 1385 1625 Hanniba-

1216 1635 1282 1667 lem
1297 1638 1375 1667 defi-

1217 1680 1318 1710 ciunt.
