1527 2661
317 214 473 244 LIBER
498 212 631 242 XXII·
664 212 770 241 CAP.
792 211 924 240 XXII.
1089 212 1167 256 253

68 304 241 341 tribunus
261 301 423 339 militum
449 312 535 337 cum
560 300 741 350 expeditis
763 299 926 342 auxiliis,
954 312 976 335 a
994 298 1171 349 Scipione
1185 294 1226 324 U·
1242 293 1279 324 C·
1297 300 1373 326 ⁵3⁵·

69 370 190 411 missi,
207 367 279 403 levi
298 366 516 408 certamine,
538 371 579 400 ut
607 364 890 400 tumultuariam
920 375 1087 405 manum,
1110 362 1172 398 fu-
1184 338 1222 367 A'
1238 337 1275 368 ε’
1291 344 1366 373 217.

69 433 155 468 dere
186 442 340 477 omnes3
373 430 506 464 occisis
536 427 760 477 quibusdam
793 427 1001 476 captisque,
1034 437 1174 474 magna

66 507 152 546 pars
181 495 293 531 armis
323 499 448 529 exuta.
505 492 580 528 Hic
610 498 735 528 tamen
765 490 947 527 tumultus
977 490 1176 528 cedentem

69 559 116 595 ad
142 571 325 595 oceanum
351 558 627 594 Hasdrubalem
653 558 704 593 cis
725 556 876 593 Iberum
897 556 944 592 ad
963 556 1086 591 socios
1111 561 1174 591 tu-

68 623 204 659 tandos
224 623 391 660 retraxit.
449 622 584 658 Castra
601 622 742 657 Punica
761 622 800 656 in
820 633 912 669 agro
933 620 1174 656 Ilercaonen-

67 689 179 732 sium,
200 694 322 724 castra
339 687 515 723 Romana
531 688 575 723 ad
593 700 729 723 novam
747 687 902 723 classem
922 692 1042 728 erant,
1060 698 1175 734 quum

66 751 168 787 fama
183 763 315 800 repens
331 750 406 786 alio
421 751 555 786 avertit
570 750 722 786 bellum.
779 749 973 791 Celtiberi,
991 750 1053 797 qui
1072 749 1175 799 prin·
1188 743 1334 773 Celtiberi

70 815 169 864 cipes
190 814 353 862 regionis
376 825 453 849 suae
479 813 625 861 legatos
652 814 845 854 miserant,
867 812 1090 860 obsidesque
1110 813 1173 848 de·
1187 786 1380 859 egrgzsagsse„

71 877 204 914 derant
228 877 429 919 Romanis,
462 878 603 913 nuncio
636 878 751 912 misso
785 889 806 911 a
836 877 1013 925 Scipione
1047 876 1173 918 exciti,
1187 881 1244 920 nos
1257 880 1309 901 02·

72 954 176 978 arma
195 942 363 991 capiunt,
385 942 692 990 provinciamque
712 939 1091 987 Karthaginiensium
1110 951 1175 974 va·
1187 920 1291 953 pmm'

72 1004 149 1040 lido
179 1005 344 1040 exercitu
373 1004 577 1039 invadunt:
610 1004 683 1038 tria
702 1003 841 1052 oppida
868 1003 902 1037 vi
932 1007 1174 1051 expugnant:

73 1069 175 1111 inde,
196 1081 280 1104 cum
310 1069 392 1118 ipso
422 1066 662 1103 Hasdrubale
683 1066 827 1102 duobus
856 1065 998 1116 proeliis
1029 1066 1178 1113 egregie

73 1138 299 1182 pugnantes,
338 1132 551 1180 quindecim
587 1130 704 1166 millia
741 1130 906 1165 hostium
944 1129 1175 1171 occiderunt,

75 1201 237 1243 quatuor
265 1193 383 1230 millia
415 1206 500 1229 cum
532 1193 659 1229 multis
698 1192 923 1229 militaribus
960 1192 1077 1239 signis
1117 1203 1180 1226 ca-

72 1260 193 1309 piunt.

127 1321 265 1358 XXII.
295 1321 383 1358 Hoc
412 1327 512 1357 statu
541 1333 662 1356 rerum
693 1321 732 1356 in
761 1319 962 1370 Hispania,
983 1319 1025 1355 P.
1054 1318 1181 1367 Scipio
1194 1326 1227 1356 P.
1243 1325 1350 1365 Scipio

1192 1370 1290 1400 classe
1305 1370 1359 1398 ad-

1192 1414 1319 1442 vehitur
1336 1410 1369 1440 in

75 1450 182 1500 perio
201 1449 249 1485 ab
268 1456 400 1485 senatu
420 1450 568 1491 missus,
587 1462 672 1484 cum
688 1449 843 1496 triginta
863 1447 985 1495 longis
1006 1446 1178 1488 navibus,
1195 1454 1395 1493 Hispaniam,

74 1387 113 1422 in
133 1387 363 1435 provinciam
384 1387 499 1428 venit,
520 1391 725 1434 prorogato
745 1391 832 1433 post
851 1383 1088 1419 consulatum
1108 1383 1177 1417 im-

77 1519 115 1549 et
134 1519 222 1549 octo
248 1513 413 1549 millibus
439 1512 615 1555 militum,
636 1524 850 1560 magnoque
877 1516 1090 1547 commeatu
1117 1509 1180 1545 ad-

77 1583 199 1613 vecto.
254 1576 314 1612 Ea
332 1576 459 1612 classis
480 1577 612 1624 ingens
640 1576 790 1623 agmine
810 1574 1066 1610 onerariarum
1093 1585 1182 1622 pro-

79 1640 140 1676 cul
171 1641 260 1683 visa,
292 1653 377 1675 cum
406 1653 544 1688 magna
576 1639 709 1675 laetitia
737 1639 875 1674 civium
904 1638 1181 1684 sociorumque,

79 1711 231 1755 portum
250 1704 475 1740 Tarraconis
502 1717 548 1740 ex
568 1704 645 1739 alto
666 1703 810 1738 tenuit:
844 1702 896 1737 ibi
917 1702 1036 1737 milite
1066 1713 1183 1749 expo-

80 1769 168 1809 sito,
189 1766 378 1816 profectus
400 1767 527 1816 Scipio
545 1766 654 1802 fratri
673 1778 712 1801 se
732 1764 929 1814 conjungit
946 1779 953 1799 :
986 1777 1028 1800 ac
1050 1763 1183 1799 deinde

80 1830 270 1867 communi
290 1830 416 1865 animo
444 1829 677 1877 consilioque
696 1828 876 1878 gerebant
896 1827 1047 1863 bellum.
1104 1826 1181 1861 Oc-

80 1894 224 1943 cupatis
251 1893 367 1941 igitur
395 1892 778 1941 Karthaginiensibus
810 1891 1038 1926 Celtiberico
1064 1890 1179 1933 bello,

78 1958 179 1994 haud
207 1964 427 1993 cunctanter
456 1957 607 1993 Iberum
627 1956 975 2005 transgrediuntur3
1008 1967 1078 1990 nec
1104 1953 1182 1990 ullo

77 2022 159 2058 viso
178 2022 301 2063 hoste,
329 2021 539 2069 Saguntum
558 2026 720 2069 pergunt
746 2020 812 2061 ire,
834 2018 931 2066 quod
960 2018 1012 2053 ibi
1033 2016 1181 2052 obsides
1196 2026 1329 2057 Obsides

80 2085 197 2120 totius
218 2083 414 2132 Hispaniae
435 2084 615 2119 custodiae
642 2083 799 2118 traditos
820 2081 866 2117 ab
888 2079 1106 2116 Hannibale
1125 2079 1181 2116 fa·
1195 2070 1358 2142 fflirsnpfgg‘f

22 2177 26 2187 ,
80 2161 142 2185 ma
160 2155 240 2184 erat
260 2148 407 2184 modico
426 2150 464 2184 in
486 2161 569 2183 arce
586 2148 766 2183 custodiri
782 2146 955 2196 praesidio
972 2160 979 2180 :
1013 2145 1050 2180 id
1068 2158 1180 2180 unum
1194 2156 1297 2194 gumi,

81 2213 215 2262 pignus
236 2212 438 2247 inclinatos
463 2213 509 2247 ad
531 2211 743 2247 Romanam
764 2211 985 2245 societatem
1013 2210 1182 2245 omnium

82 2275 276 2325 Hispaniae
291 2276 515 2325 populorum
529 2276 673 2310 animes
687 2274 918 2315 morabatur,
935 2285 982 2308 ne
998 2272 1182 2319 sanguine

81 2338 241 2375 liberum
261 2351 413 2377 suorum
429 2339 538 2391 culpa
558 2339 777 2376 defectionis
795 2338 970 2374 lueretur.
1021 2335 1079 2372 Eo
1099 2335 1181 2373 vin-
