1527 2661
385 201 539 229 LIBER
562 200 681 228 xxv.
716 200 823 227 CAP.
847 201 976 228 xvu,
1155 189 1235 240 461

126 293 223 341 quod
237 305 346 328 unum
362 293 535 340 reliquum
546 291 705 339 fortuna
710 290 860 339 fecerit,
877 292 916 327 id
931 290 1153 326 cohonestent
1168 292 1241 325 vir·
1255 302 1297 332 U,
1308 302 1344 332 (3,
1364 308 1435 332 540,

128 361 214 393 tute.
262 357 452 404 Reliquum
471 361 588 392 autem
611 357 697 404 quid
716 368 787 391 esse
808 357 949 403 paucis,
970 367 993 390 α
1012 355 1243 390 multitudine
1255 347 1293 376 Α·
1309 345 1345 375 C·
1363 351 1436 376 2¹⁴²·

128 424 164 459 in
188 423 283 458 valle
306 423 397 458 silva
422 434 464 457 ac
492 422 667 457 montibus
693 427 795 469 septa
824 423 1082 463 circumventis,
1109 425 1243 468 praeter

125 489 308 524 mortem?
335 489 373 524 id
392 487 539 535 referre,
560 493 681 523 utrum
698 488 892 536 praebentes
906 499 1056 535 corpora
1072 499 1243 535 pecorum

126 552 232 588 modo
250 552 359 588 inulti
379 553 616 594 trucidentur,
637 564 697 594 an,
719 557 793 587 toto
812 553 933 587 animo
952 564 974 586 a
989 552 1164 599 patiendo
1183 562 1242 586 ex-

124 619 390 666 spectandoque
425 622 551 654 eventu
585 620 620 653 in
657 619 817 666 inpetum
854 623 961 665 atque
998 618 1090 652 iram
1127 628 1243 659 verso,

125 687 269 729 agentes
295 682 543 730 audentesque,
567 681 710 730 perfusi
738 682 891 717 hostium
911 693 1047 724 cruore,
1069 682 1160 717 inter
1185 692 1245 716 ex-

124 747 339 793 spirantium
366 748 591 784 inz'micorum
617 748 803 782 cumulata
833 758 1003 794 armaque
1031 750 1066 781 et
1095 757 1247 793 corpora

124 811 269 846 cadant.
327 811 517 846 Lucanum
542 812 766 859 proditorem
799 824 842 847 ac
875 810 1099 859 transfugam
1129 822 1250 846 omnesv

119 880 307 923 peterent:
337 878 397 924 qui
415 888 493 912 eam
512 878 695 913 victimam
712 889 788 924 proe
806 889 841 912 se
861 877 909 911 ad
928 875 1063 923 inferos
1080 876 1243 918 misisset,

125 952 205 976 eum
235 941 340 976 decas
368 941 537 977 eximium
566 943 815 989 egregiumque
841 942 1009 976 solatium
1037 952 1109 976 suae
1136 941 1245 976 morti

124 1007 361 1042 inventurum.
419 1004 526 1041 Inter
553 1005 636 1042 haec
662 1005 777 1048 dicta,
805 1004 1076 1055 paludamento
1102 1004 1248 1041 circum

124 1068 259 1106 laevum
277 1069 475 1105 brachium
500 1070 662 1113 intorto,
687 1073 792 1117 (nam
812 1082 859 1105 ne
889 1076 996 1105 scuta
1015 1068 1166 1117 quidem
1185 1080 1243 1104 se-

125 1145 212 1169 cum
245 1133 477 1180 extulerant)
510 1133 548 1171 in
579 1134 707 1178 hostes
738 1134 910 1183 inpetum
940 1133 1043 1170 fecit.
1099 1131 1242 1183 Major,

125 1210 239 1247 quam
264 1211 334 1248 pro
352 1210 512 1234 numero
539 1199 752 1242 hominum,
774 1199 897 1234 editur
927 1210 1078 1249 pugna:
1104 1196 1244 1247 jaculis

124 1263 290 1299 maxime
318 1269 450 1311 aperta
477 1275 640 1312 corpora
669 1262 949 1305 Romanorum,
970 1268 1008 1297 et
1028 1274 1143 1311 quum
1174 1273 1243 1297 un-

123 1326 236 1375 dique
256 1338 303 1362 ex
322 1325 521 1362 altioribus
547 1325 640 1362 locis
661 1326 700 1362 in
732 1339 862 1362 cavam
883 1325 1017 1361 vallem
1046 1323 1242 1375 conjectus

125 1397 237 1434 esset,
258 1390 546 1438 transfiguntur.
595 1391 825 1433 Gracchum,
840 1389 923 1440 jam
943 1390 1128 1425 nudatum
1146 1402 1242 1439 prae-

123 1455 234 1499 sidio,
269 1456 393 1493 vivum
429 1468 563 1507 capere
591 1455 702 1492 Poeni
735 1457 933 1492 nituntur:
967 1461 1134 1491 ceterum
1164 1453 1241 1497 ille,

122 1519 363 1569 conspicatus
395 1520 594 1556 Lucanum
624 1520 815 1570 hospitem
844 1520 944 1555 inter
973 1518 1117 1561 hostes,
1148 1517 1242 1554 adeo

123 1582 285 1620 infestus
307 1584 500 1621 confertos
522 1585 674 1627 invasit,
693 1591 736 1620 ut
756 1584 859 1634 parci
881 1584 914 1619 ei
935 1584 1014 1618 sine
1034 1581 1243 1618 multorum

123 1650 290 1698 pernicie
308 1663 387 1686 non
407 1657 547 1701 posset.
604 1650 832 1686 Exanimem
849 1661 935 1685 eum
953 1648 1076 1696 Mago
1096 1655 1241 1684 extem·

123 1711 188 1762 plo
208 1712 255 1748 ad
274 1712 532 1749 Hannibalem
559 1714 675 1757 misit,
696 1713 864 1762 ponique
884 1724 969 1748 cum
990 1712 1110 1762 captis
1131 1711 1242 1747 simul

122 1775 286 1812 fascibus
308 1783 396 1812 ante
415 1776 584 1812 tribunal
599 1776 837 1826 imperatoris
851 1775 981 1826 jussit.
1040 1774 1135 1811 Haec
1155 1788 1242 1811 vera

124 1839 227 1876 fama
262 1847 330 1877 est.
388 1840 582 1877 Gracchus
621 1841 659 1876 in
697 1840 864 1877 Lucanis
902 1840 949 1876 ad
983 1852 1151 1890 campos,
1179 1840 1243 1889 qui

123 1903 279 1940 Veteres
299 1912 496 1948 vocantur,
518 1906 643 1955 periit.

175 1968 310 2006 XVII.
341 1970 452 2012 Sunt,
471 1971 535 2018 qui
555 1970 593 2005 in
614 1982 706 2018 agro
721 1969 1010 2012 Beneventano,
1032 1981 1150 2019 prope
1169 1970 1244 2005 Ca-

122 2030 242 2067 lorem
261 2032 430 2075 fluvium,
451 2033 656 2069 ostendant
675 2047 698 2070 a
717 2034 848 2069 castris
869 2045 954 2069 cum
980 2032 1179 2069 lictoribus
1200 2046 1244 2068 ac

121 2095 243 2132 tribus
264 2098 378 2133 servis
404 2097 552 2134 lavandi
574 2110 707 2133 caussa
731 2109 987 2148 progressum,
1009 2109 1124 2146 quum
1144 2097 1243 2132 forte

123 2159 224 2195 inter
243 2159 377 2196 salicta
402 2162 534 2197 innata
553 2161 643 2211 ripis
670 2160 833 2197 laterent
851 2161 996 2204 hostes,
1018 2160 1158 2196 nudum
1184 2166 1242 2196 at-

122 2235 194 2271 que
224 2224 420 2267 inermem,
449 2225 637 2274 saxisque,
659 2238 741 2274 quae
766 2225 885 2261 volvit
917 2226 1053 2268 amnis,
1075 2236 1242 2274 propug-

120 2292 290 2330 nantem,
312 2288 566 2325 interfectum.
624 2289 735 2332 Sunt,
757 2290 820 2337 qui
848 2290 1063 2339 aruspicum
1091 2288 1241 2324 monitu

124 2349 354 2401 quingentos
388 2364 519 2403 passus
549 2365 571 2388 a
605 2353 736 2388 castris
774 2365 1029 2402 progressum,
1062 2352 1115 2387 uti
1153 2350 1240 2387 loco

631 2416 712 2453 X3
