1527 2661
361 206 515 237 LIBER
538 204 659 235 XXV·
692 204 799 234 CAP.
820 204 963 235 XXIV.
1135 203 1219 248 471

107 306 174 345 per
191 293 311 332 tribus
328 308 349 331 a
368 292 600 345 principibus
620 293 753 330 diviso.
800 292 844 329 Id
862 293 927 330 ubi
948 293 1094 344 accepit
1111 293 1218 331 Mar·
1233 299 1274 330 U.
1286 299 1322 330 C.
1341 306 1417 331 540.

108 359 239 406 cellus,
259 374 345 398 cum
366 361 495 411 paucis
521 359 762 396 tribunorum
787 358 951 395 militum
977 357 1218 402 conlocutus,
1229 343 1270 373 A·
1286 344 1322 375 C·
1339 350 1415 374 ²¹²*

106 424 313 474 electisque
335 437 402 475 per
421 436 484 461 eos
512 425 559 460 ad
585 436 663 460 rem
689 430 835 460 tantam
861 422 1046 472 agendam
1075 422 1221 459 auden-

105 487 266 537 damque
281 488 426 525 idoneis
447 487 733 525 centurionibus
753 487 1025 536 militibusque,
1047 493 1084 522 et
1107 486 1218 522 scalis

104 551 143 587 in
164 551 315 588 occulto
342 552 584 601 comparatis,
606 551 738 587 ceteris
766 552 914 599 signum
936 550 1014 586 dari
1028 549 1158 600 jubet,
1177 555 1220 585 uz

105 621 252 652 mature
289 629 448 666 corpora
479 621 668 658 curarent,
697 615 889 664 quietique
919 615 1074 650 darent:
1107 620 1228 650 nocte·

103 681 143 716 in
163 681 441 731 expeditionem
468 680 632 716 eundum
660 692 751 715 esse.
809 679 902 715 Inde
923 678 987 714 ubi
1016 679 1052 714 id
1072 686 1222 729 tempo-

103 746 152 780 ris
173 746 309 787 visum,
330 757 405 793 quo
426 745 470 780 de
491 745 550 779 die
571 743 730 793 epulatis
744 742 827 793 jam
847 743 922 779 vin-i
945 743 1058 778 satias
1079 743 1220 792 prinei-

101 809 280 859 piumque
300 810 423 845 somni
444 815 554 851 esset,
577 809 677 856 signi
695 808 806 843 unius
827 807 963 844 milites
982 807 1079 843 ferre
1099 807 1218 844 scalas

97 873 235 923 jussit3
269 879 305 908 et
331 873 377 909 ad
397 872 499 908 mille
518 872 597 908 fere
624 873 758 908 armati
778 873 882 908 tenui
904 873 1055 920 agmine
1081 884 1149 920 per
1168 872 1218 906 si-

101 937 260 974 lentium
288 950 337 974 eo
360 937 522 973 deducti.
580 936 658 973 Ubi
684 937 764 972 sine
792 937 951 985 strepitu
982 949 1025 971 ae.
1052 936 1216 972 tumultu
1231 938 1369 972 Murum

102 1002 214 1051 primi
234 1007 433 1037 evaserunt
454 1002 491 1037 in
512 1013 674 1042 murum,
696 1001 814 1036 secuti
836 1000 968 1035 ordine
988 999 1075 1044 alii5
1100 1013 1216 1049 quum
1230 982 1388 1065 Essfflu‘

103 1065 271 1114 priorum
291 1065 446 1100 audacia
468 1064 590 1100 dubiis
612 1064 726 1099 etiam
747 1063 914 1099 animum
934 1062 1086 1098 faceret.
1229 1069 1322 1116 scalis
1338 1069 1401 1099 Ro-

1232 1121 1332 1143 manl-

156 1128 309 1164 XXIV.
338 1129 426 1164 Jam
457 1128 558 1163 mille
589 1134 818 1162 armatorum
847 1134 1023 1176 ceperant
1054 1134 1216 1177 partem,

102 1205 219 1241 quum
247 1198 379 1229 ceterae
407 1193 583 1235 admotae,
605 1192 848 1243 pluribusque
875 1191 983 1228 scalis
1004 1193 1049 1228 in-
1071 1205 1219 1229 murum

104 1256 328 1300 evadebant,
345 1257 457 1306 signo
473 1257 520 1293 ab
537 1255 740 1306 Hexapylo
760 1256 849 1292 dato
864 1272 874 1301 3
907 1269 988 1305 quo
1002 1269 1069 1307 per
1085 1258 1225 1306 ingen--

103 1328 180 1357 tem
202 1320 445 1357 solitudinem
471 1327 551 1357 erat
578 1326 814 1371 perventum,
835 1321 924 1370 quia
949 1333 1089 1370 magna
1117 1334 1226 1372 pars,

101 1383 142 1420 in
160 1383 328 1420 turribus
355 1384 511 1435 epula-ti,
532 1390 597 1420 aut
624 1384 739 1434 sopiti
758 1384 848 1419 vino
871 1389 993 1428 erant,
1014 1390 1079 1420 aut
1106 1386 1223 1421 semi-

101 1459 233 1496 graves
253 1448 462 1499 potabant:
495 1461 636 1499 paucos
657 1455 790 1485 tamen
806 1461 936 1485 eorum
955 1448 1158 1499 obpressos
1178 1450 1226 1487 in-

101 1512 289 1549 cubilibus
308 1513 592 1549 interfecerunt.
645 1512 771 1563 Prope
796 1512 1028 1564 Hexapylon
1054 1519 1112 1550 est
1129 1526 1226 1565 por--

103 1575 183 1612 tula
210 1589 350 1625 magna
374 1577 410 1613 vi
436 1577 595 1626 refringi
620 1584 750 1627 coepta
759 1593 769 1622 3
803 1583 840 1613 et
860 1589 879 1613 e
899 1589 1008 1613 muro
1035 1589 1080 1613 ex
1114 1590 1218 1614 com-

103 1639 233 1689 posito
257 1640 352 1676 tuba
369 1640 500 1678 datum
526 1641 676 1689 signum
707 1646 800 1677 erat.
856 1641 907 1676 Et
927 1639 1011 1690 jam
1036 1641 1225 1691 undique,

104 1715 184 1739 non
203 1702 348 1747 furtim,
371 1705 435 1740 sed
454 1706 490 1740 vi
510 1711 653 1754 aperta,
676 1705 885 1753 gerebatur
898 1717 980 1741 res:
1013 1706 1151 1756 quippe
1172 1707 1226 1742 ada

101 1768 298 1819 Epipolas,
330 1770 566 1819 frequentem
600 1770 780 1806 custodiis
817 1769 957 1813 locum,
995 1778 1219 1821 perventum

103 1839 197 1876 erat,
218 1835 458 1883 terrendique
478 1836 596 1883 magis
617 1835 745 1871 hostes
767 1842 888 1878 erant,
907 1848 1019 1885 quam
1035 1835 1189 1872 fallendi
1204 1853 1223 1883 3⁷

104 1897 200 1933 sicut
219 1898 345 1933 territi
361 1904 472 1934 sunt:
504 1911 592 1934 nam
613 1898 782 1934 simulac
797 1899 975 1935 tubarum
991 1906 1047 1935 est
1068 1900 1217 1937 auditus

103 1967 250 2004 cantuS,
272 1960 488 2011 clamorque
514 1964 726 1998 tenentium
751 1976 879 2000 muros
906 1969 1127 2014 partemque
1154 1978 1218 2000 ur-

100 2023 158 2060 bis
173 2040 183 2070 3
215 2026 346 2061 omnia
364 2027 484 2062 teneri
504 2028 678 2064 custodes
706 2029 793 2072 rati,
814 2028 877 2064 alii
898 2041 965 2079 pei·
990 2042 1138 2065 murum
1157 2029 1219 2066 fu-

103 2104 205 2141 gere,
232 2093 300 2129 aliif
323 2093 433 2130 salire
455 2095 500 2131 de
530 2109 652 2139 muro,
680 2097 983 2146 praecipita-rique
1011 2097 1121 2134 turba
1149 2111 1217 2148 pa-

102 2157 287 2193 ventium.
332 2158 479 2207 Magna
497 2172 581 2209 pars
601 2166 730 2196 tamen
746 2161 879 2209 ignara
898 2161 995 2196 tanti
1015 2160 1105 2197 mali
1121 2169 1222 2206 erat,

103 2226 140 2256 et
171 2221 334 2268 gravatis
370 2222 544 2258 omnibus
576 2223 664 2259 vino
695 2236 919 2273 somnoque,
950 2229 1002 2266 et,
1034 2224 1072 2260 in
1101 2231 1222 2261 vastae

103 2286 375 2334 magnitudinis
403 2287 509 2330 urbe,
541 2290 705 2338 partium
734 2302 846 2325 sensu
874 2302 954 2326 non
984 2290 1074 2326 satis
1102 2292 1219 2340 perti-

104 2356 219 2388 nente
236 2351 279 2389 in
297 2353 436 2391 omnia.
494 2352 573 2391 Sub
588 2353 684 2400 luce,
699 2347 908 2407 Hexapylo
925 2354 1094 2399 effracto,
1110 2354 1218 2391 Mar-
