1527 2661
141 248 232 278 U.C.
250 256 321 283 5239.

141 292 179 320 A.
194 292 229 321 C.
249 300 321 325 213.

333 146 417 196 428
810 160 856 188 T.
879 161 1012 189 L1v11

336 247 382 282 ad
403 247 513 283 urbes
535 248 810 298 obpugnandas
832 252 914 287 usui
935 258 1037 293 sunt,
1055 252 1318 288 centurionum
1334 252 1449 289 robo-

335 326 376 349 ra
396 326 442 349 ex
462 321 547 350 toto
576 317 743 351 exercitu
765 317 918 365 delegit,
940 317 1189 366 tribunosque
1211 318 1311 354 viros
1332 318 1448 354 fortes

334 378 386 412 cis
407 378 590 427 praefecit,
613 388 648 414 ct
673 380 810 415 milites
838 388 1052 423 sexcentos,
1075 389 1257 430 quantum
1285 382 1375 417 satis
1396 382 1451 417 vi-

335 453 417 476 sum
445 449 515 485 cst,
537 444 742 480 adtribuit:
777 458 930 494 cosque,
961 446 1023 481 nbi
1046 452 1187 494 quartae
1208 445 1346 494 vigiliae
1373 446 1448 495 sig-

333 518 425 540 num
456 506 668 549 cecinisset,
701 509 747 543 ad
777 521 862 543 eum
895 509 1019 544 locum
1051 509 1168 544 scalas
1196 508 1311 558 jussit
1340 509 1450 545 ferre.

334 568 450 603 Porta
472 569 523 604 ibi
544 570 695 605 humilis
717 579 753 606 et
770 578 931 619 angusta
949 578 1043 613 erat,
1064 572 1121 606 via
1140 570 1369 619 infrequenti
1385 583 1452 620 per

335 632 520 668 desertam
551 641 697 683 partein
735 635 861 671 urbis:
895 648 976 671 eam
1015 642 1164 685 portam
1202 634 1310 670 scalis
1349 635 1452 684 prius

335 706 590 745 transgressos
612 700 656 735 ad
672 713 821 736 murum
840 713 1010 750 pergere,
1033 707 1067 735 et
1085 713 1131 735 ex
1150 699 1330 735 interiore
1347 706 1454 750 parte

336 761 374 796 vi
393 760 557 797 claustra
582 762 787 811 refringere
806 764 934 814 jubet,
956 772 993 799 et
1019 771 1191 800 tenentes
1217 769 1364 813 partem
1390 775 1452 799 ur-

336 824 393 861 bis
415 839 532 862 cornu
552 828 703 876 signum
722 829 824 872 dure,
846 836 887 865 ut
908 837 1040 865 ceterae
1062 820 1180 877 copiae
1207 828 1452 863 admoveren-

335 897 419 926 tur:
453 898 585 940 parata
605 894 735 929 omnia
761 903 874 942 atque
898 895 1085 929 instructa
1111 905 1191 928 sese
1218 891 1452 930 habiturum.

333 953 392 989 Ea
413 954 559 1004 inpigre
578 955 702 992 facta:
737 967 787 999 et,
810 958 910 1005 quod
932 958 1230 1006 inpedimentum
1250 954 1450 1004 agentibus

332 1015 416 1052 fore
431 1017 642 1061 videbatur,
661 1020 697 1055 id
717 1022 880 1056 maxime
897 1021 941 1055 ad
957 1019 1163 1055 fallendum
1179 1018 1323 1068 adjuvit
1339 1032 1346 1054 ε
1379 1019 1450 1055 im-

333 1079 414 1123 ber,
443 1081 489 1117 ab
519 1089 633 1118 nocte
663 1085 786 1120 media
824 1091 993 1127 coortus,
1025 1084 1198 1119 custodes
1228 1083 1449 1132 vigilesque,

333 1143 499 1193 dilapsos
516 1158 535 1181 e
551 1148 795 1190 stationibus,
813 1148 1016 1195 subfugere
1032 1149 1070 1183 in
1090 1153 1192 1182 tecta
1208 1146 1334 1195 coegit
1350 1161 1357 1181 ε
1390 1158 1452 1182 so—

333 1210 492 1259 nituque
511 1212 634 1260 primo
660 1212 834 1262 largioris
862 1213 1036 1263 procellae
1065 1213 1265 1263 strepitum
1291 1211 1451 1249 molien—

334 1274 429 1309 tium
456 1282 605 1324 portam
637 1277 805 1312 exaudiri
836 1276 1055 1326 prohibuit3
1089 1276 1228 1312 lentior
1247 1276 1382 1312 deinde
1402 1289 1452 1312 ae—

333 1337 555 1388 qualiorque
581 1340 754 1376 accidens
782 1340 934 1376 auribus
959 1353 1136 1389 maguam
1162 1345 1309 1390 partem
1326 1339 1452 1376 homi-

332 1415 423 1438 num
448 1404 601 1453 sopivit.
658 1404 867 1453 Postquam
898 1412 1047 1455 portam
1077 1410 1296 1447 tenuerunt,
1327 1404 1452 1440 corni-

331 1467 434 1502 cines
457 1468 494 1502 in
514 1469 575 1504 via
600 1469 752 1518 paribus
779 1469 985 1505 intervaliis
1007 1469 1210 1517 dispositos
1232 1480 1367 1504 canere
1385 1466 1451 1517 ju-

331 1529 438 1573 bent,
460 1538 502 1567 ut
522 1531 716 1567 consulem
732 1533 911 1568 excirent.
971 1532 1016 1568 Id
1037 1532 1100 1568 ubi
1117 1531 1260 1568 factum
1280 1544 1325 1567 ex
1346 1544 1450 1567 com-

333 1596 461 1644 posito
482 1602 550 1637 est,
574 1596 683 1643 signa
703 1595 824 1631 efferri
846 1595 1121 1645 consuljubet,
1144 1609 1186 1631 ac
1207 1594 1334 1645 paullo
1361 1601 1450 1631 ante

332 1658 456 1694 lucem
475 1671 541 1708 per
561 1659 753 1696 effractam
773 1666 923 1709 portam
944 1660 1073 1695 urbem
1095 1659 1317 1708 ingreditur.

387 1722 557 1759 XLVII.
587 1724 684 1759 Tum
703 1724 851 1760 demum
872 1725 1000 1760 hostes
1023 1725 1178 1761 excitati
1195 1730 1296 1766 sunt,
1311 1722 1394 1773 jam
1413 1730 1461 1759 et-

334 1787 453 1823 imbre
471 1788 782 1836 conquiescente,
804 1795 840 1823 ct
857 1788 1070 1838 propinqua
1087 1787 1182 1823 luce.
1229 1786 1451 1824 Praesidium

333 1852 370 1887 in
394 1851 484 1887 urbe
505 1859 585 1887 crat
606 1852 851 1895 Hannibalis,
873 1853 1038 1901 quinque
1059 1851 1174 1887 millia
1190 1851 1308 1887 ferme
1328 1864 1450 1887 arma-

331 1922 483 1951 torum:
518 1922 555 1952 et
590 1917 661 1966 ipsi
684 1917 819 1966 Arpini
850 1917 924 1952 tria
952 1916 1071 1952 millia
1104 1916 1300 1951 hominum
1328 1928 1450 1951 arma-

332 1979 448 2015 bant:
483 1992 546 2015 eos
581 1981 723 2030 primos
751 1981 875 2023 Poeni,
907 1994 955 2016 ne
985 1981 1072 2029 quid
1104 1980 1150 2016 ab
1183 1986 1290 2028 tergo
1309 1979 1450 2021 fraudis

333 2051 443 2086 esset,
466 2045 565 2079 hosti
591 2044 864 2094 obposuerunt.
910 2045 1126 2093 Pugnatum
1145 2044 1269 2094 primo
1286 2044 1324 2078 in
1344 2051 1450 2079 tene-

331 2107 408 2143 bris
439 2110 685 2157 angustisque
716 2110 784 2144 viis
816 2117 895 2145 est:
929 2122 1044 2157 quum
1074 2108 1241 2146 Romani
1275 2119 1353 2143 non
1373 2108 1457 2156 vias·

330 2178 494 2214 tantum,
514 2173 578 2208 scd
593 2180 695 2208 tecta
711 2175 824 2209 etiarn
841 2175 1014 2223 proxima
1030 2179 1162 2222 portae,
1180 2178 1444 2220 occupassent,

331 2248 378 2270 ne
398 2237 475 2285 peti
496 2248 655 2285 superne
676 2250 719 2272 ac
740 2237 925 2272 vulnerari
948 2243 1116 2286 possent.
1174 2235 1330 2281 Cogniti
1350 2234 1447 2270 inter

331 2312 370 2336 se
391 2301 542 2349 quidam
564 2301 774 2352 Arpinique
795 2309 832 2337 et
852 2301 1043 2345 Romani3
1077 2307 1188 2348 atque
1211 2299 1295 2334 inde
1316 2297 1446 2334 conlo-
