1527 2661
356 188 509 216 LIBER
535 188 582 215 X.
617 187 726 215 CAP.
753 185 984 213 XXXVIII.
1151 183 1226 226 127

116 290 202 328 pars
232 278 517 319 intercessuros,
539 288 586 312 ne
619 288 720 311 novo
751 273 925 324 exemplo
955 274 1221 323 triumpharet,
1237 273 1326 306 U.C.
1344 283 1418 306 ⁴58·

115 342 292 387 aiebant3
325 354 410 391 pars
437 340 579 377 auxilio
613 352 651 375 se
682 339 857 376 adversus
890 337 1054 387 collegas
1088 339 1223 375 trium·
1235 318 1324 349 A'C‘
1343 327 1416 352 ‘²94'

115 406 249 455 phanti
268 404 429 441 futuros.
477 403 632 440 Jactata
651 415 708 439 res
730 403 776 438 ad
794 401 975 452 populum
997 409 1076 437 est:
1112 415 1224 439 voca-

116 475 252 518 tusque
272 481 318 505 eo
346 468 491 511 consul,
513 480 628 516 quum
646 466 704 503 M.
724 466 945 508 Horatium,
972 464 1018 501 L.
1032 465 1226 503 Valerium

116 532 304 575 consules,
327 532 371 567 C.
391 531 576 567 Martium
605 529 781 566 Rutilum
807 541 940 579 nuper,
961 537 1107 579 patrem
1128 529 1223 580 ejus,

115 597 180 646 qui
207 602 299 632 tunc
331 608 466 632 censor
494 601 605 638 esset,
632 607 710 631 non
740 607 787 630 ex
816 595 1042 630 auctoritate
1072 602 1224 630 senatus

115 661 179 697 sed
202 660 313 711 jussu
333 659 463 710 populi
489 660 740 709 triumphasse
760 659 901 696 diceret
913 675 924 704 ;
956 658 1173 709 adjiciebat,
1192 671 1228 695 se

113 737 252 774 quoque
271 726 427 760 laturum
437 723 555 772 fuisse
574 725 622 760 acl
636 725 824 772 populum,
846 726 885 760 ni
906 726 1024 767 sciret,
1044 725 1228 772 «mancipia

112 789 284 825 nobilium
317 788 473 824 tribunos
497 787 611 836 plebis
643 788 755 835 legem
787 788 1030 835 inpedituros:
1059 789 1225 824 volunta-

114 857 184 889 tem
208 852 334 888 sibiae
351 851 521 901 savorem
551 853 796 888 consentientis
818 852 946 900 populi
971 864 1040 900 pro
1069 852 1228 888 omnibus

106 916 217 964 jussis
242 928 325 960 esse,
347 929 390 952 ac
404 916 554 965 sutura.
599 916 836 965 Posteroque
856 915 915 952 die
942 915 1084 952 auxilio
1104 915 1225 952 tribu·
1239 918 1423 949 Postumius

1239 962 1419 1000 triumphat

1238 1011 1351 1035 senatu
1368 1006 1422 1035 ad-

114 1047 355 1084 tribunorum
375 1053 414 1083 et
432 1060 659 1097 consensum
681 1053 848 1091 senatus,
869 1047 1085 1084 celebrante
1104 1060 1226 1098 popu·
1238 1054 1393 1079 versante.

115 1111 154 1149 lo
174 1112 290 1155 diem,
320 1112 581 1163 triumphavit.
637 1112 690 1149 Et
718 1111 832 1162 hujus
862 1112 951 1148 anni
983 1125 1115 1162 parum
1136 1125 1227 1149 con-

114 995 251 1020 norum
266 982 386 1033 plebis
408 983 535 1026 trium,
554 983 730 1019 adversus
749 983 1062 1019 intercessionem
1082 988 1225 1033 septem

116 1183 219 1213 stans
235 1178 418 1213 memoria
434 1184 501 1214 est.
536 1177 791 1220 Postumium,
809 1184 943 1213 auctor
958 1185 1011 1213 est
1032 1176 1227 1222 Claudius,

116 1241 157 1278 in
185 1241 339 1277 Samnio
359 1242 478 1291 captis
505 1241 650 1290 aliquot
678 1241 849 1284 urbibus,
876 1241 915 1277 in
934 1240 1077 1291 Apulia
1103 1241 1230 1278 fusum

115 1305 380 1355 fugatumque,
411 1307 579 1342 saucium
609 1308 732 1357 ipsum
762 1318 847 1342 cum
876 1306 1005 1356 paucis
1025 1305 1229 1343 Luceriam

116 1368 375 1418 compulsum:
409 1369 456 1405 ab
476 1369 598 1406 Atilio
628 1370 667 1406 in
689 1369 845 1406 Etruria
872 1381 930 1405 res
952 1375 1091 1419 gestas,
1123 1383 1227 1406 eum-

115 1445 188 1482 que
216 1434 481 1483 triumphasse.
529 1433 684 1477 Fabius,
706 1433 819 1470 ambo
849 1434 1023 1471 consules
1054 1435 1092 1470 in
1121 1435 1227 1471 Sam-

113 1497 180 1533 nio
200 1503 238 1532 et
263 1497 310 1533 ad
326 1497 527 1534 Luceriam
554 1510 612 1534 res
633 1498 806 1547 gessisse,
827 1497 973 1540 scribit,
994 1498 1228 1535 traductum-

115 1573 188 1610 que
216 1561 254 1597 in
283 1562 478 1599 Etruriam
508 1563 730 1605 exercitum,
759 1562 843 1610 (sed
872 1561 919 1598 ab
950 1568 1036 1598 utro
1073 1562 1229 1599 consule

115 1638 193 1660 non
214 1625 369 1674 adjecit)
393 1633 431 1661 et
455 1627 502 1661 ad
522 1627 723 1661 Luceriam
752 1627 942 1674 utrimque
967 1625 1106 1662 multos
1127 1627 1228 1663 occi-

117 1700 193 1730 sos,
214 1688 328 1737 inque
348 1701 392 1724 ea
411 1701 540 1738 pugna
558 1688 666 1724 Jovis
696 1688 859 1724 Statoris
888 1689 1004 1725 aedem
1024 1696 1166 1733 votam,
1188 1697 1229 1727 ut

115 1751 302 1788 Romulus
333 1759 421 1788 ante
451 1758 627 1788 voverat:
661 1753 727 1788 sed
752 1752 883 1788 fanum
912 1759 1076 1797 tantum,
1106 1755 1144 1791 id
1174 1762 1230 1791 est

117 1816 236 1858 locus,
257 1815 401 1866 templo
420 1816 568 1859 effatus,
590 1823 757 1852 sacratus
778 1816 913 1853 fuerat.
946 1817 1139 1861 Ceterum,
1157 1819 1230 1855 hoc

117 1880 267 1916 demum
297 1893 397 1916 auno
429 1888 468 1916 ut
499 1881 614 1916 aedem
634 1881 748 1916 etiam
769 1881 848 1917 fieri
878 1889 1030 1918 senatus
1057 1882 1227 1932 juberet,

116 1943 174 1979 bis
201 1943 367 1993 ejusdem
394 1944 473 1979 voti
493 1944 671 1980 damnata
700 1944 914 1995 respublica
936 1946 976 1982 in
1005 1945 1229 1996 religionem

115 2008 230 2044 venit.

169 2071 409 2109 XXXVIII.
439 2073 616 2121 Sequitur
643 2073 745 2109 bunc
774 2086 915 2110 annum
945 2081 982 2111 et
1009 2076 1142 2113 consul
1170 2078 1228 2114 in-
1245 2085 1284 2115 U.
1297 2086 1332 2115 C.
1352 2093 1425 2117 459.

116 2136 232 2185 signis
263 2135 308 2172 L.
328 2135 501 2185 Papirius
532 2136 687 2179 Cursor,
712 2149 787 2185 qua
816 2145 972 2188 paterna
992 2139 1127 2187 gloria,
1156 2154 1230 2190 qua
1242 2128 1332 2158 A·C·
1351 2135 1424 2160 ‘²93‘

118 2213 198 2244 sua,
220 2208 258 2237 et
275 2201 417 2237 bellum
436 2201 569 2249 ingens
588 2202 833 2250 victoriaque,
854 2209 1035 2251 quautam
1055 2205 1100 2240 de
1121 2205 1228 2240 Sam-

117 2264 260 2301 nitibus
281 2277 393 2300 nemo
415 2265 462 2300 ad
482 2278 564 2300 eam
585 2264 700 2307 diem,
721 2272 858 2315 praeter
877 2266 922 2302 L.
943 2266 1136 2316 Papirium
1162 2281 1228 2318 pa-

117 2333 213 2364 trem
251 2328 431 2372 consulis,
471 2335 692 2380 pepererat:
726 2335 763 2365 et
796 2329 895 2365 forte
927 2330 1060 2367 eodem
1090 2338 1230 2369 conatu

635 2391 714 2428 G4
