1527 2661
326 191 482 220 unsa
505 190 638 218 xxn.
672 188 779 217 CAP.
803 189 958 219 xxxv.
1112 178 1191 233 269

87 287 262 332 potestate
281 283 424 318 comitia
443 284 553 316 essent
567 281 587 316 ,9
616 280 660 316 Id
679 281 836 316 consules
855 280 975 315 ambos
994 281 1043 315 ad
1061 282 1194 316 exerci-
1209 285 1250 314 U.
1265 284 1301 315 C.
1317 289 1390 315 536.

90 353 165 384 tum
190 348 361 383 morando
379 347 539 394 quaesisse
550 361 562 380 .·
591 346 629 380 id
642 350 781 393 postea,
803 346 887 393 quia
913 346 1030 381 invitis
1057 346 1099 380 iis
1118 346 1194 381 dic-
1208 329 1246 359 A'
1261 328 1298 359 C·
1316 332 1389 359 ⁹²⁶*

89 417 186 448 tator
211 415 297 447 esset
315 411 429 446 (lictus
447 410 670 445 comitiorum
689 421 826 451 caussa,
847 413 1087 457 expugnatam
1110 421 1193 452 esse,

88 481 129 513 ut
147 477 292 512 vitiosus
311 477 466 512 dictator
486 487 554 522 per
579 486 731 521 augures
743 475 862 523 fleret.
917 474 1062 510 Habere
1086 475 1197 521 igitur

87 543 328 588 interregnum
358 552 439 576 eos:
471 540 693 575 consulatum
725 551 833 575 unum
862 545 955 575 certe
978 540 1092 587 plebis
1121 540 1196 576 Ro-

87 618 205 642 manae
228 616 321 641 esse:
345 605 521 653 populum
550 604 697 639 liberum
726 603 928 639 habiturum
957 616 999 639 ac
1027 605 1199 641 daturum

88 672 134 714 ei,
155 671 217 718 qui
235 671 348 718 magis
365 681 445 705 vere
461 670 612 712 vincere,
634 681 740 717 quam
759 669 821 704 diu
841 669 1029 717 imperare,
1050 669 1166 706 malit.

140 733 315 771 XXXV.
343 733 472 772 Quum
496 733 554 768 his
573 732 809 769 orationibus
830 745 988 769 accensa
1013 732 1119 783 plebs
1139 745 1199 770 es-

88 804 159 842 set,
179 797 299 834 tribus
315 799 481 848 patriciis
497 799 729 848 petentibus,
745 798 788 835 P.
803 798 983 835 Cornelio
997 799 1198 844 Merenda,

88 862 135 900 L.
149 861 298 898 Manlio
318 861 500 906 Vulsone,
520 862 578 899 Μ.
592 862 752 899 AEmilio
770 861 933 913 Lepido,
955 862 1101 899 duobus
1127 875 1201 899 no-

87 926 228 963 bilibus
249 925 331 977 jam
351 926 580 965 familiarum
604 927 746 978 plebei,
768 927 812 964 C.
828 926 949 964 Atilio
970 927 1133 963 Serrano
1162 935 1201 964 et

89 991 261 1032 Q.AElio
286 991 407 1036 Paeto,
428 1005 588 1042 quorum
617 992 712 1029 alter
740 992 929 1043 pontifex,
957 991 1052 1028 alter
1080 1004 1202 1041 augur

89 1062 186 1100 erat,
206 1057 250 1094 C.
263 1057 463 1094 Terentius
490 1057 627 1094 consul
651 1071 748 1095 unus
768 1065 931 1101 creatur,
951 1063 994 1093 ut
1019 1057 1059 1093 in
1085 1069 1203 1093 manu

89 1120 171 1171 ejus
191 1129 317 1158 essent
335 1123 491 1159 comitia
508 1124 680 1172 rogando
701 1123 870 1172 collegae.
926 1122 1026 1158 Tum
1046 1127 1203 1172 experta

89 1185 285 1229 nobilitas,
305 1199 439 1236 parum
456 1186 573 1222 fuisse
591 1188 727 1223 virium
746 1188 787 1222 in
807 1185 1136 1236 competitoribus,
1154 1184 1203 1223 L.

90 1248 292 1287 AEmilium
310 1249 500 1293 Paullum,
521 1250 585 1299 qui
604 1263 690 1287 cum
708 1250 765 1288 M.
779 1250 891 1287 Livio
912 1250 1044 1287 consul
1062 1249 1201 1293 fuerat,

90 1321 130 1351 et
149 1315 392 1351 damnatione
412 1314 581 1364 collegae,
603 1322 641 1351 et
659 1328 727 1352 sua
746 1328 878 1366 prope,
900 1315 1094 1351 ambustus
1115 1326 1202 1350 eva-

91 1385 206 1422 serat,
226 1378 407 1416 infestum
435 1379 573 1430 plebei,
594 1379 659 1416 diu
687 1393 731 1416 ac
759 1379 921 1416 multum
948 1384 1202 1423 recusantem,

91 1443 139 1479 ad
167 1444 391 1493 petitionem
410 1443 627 1494 compellit:
659 1444 691 1480 is
721 1444 896 1495 proximo
926 1442 1108 1480 comitiali
1127 1444 1204 1489 die,

89 1508 384 1545 concedentibus
415 1508 605 1552 omnibus,
635 1509 699 1558 qui
729 1522 814 1546 cum
833 1509 1005 1546 Varrone
1034 1514 1202 1544 certave-

92 1578 191 1616 rant,
212 1585 281 1623 par
311 1573 431 1622 magis
449 1573 490 1609 in
517 1573 804 1616 adversandum,
825 1585 939 1622 quam
957 1571 1118 1621 collega,
1137 1571 1206 1608 da·

92 1642 156 1671 tur
176 1636 333 1674 consuli.
391 1637 485 1672 Inde
505 1637 686 1687 praetoria
701 1637 859 1673 comitia
876 1635 1020 1673 habita.
1077 1635 1206 1672 Creati

94 1698 163 1735 M'.
179 1699 414 1749 Pomponius
435 1699 575 1735 Matho
600 1705 638 1735 et
657 1700 700 1736 P.
715 1700 850 1737 Furius
870 1699 1014 1736 Philus.
1070 1698 1209 1735 Romae

90 1762 170 1813 juri
189 1763 352 1798 dicundo
372 1762 517 1799 urbana
536 1775 616 1799 sors
637 1763 867 1814 Pomponio,
886 1764 987 1799 inter
1005 1763 1103 1799 cives
1123 1762 1208 1799 Ro-

96 1839 228 1864 manos
249 1833 287 1862 et
309 1827 529 1877 peregrinos
549 1826 592 1863 P.
609 1826 725 1864 Furio
744 1827 856 1864 Philo
882 1828 1017 1865 evenit.
1072 1826 1205 1864 Additi

95 1891 170 1927 duo
189 1897 382 1940 praetoreS,
402 1890 459 1927 M.
474 1891 652 1927 Claudius
671 1891 875 1928 Marcellus
894 1892 934 1927 in
955 1891 1137 1939 Siciliam,
1157 1891 1203 1929 L.
1218 1897 1374 1928 Praetores.

96 1955 313 1991 Postumius
346 1954 506 1991 Albinus
545 1956 583 1991 in
617 1955 793 1993 Galliam.
851 1955 994 1992 Omnes
1028 1954 1203 1992 absentes

96 2020 212 2056 creati
232 2026 342 2065 snnt3
375 2032 443 2055 nec
464 2021 638 2068 cuiquam
664 2033 807 2063 eorum,
828 2026 967 2071 praeter
982 2019 1205 2057 Terentium

96 2084 303 2127 consulem,
334 2084 531 2120 mandatus
561 2085 699 2128 honos,
729 2097 839 2134 quem
867 2084 950 2135 jam
984 2097 1061 2121 non
1094 2091 1208 2121 antea

98 2148 287 2196 gessisset,
315 2149 512 2198 praeteritis
539 2147 685 2197 aliquot
710 2148 873 2185 fortibus
901 2161 943 2184 ac
970 2149 1130 2184 strenuis
1151 2148 1205 2183 vi-

99 2212 172 2257 ris;
204 2213 291 2261 quia
307 2213 345 2248 in
364 2211 430 2248 tali
447 2218 618 2262 tempore
637 2212 728 2248 nulli
751 2225 870 2248 novus
892 2214 1134 2261 magistratus
1150 2212 1205 2247 vi-

100 2276 257 2313 debatur
276 2276 523 2313 mandandus.

94 2360 96 2362 ·
151 2340 343 2377 XXXVI.
391 2341 590 2377 Exercitus
629 2353 778 2389 quoque
827 2340 1065 2390 multiplicati
1106 2346 1205 2377 sunt.

615 2404 694 2440 NB
