1527 2661
71 332 161 363 U.C.
178 341 252 365 453.

71 378 109 407 A.
124 376 159 406 C.
178 384 252 410 299.

66 1496 96 1525 T
99 1496 185 1526 ribus

69 1548 171 1570 novae.

265 172 319 214 86
723 184 767 211 T.
792 182 924 212 L1v11

266 280 379 322 atque
407 272 446 308 iu
477 278 583 323 parte
612 285 687 308 una
717 284 897 322 preeceps,
920 271 983 307 ubi
1013 283 1114 307 nunc
1134 270 1280 306 Narnia
1309 270 1381 306 sita

266 344 345 374 est:
377 350 447 373 nec
478 338 526 379 vi,
556 349 626 372 nec
655 337 893 372 munimento
923 336 1006 385 capi
1040 341 1201 385 poterat.
1246 334 1381 382 Itaque

265 415 347 438 eam
374 401 555 437 infectum
581 413 659 436 rem
679 400 736 436 M.
757 400 910 435 Fulvius
933 400 1114 442 Paetinus‚
1135 399 1181 436 T.
1211 398 1380 434 BIanlius

262 465 496 515 Torquatus,
517 465 606 500 novi
634 463 822 506 consules,
845 471 1084 513 acceperunt.
1131 463 1177 499 In
1199 475 1283 498 eum
1314 475 1383 498 an·

262 542 353 565 num
374 542 488 576 quum
509 529 556 567 Q=
578 527 737 563 Fabium
760 527 953 563 consulem
982 539 1061 563 non
1081 533 1273 577 petentem
1299 539 1381 562 om-

263 594 518 629 nes-dicerent
539 592 732 633 centuriae,
754 593 877 641 ipsum
904 598 1099 627 auctorem
1117 590 1233 626 fuisse
1251 590 1387 627 Macer

261 658 433 694 Licinius
464 670 507 693 aa
527 657 680 693 Tubero
709 656 865 692 tradunt
885 656 1080 692 differendi
1110 655 1181 691 sibi
1208 654 1385 691 consula-

262 728 323 760 tus
344 723 383 758 in
399 721 678 758 bellicosiorem
698 732 862 756 annum:
897 733 942 757 eo
963 733 1063 757 anno
1084 719 1219 770 majori
1241 732 1279 755 se
1300 719 1384 755 usui

263 786 479 836 reipublicae
507 785 602 827 fore,
635 784 781 820 urbano
811 790 920 833 gesto
950 785 1197 833 magistratu:
1231 784 1285 819 ita
1313 796 1385 820 nec

263 850 577 893 dissimulantem,
609 850 698 898 quid
734 848 876 892 mallet,
911 862 980 885 nec
1013 854 1206 899 petentem
1238 854 1382 890 tamen,

264 914 410 951 aedilem
431 913 596 950 curulem
618 926 704 949 cum
722 912 768 949 L.
790 912 945 963 Papirio
967 913 1131 948 Cursore
1150 911 1306 948 facturn.
1338 910 1384 947 Id

263 991 311 1015 ne
341 992 411 1029 pro
442 985 546 1015 certo
576 990 774 1028 ponerem,
806 978 991 1013 vetustior
1021 975 1214 1013 annalium
1252 982 1387 1012 auctor

263 1044 354 1080 Piso
375 1044 522 1089 effecit3
556 1044 619 1092 qui
636 1056 680 1078 eo
702 1055 803 1078 anno
825 1042 949 1077 aediles
971 1041 1116 1077 curules
1133 1040 1249 1076 fuisse
1268 1040 1385 1077 tradit

265 1108 308 1145 C.
329 1108 545 1144 Domitium
574 1108 644 1143 Cn.
665 1107 706 1143 F.
730 1106 929 1143 Calvinum
958 1112 995 1141 et
1023 1107 1085 1156 Sp.
1109 1105 1315 1141 Carvilium
1334 1105 1384 1144 Q.

264 1172 306 1209 F.
326 1173 553 1209 B‘Iaxinium.
610 1172 656 1208 Id
676 1172 788 1209 credo
809 1185 1023 1221 cognomen
1045 1184 1210 1208 errorem
1236 1172 1275 1207 in
1296 1172 1385 1207 aedi-

263 1234 362 1272 libus
388 1236 545 1272 fecisse:
580 1242 824 1284 secutamque
845 1235 1014 1272 fabulam
1040 1236 1199 1271 mixtam
1219 1247 1264 1271 ex
1295 1235 1384 1272 aedi-

263 1300 360 1337 liciis
381 1307 419 1337 et
449 1300 711 1336 consularibus
732 1301 913 1343 comitiis,
934 1300 1221 1336 convenientem
1253 1300 1384 1338 errori.

263 1366 317 1403 Et
335 1366 495 1402 lustrum
525 1379 570 1401 eo
600 1378 702 1401 anno
729 1366 923 1402 conditum
951 1379 973 1401 a
992 1365 1035 1402 P.
1057 1365 1283 1415 Sempronio
1313 1366 1385 1402 So·

265 1432 342 1482 pho
370 1437 408 1467 et
435 1430 478 1466 P.
510 1430 679 1480 Sulpicio
710 1431 933 1466 Saverrione
964 1429 1209 1466 censoribus:
1241 1430 1385 1467 tribus-

267 1509 339 1545 que
363 1495 500 1532 additae
521 1495 617 1538 duae,
639 1495 817 1531 Aniensis
847 1508 890 1531 ac
910 1494 1130 1531 Terentina.
1178 1494 1274 1531 Haec
1301 1494 1385 1532 Ro-

265 1576 336 1600 mae
357 1569 475 1612 gesta.

318 1628 371 1664 X.
403 1628 581 1664 Ceterum
612 1628 658 1663 ad
683 1627 905 1676 Nequinum
931 1627 1111 1677 oppidum
1132 1639 1247 1675 quum
1278 1628 1384 1676 segni

265 1692 465 1728 obsidione
488 1697 636 1741 tempus
665 1697 865 1733 tereretur,
888 1691 963 1727 duo
992 1704 1039 1727 ex
1054 1691 1267 1741 oppidaniS,
1290 1704 1385 1740 quo-

264 1770 347 1792 rum
368 1762 474 1793 erant
497 1755 802 1806 zedificiajuncta
831 1768 954 1798 muro,
976 1768 1088 1805 specu
1108 1756 1212 1792 facto
1242 1757 1288 1793 ad
1308 1764 1385 1793 sta-

264 1821 390 1856 tiones
427 1819 626 1856 Romanas
661 1821 795 1855 itinere
827 1820 978 1856 occulto
1016 1821 1264 1870 perveniunt:
1300 1823 1387 1859 inde

265 1885 312 1920 ad
341 1884 534 1920 consulem
564 1883 729 1926 deducti,
760 1885 974 1933 praesidium
1004 1890 1190 1920 armatum
1220 1898 1258 1921 se
1287 1887 1387 1923 intra

264 1949 406 1984 moenia
437 1955 474 1983 et
504 1961 629 1983 muros
661 1955 882 1998 accepturos
917 1949 1156 1985 confirmant.
1204 1949 1287 1986 Nec
1318 1951 1386 1986 ad-

265 2011 477 2061 spernanda
504 2024 562 2047 res
592 2012 685 2053 visa,
716 2025 838 2061 neque
868 2013 1019 2048 incaute
1050 2012 1257 2048 credenda:
1299 2026 1385 2050 cum

265 2076 384 2112 altero
405 2088 535 2112 eorum
559 2078 663 2123 (nam
692 2076 786 2112 alter
806 2076 916 2112 obses
940 2077 1128 2122 retentus)
1152 2077 1226 2112 duo
1253 2077 1386 2128 explo-

262 2146 407 2176 ratores
441 2152 507 2190 per
537 2139 751 2176 cuniculum
781 2141 907 2175 missi:
940 2153 1006 2189 per
1036 2153 1129 2189 quos
1161 2141 1250 2176 satis
1281 2154 1385 2178 com-

262 2210 371 2254 perta
399 2217 453 2247 re,
471 2206 631 2241 trecenti
662 2206 811 2248 armati,
842 2204 1041 2253 transfuga
1061 2205 1154 2241 duce
1183 2205 1221 2241 in
1252 2206 1384 2242 urbem

262 2268 437 2316 ingressi,
465 2275 578 2304 nocte
608 2275 772 2319 portam,
794 2282 875 2318 quae
905 2270 1080 2318 proxima
1110 2275 1202 2312 erat,
1226 2282 1381 2320 cepere:

263 2344 338 2381 qua
356 2332 532 2376 refracta,
551 2332 683 2370 consul
704 2335 966 2382 exercitusque
986 2333 1186 2370 Romanus
1208 2334 1288 2370 sine
1306 2347 1385 2370 cer—
