1527 2661
365 201 520 231 MBER
544 201 689 231 xxw.
720 198 828 229 CAP.
852 199 992 229 xnv1.
1149 190 1234 246 565

118 294 217 332 rent,
239 290 393 339 viasque
412 296 502 326 ante
520 301 727 339 numquam
752 288 867 324 initas
883 288 1053 325 humano
1072 289 1234 339 vestigio
1251 295 1290 326 U.
1304 296 1341 327 C.
1356 304 1432 328 542.

120 354 323 403 aperirent,
353 353 577 404 Neptunum
599 353 764 404 jubebat
782 353 915 389 ducem
939 353 1083 389 itineris
1113 355 1233 403 sequi,
1246 339 1287 370 A·
1303 339 1339 372 C·
1356 347 1430 372 ²¹⁰·

120 428 164 452 ac
183 417 307 452 medio
327 423 464 465 stagno
485 418 638 453 evadere
658 417 705 453 ad
724 417 877 453 moenia.

172 479 320 517 XLVI.
349 481 410 517 Ab
427 487 527 518 terra
547 483 679 530 ingens
700 481 808 517 labor
824 480 1111 518 succedentibus
1128 488 1231 520 erat:

117 556 188 580 nec
208 544 408 581 altitudine
437 552 586 582 tantum
623 547 806 582 moenium
836 546 1141 597 impediebantur,
1171 546 1236 583 sed

118 608 219 655 quod
249 615 380 645 euntes
410 610 456 645 ad
485 610 670 660 ancipites
701 611 888 659 utrimque
917 611 1014 646 ictus
1043 609 1236 660 subjectos

118 671 314 709 habebant
342 673 565 720 Roman085
599 681 639 710 ut
666 675 784 711 latera
813 674 1012 711 infestiora
1039 674 1237 711 subeunti-

115 734 201 778 bus,
222 750 335 785 quam
356 739 510 775 adversa
530 752 704 790 corpora,
722 746 859 776 essent.
907 740 959 775 At
978 745 1085 788 parte
1104 739 1142 775 in
1163 738 1237 775 alia

115 800 334 848 quingentis
367 809 405 838 et
434 816 502 852 per
534 811 711 852 stagnum
740 804 862 841 facilis
897 795 1093 846 transitus,
1127 809 1165 839 et
1196 802 1236 839 in

114 875 263 899 murum
284 866 484 902 adscensus
509 868 595 903 iude
615 867 710 903 fuit:
742 880 832 904 nam
856 879 978 916 neque
997 879 1112 916 opere
1131 879 1236 902 emu-

114 927 216 962 nitus
237 935 331 971 erat,
354 937 395 964 ut
415 930 478 965 ubi
500 931 616 979 ipsius
638 931 712 965 loci
732 944 776 967 ae
796 932 923 978 stagni
949 931 1126 980 praesidio
1145 930 1236 966 satis

114 990 297 1026 creditum
316 991 439 1036 foret3
472 1005 542 1027 nec
563 992 640 1028 ulla
670 999 904 1029 armatorum
930 994 1046 1029 statio
1066 998 1132 1028 aut
1152 1006 1237 1028 cus-

114 1053 221 1090 todia
240 1055 431 1103 obposita,
454 1057 611 1092 intentis
633 1057 810 1092 omnibus
841 1056 887 1092 ad
907 1069 1020 1106 opem
1047 1069 1092 1092 eo
1112 1056 1237 1093 feren-

116 1117 217 1161 dam,
237 1119 333 1155 unde
354 1119 561 1168 periculum
578 1120 862 1157 ostendebatur.
911 1121 989 1157 Ubi
1007 1120 1137 1157 urbem
1157 1121 1238 1158 sine

116 1183 322 1219 certamine
351 1184 555 1227 intravere,
579 1191 745 1234 pergunt
774 1185 874 1228 inde,
896 1190 1040 1233 quanto
1071 1185 1238 1222 maximo

116 1259 228 1283 cursu
257 1253 448 1296 poterant,
480 1249 526 1284 ad
556 1261 638 1285 eam
670 1256 837 1299 portam,
865 1250 965 1286 circa
983 1262 1096 1298 quam
1125 1262 1238 1286 omne

118 1317 357 1348 contractum
377 1320 568 1349 certamen
589 1320 683 1357 erat,
705 1315 742 1349 in
763 1314 865 1362 quod
884 1314 978 1350 adeo
998 1314 1136 1350 intenti
1155 1326 1238 1350 om-

118 1376 223 1411 nium
243 1389 322 1413 non
349 1378 464 1413 animi
485 1378 608 1414 solum
627 1377 745 1420 fuere,
767 1379 831 1414 sed
857 1379 971 1414 etiam
990 1378 1091 1414 oculi
1111 1391 1239 1416 aures-

116 1451 189 1488 que
228 1442 480 1490 pugnantium
517 1441 846 1491 spectantiumque
883 1448 921 1477 et
953 1442 1239 1479 adhortantium

114 1511 343 1554 pugnantes,
364 1512 405 1540 ut
436 1518 548 1541 nemo
577 1512 666 1541 ante
695 1506 742 1542 ab
763 1512 872 1554 tergo
901 1506 1062 1541 senserit
1088 1513 1239 1555 captam

116 1568 263 1612 urbem,
284 1583 397 1617 quam
417 1569 494 1605 tela
513 1571 551 1605 in
572 1582 724 1606 aversos
745 1570 973 1612 inciderunt,
990 1576 1028 1605 et
1049 1570 1238 1619 utrimque

117 1632 322 1681 ancipitem
351 1633 501 1668 hostem
527 1633 744 1669 habebant:
778 1639 884 1676 tunc,
914 1633 1077 1669 turbatis
1107 1632 1238 1670 defen-

119 1695 267 1731 soribus
299 1702 416 1739 metu,
437 1703 475 1732 et
502 1698 645 1733 moenia
664 1703 789 1746 capta,
811 1703 848 1732 et
873 1703 985 1746 porta
1003 1698 1105 1733 intus
1124 1696 1238 1733 foris-

118 1771 191 1806 que
224 1760 365 1808 pariter
394 1760 550 1808 refringi
571 1767 720 1810 coepta:
754 1767 791 1796 et
820 1774 909 1797 mox
937 1761 1116 1797 caedendo
1146 1773 1238 1797 con-

117 1821 262 1865 fractis,
283 1835 331 1859 ne
359 1824 431 1859 iter
456 1825 703 1873 inpediretur,
725 1824 884 1867 foribus,
907 1825 1041 1860 armati
1067 1825 1237 1873 inpetum

117 1886 301 1923 fecerunt.
359 1887 506 1935 Magna
539 1888 743 1924 multitudo
773 1895 811 1925 et
840 1901 967 1925 muros
994 1888 1238 1924 transcende-

117 1949 198 1993 bat,
220 1951 284 1986 sed
304 1952 344 1986 hi
363 1952 502 2001 passim
523 1952 570 1988 ad
589 1953 728 1989 caedem
748 1953 1025 2003 oppidanorum
1044 1952 1165 1988 versi:
1191 1952 1238 1988 il-

117 2013 167 2055 la,
189 2026 271 2062 quae
301 2021 450 2063 portam
480 2016 651 2064 ingressa
676 2015 893 2066 erat,justa
921 2016 1035 2058 acies,
1062 2027 1149 2051 cum
1168 2015 1237 2051 du-

116 2077 236 2120 cibus,
258 2091 343 2113 cum
360 2079 570 2123 ordinibus,
584 2080 708 2116 media
728 2080 819 2116 urbe
838 2081 878 2116 in
893 2079 1019 2115 forum
1038 2079 1236 2128 processit.

114 2140 208 2178 Inde
228 2155 344 2190 quum
371 2143 517 2179 duobus
545 2144 742 2180 itineribus
762 2144 951 2193 fugientes
978 2144 1119 2179 videret
1142 2144 1237 2180 hos·

113 2210 186 2247 teS,
208 2205 302 2242 alios
323 2206 371 2242 ad
390 2207 579 2244 tumulum
598 2209 639 2244 in
659 2209 845 2244 orientem
864 2220 1027 2250 versum,
1044 2207 1109 2256 qui
1128 2213 1236 2243 tene·

113 2269 229 2307 batur
251 2272 549 2321 quingentorum
577 2274 742 2310 militum
770 2273 961 2323 praesidiO,
983 2271 1077 2308 alios
1107 2272 1147 2307 in
1176 2282 1236 2307 ar-

115 2346 210 2378 cem,
231 2335 270 2372 in
287 2348 402 2385 quam
421 2346 459 2374 et
477 2339 558 2389 ipse
576 2337 697 2388 Mago
718 2350 804 2376 cum
819 2337 995 2375 omnibus
1014 2335 1094 2373 fere
1113 2347 1236 2372 arma·
