1527 2661
312 186 393 242 458
789 203 992 233 T.L1V11

253 287 457 326 40.dustria
484 289 763 326 centuriaverat
791 299 1076 341 armaveratque
1107 293 1153 330 ad
1182 292 1275 331 tales
1307 308 1427 334 casus.

250 346 454 389 ¹2·Divisis
486 354 604 404 copiis
643 355 742 391 inter
774 368 827 398 se,
862 356 974 392 duces
1005 357 1117 393 Poeni
1147 372 1262 408 quum
1295 373 1429 409 agrum

310 416 524 453 Thurinum
552 419 710 467 ingressi
730 426 870 462 essent,
892 419 1037 457 Hanno
1057 434 1142 458 cum
1169 424 1338 473 peditum
1358 437 1426 473 ag-

310 481 411 518 mine
430 481 578 518 infestis
600 483 717 531 signis
738 484 792 520 ire
812 484 856 519 ad
876 483 1006 520 urbem
1026 486 1163 534 pergit.
1204 486 1326 536 Mago
1341 501 1429 525 cum

309 545 496 596 equitatu,
517 553 640 583 tectus
662 547 836 591 collibus,
858 548 904 584 ad
924 549 1104 597 tegendas
1130 550 1285 587 insidias
1306 551 1429 602 obpo-

308 612 405 655 sitis,
437 611 621 649 subsistit.
678 612 846 656 Atinius,
886 613 1057 663 peditum
1092 620 1243 651 tantum
1275 617 1428 664 agmine

306 690 375 728 per
400 676 659 727 exploratores
687 684 897 728 comperto,
919 679 958 714 in
985 679 1106 715 aciem
1131 680 1259 730 copias
1286 681 1427 726 educit,

306 748 345 778 et
363 741 505 777 fraudis
529 741 734 784 intestinae,
756 748 793 777 et
819 741 986 779 hostium
1010 743 1232 780 insidiarum
1259 744 1427 793 ignarus.

119 293 243 325 1205

116 338 242 370 A.C.2

305 806 487 843 Pedestre
506 805 682 857 proelium
698 805 771 842 fuit
786 819 983 857 persegne,
1004 808 1133 858 paucis
1150 809 1189 844 in
1209 809 1330 858 prima
1345 810 1427 846 acie

304 869 564 922 pugnantibus
585 869 770 907 Romanis
784 886 796 916 ς
818 871 998 907 Thurinis
1019 871 1327 922 exspectantibus
1344 885 1425 909 ma-

306 937 378 985 gis,
397 949 509 986 quam
532 935 813 986 adjuvantibus,
832 942 1007 973 eventum
1024 951 1031 973 :
1065 943 1103 972 et
1121 937 1424 986 Karthaginien-

308 1001 405 1037 sium
427 1001 525 1037 acies
547 1001 592 1036 de
613 1001 795 1037 industria
815 1001 947 1050 pedem
968 1001 1168 1045 referebat,
1190 1008 1232 1037 ut
1251 1002 1298 1038 ad
1319 1008 1426 1051 terga

306 1065 413 1102 collis
435 1066 482 1102 ab
504 1066 630 1114 equite
652 1077 721 1100 suo
742 1066 876 1101 insessi
895 1065 1045 1101 hostem
1065 1067 1260 1102 incautum
1279 1073 1425 1116 pertra-

304 1131 426 1167 heret.
482 1131 571 1169 Quo
604 1129 669 1165 ubi
699 1136 850 1165 ventum
887 1136 957 1172 est,
989 1131 1112 1166 coorti
1141 1143 1227 1166 cum
1261 1131 1426 1167 elamore

305 1196 467 1245 equiteS,
499 1207 659 1245 propere
697 1195 932 1231 inconditam
968 1194 1227 1231 Thurinorum
1256 1195 1423 1239 turbam,

304 1272 374 1296 nec
402 1260 492 1295 satis
514 1259 589 1295 fido
616 1259 759 1301 animo,
787 1259 886 1294 unde
915 1258 1126 1309 pugnabat,
1157 1265 1335 1302 stantem,
1356 1272 1422 1296 ex-

304 1323 448 1375 templo
478 1324 517 1359 in
545 1323 673 1372 fugam
702 1329 931 1359 averterunt.
988 1322 1170 1365 Romani,
1198 1337 1425 1373 quamquam

304 1388 584 1424 circumventos
613 1388 702 1423 hinc
739 1387 867 1437 pedes,
896 1387 985 1423 hinc
1011 1399 1124 1436 eques
1156 1387 1329 1436 urgebat,
1367 1395 1426 1424 ta-

301 1465 389 1489 men
414 1452 644 1502 aliquamdiu
676 1465 843 1502 pugnam
869 1458 1041 1487 traxere:
1074 1458 1267 1501 postremo
1287 1459 1324 1487 et
1350 1453 1420 1501 ipsi

302 1524 411 1566 terga
430 1523 595 1559 vertunt,
621 1522 734 1565 atque
761 1516 808 1552 ad
835 1515 964 1551 urbem
986 1515 1149 1564 fugiunt.
1206 1515 1267 1551 Ibi
1292 1516 1421 1566 prodi-

302 1589 404 1620 tores
426 1582 662 1632 conglobati,
684 1595 800 1631 quum
826 1581 1063 1632 popularium
1092 1594 1226 1630 agmen
1252 1583 1418 1631 patenti-

301 1648 372 1684 bus
394 1649 513 1698 portis
534 1648 782 1697 accepissent,
801 1646 864 1682 ubi
884 1645 1081 1682 Romanos
1098 1645 1202 1681 fusos
1221 1645 1267 1681 ad
1290 1645 1420 1682 urbem

302 1707 393 1750 ferri
419 1712 608 1755 viderunt,
637 1711 892 1754 conclamant,
923 1713 1056 1746 instare
1075 1711 1238 1752 Poenum,
1261 1712 1422 1758 permir-
1508 1728 1512 1744 ι

306 1784 426 1826 tosque
459 1783 494 1814 et
522 1778 634 1814 hostes
671 1777 791 1813 urbem
819 1778 1015 1817 invasuros,
1046 1777 1084 1811 ni
1112 1787 1264 1823 propere
1298 1780 1423 1823 portas
1509 1774 1512 1778 ’

305 1843 490 1879 claudant.
548 1841 608 1877 Ita
628 1841 800 1877 exclusos
821 1839 1018 1876 Romanos
1040 1838 1235 1889 praebuere
1254 1838 1357 1874 hosti
1376 1838 1424 1875 ad

305 1907 457 1944 caedem.
505 1906 659 1943 Atinius
679 1912 807 1942 tamen
825 1918 908 1941 cum
929 1905 1057 1955 paucis
1074 1911 1259 1953 receptus.
1317 1903 1423 1940 Sedi-

303 1972 361 2007 tio
382 1971 464 2007 inde
481 1970 684 2021 paullisper
699 1970 822 2005 tenuit
836 1985 846 2014 3
870 1981 985 2018 quum
1002 1967 1065 2004 alii
1081 1967 1212 2003 urbem
1228 1968 1422 2011 tuendam,

305 2036 392 2072 inde
421 2035 485 2071 alii
516 2033 723 2070 cedendum
751 2033 929 2076 fortunae,
968 2038 1006 2068 et
1034 2031 1254 2068 tradendam
1292 2029 1424 2068 urbem

303 2099 511 2136 victoribus
544 2104 763 2135 censerent:
797 2104 977 2140 ceterum,
1009 2103 1052 2132 ut
1080 2095 1314 2146 plerumque,
1343 2094 1422 2132 for-

305 2174 400 2204 tuna
419 2173 456 2203 et
476 2165 635 2202 consilia
662 2164 761 2201 mala
780 2165 975 2200 vicerunt:
1007 2164 1142 2199 Atinio
1168 2175 1252 2198 cum
1273 2162 1348 2197 suis
1375 2162 1423 2199 ad

306 2243 410 2268 mare
440 2243 483 2266 ac
511 2242 624 2266 naves
646 2229 822 2272 deducto,
853 2229 972 2277 magis
993 2228 1081 2276 quia
1109 2227 1195 2276 ipsi,
1223 2225 1272 2261 ob
1302 2226 1422 2275 impe·

308 2296 405 2332 rium
438 2295 477 2331 in
508 2307 546 2331 se
583 2294 676 2329 mite
706 2306 748 2329 ac
780 2292 942 2343 justum,
975 2290 1189 2328 consultum
1227 2288 1422 2332 volebant,

309 2373 422 2411 quam
440 2364 614 2412 respectu
633 2357 912 2402 Romanorum,
934 2355 1276 2404 Karthaginienses
1300 2354 1339 2390 in
1360 2366 1422 2391 ur-
