1527 2661
425 204 579 234 LIBER
603 204 650 232 X.
683 202 790 232 CAF.
813 204 919 232 xlx.
1168 203 1223 246 99

109 310 202 340 euni,
222 298 283 332 sed
301 309 323 332 a
341 295 525 344 republica
540 299 575 330 et
589 294 632 330 ab
646 296 801 330 exercitu
820 294 966 330 retineri
974 310 986 336 ,·
1007 294 1225 341 experiretur
1238 294 1279 324 U·
1293 293 1329 324 C·
1343 300 1416 326 456.

107 363 212 398 modo
230 362 450 397 voluntatem
467 360 637 395 militum.
694 357 790 394 Haec
816 357 1007 394 monendo
1027 357 1223 393 obtestan·
1235 339 1276 369 A·
1291 337 1326 368 C·
1344 342 1415 370 2⁹⁶⁷

108 426 245 474 doque,
266 437 384 474 prope
402 424 620 459 restitantes
641 421 814 459 consules
835 422 874 458 in
896 423 1120 458 concionem
1139 433 1223 471 per-

108 496 332 526 traxerunt:
365 488 418 525 ibi
448 489 640 524 orationes
671 486 864 536 longiores
892 486 1032 523 habitae
1057 487 1097 522 in
1123 498 1224 522 eam·

110 555 193 591 dem
214 554 332 590 ferme
358 554 602 596 sententiam,
626 553 664 588 in
684 565 798 601 quam
817 553 917 588 inter
942 563 1083 602 paucos
1103 557 1223 587 certa-

108 625 190 655 tum
210 619 332 654 verbis
353 618 488 654 fuerat.
532 617 585 653 Et
605 629 721 666 quum
740 616 981 659 Volumnius,
1003 628 1136 652 caussa
1162 627 1221 651 su-

108 684 247 734 perior,
269 695 317 718 ne
336 682 560 718 infacundus
582 682 733 731 quidem
753 681 928 717 adversus
950 681 1126 717 eximiam
1146 679 1224 716 elo-

109 748 302 795 quentiam
324 745 480 794 collegae
507 746 607 781 visus
634 751 756 790 esset,
789 744 1043 793 cavillansque
1062 745 1223 794 Appius,

105 811 171 847 sibi
199 816 383 858 acceptum
410 809 559 859 referre,
589 810 746 851 diceret,
777 809 913 851 debere,
935 810 1030 857 quod
1058 821 1100 845 ex
1127 812 1227 844 muto

107 880 214 924 atque
233 876 365 923 elingui
372 874 581 923 facundum
605 875 716 909 etiam
735 874 911 909 consulem
930 873 1098 909 haberent
1111 889 1122 909 .·
1145 873 1226 921 pri-

107 952 166 976 ore
184 940 382 982 consulatu,
400 940 529 988 primis
555 941 678 987 utique
702 938 888 981 mensibus,
911 938 1042 974 hiscere
1066 950 1147 974 eum
1164 949 1225 973 ne-

107 1005 232 1053 quisse,
262 1016 355 1039 nunc
377 1002 458 1050 jam
491 1003 687 1051 populares
716 1003 895 1038 orationes
925 1014 1052 1038 serere.
1108 1002 1225 1043 Quam

108 1070 268 1111 mallem,
299 1068 422 1117 inquit
450 1067 692 1109 Volumnius,
714 1072 753 1103 tu
782 1080 806 1103 a
835 1079 892 1103 me
918 1072 1060 1104 strenue
1080 1066 1224 1116 facere,

104 1146 217 1182 quam
236 1145 299 1180 ego
317 1132 378 1168 abs
398 1137 431 1167 te
454 1133 540 1167 scite
559 1132 656 1180 loqui
682 1132 894 1168 didicissem.
935 1133 1121 1168 Postremo
1143 1142 1226 1167 con-

108 1199 278 1234 ditionem
295 1196 414 1244 ferre,
435 1208 512 1244 quae
539 1197 727 1232 decretura
754 1199 813 1239 sit,
839 1209 911 1232 non
939 1201 1075 1239 orator,
1100 1197 1228 1244 (neque

109 1264 205 1299 euim
234 1262 271 1297 id
299 1261 500 1296 desiderare
528 1260 799 1308 rempublicam)
831 1260 893 1297 sed
925 1262 1121 1309 imperator
1149 1264 1230 1296 uter

107 1329 155 1363 sit
188 1327 338 1362 melior:
371 1326 562 1361 Etruriam
598 1330 633 1360 et
669 1326 860 1361 Samnium
892 1327 1097 1374 provincias
1131 1336 1227 1361 esse:

108 1395 230 1426 utram
249 1390 386 1431 mallet,
408 1389 579 1436 eligeret:
609 1401 672 1424 suo
692 1391 845 1425 exercitu
865 1401 901 1425 se
918 1391 976 1426 vel
1001 1392 1038 1425 in
1059 1389 1225 1430 Etruria,

108 1456 163 1492 vel
188 1457 224 1491 in
254 1454 403 1490 Samnio
431 1466 508 1489 rem
533 1459 729 1500 gesturum.
766 1454 864 1490 Tum
894 1455 1057 1490 militum
1083 1453 1225 1489 clamor

109 1525 227 1562 ortus,
259 1524 300 1554 ut
329 1519 435 1554 simul
466 1518 568 1553 ambo
597 1519 727 1554 bellum
762 1520 954 1555 Etruscum
984 1520 1200 1567 susciperent
1213 1533 1224 1553 .-

109 1596 184 1633 quo
204 1582 464 1620 animadverso
495 1595 696 1625 consensu,
718 1582 960 1627 Volumnius,
985 1585 1165 1625 Quoniam
1190 1584 1227 1618 in

109 1649 252 1695 collegae
283 1648 466 1682 voluntate
496 1648 782 1694 interpretanda,
814 1648 952 1696 inquit,
985 1649 1125 1691 erravi5
1155 1659 1226 1682 non

107 1715 342 1755 committam,
363 1717 417 1754 ut,
436 1713 523 1759 quid
536 1724 596 1747 vos
614 1713 742 1754 velitis,
763 1712 947 1748 obscurum
965 1714 1037 1748 sit:
1065 1723 1222 1754 manere,

109 1790 156 1813 (ιη
188 1778 285 1813 abire
320 1788 375 1811 me
406 1777 533 1817 velitis,
571 1777 727 1812 clamore
756 1778 964 1826 significate.
1006 1776 1107 1812 Tum
1135 1787 1225 1812 vero

109 1848 237 1878 tantus
257 1847 314 1876 est
340 1839 482 1875 clamor
502 1847 669 1883 exortus,
691 1847 734 1876 ut
759 1841 889 1877 hostes
918 1854 938 1877 e
965 1841 1096 1877 castris
1124 1840 1225 1876 exciv-

107 1914 186 1943 ret:
219 1906 330 1942 armis
361 1905 524 1954 adreptis
561 1906 601 1940 in
637 1906 756 1941 aciem
786 1906 1042 1942 descendunt:
1076 1912 1114 1941 et
1143 1905 1225 1941 Vo-

104 1970 268 2007 lumnius
290 1969 397 2016 signa
416 1980 564 2010 canere,
585 1981 628 2004 ac
648 1969 784 2005 vexilla
804 1970 925 2006 efferri
946 1970 1117 2006 &castris
1138 1967 1224 2020 jus—

105 2035 165 2071 sit.
194 2032 360 2082 Appium
377 2031 616 2068 addubitasse
629 2031 770 2075 ferunt,
788 2041 1020 2077 cernentem,
1043 2045 1108 2068 seu
1128 2045 1225 2083 pug-

104 2104 233 2140 nante,
255 2109 319 2132 seu
335 2096 464 2144 quieto
484 2108 537 2138 se,
555 2095 637 2131 fore
657 2096 813 2145 collegae
833 2098 1032 2133 victoriam
1049 2113 1055 2132 t
1090 2096 1227 2132 deinde

103 2163 277 2205 veritum,
296 2174 344 2197 ne
364 2173 439 2196 suae
460 2173 611 2210 quoque
631 2161 799 2210 legiones
823 2162 1069 2198 Volumnium
1089 2174 1225 2210 seque-

104 2233 246 2270 rentur,
275 2233 313 2261 et
341 2226 463 2276 ipsum
485 2225 746 2274 flagitantibus
780 2228 855 2262 suis
885 2228 1035 2275 signum
1063 2226 1220 2270 dedisse

105 2291 166 2328 Ab
194 2297 329 2327 neutra
357 2298 464 2340 parte
493 2291 584 2326 satis
617 2291 816 2327 commode
846 2291 1021 2327 instructi
1042 2285 1347 2327 fue1·unt.·Pugn=
1360 2295 1438 2319 Cum

106 2367 195 2392 nam
214 2361 252 2391 et
273 2356 500 2392 Samnitium
519 2355 594 2392 dux
617 2355 763 2392 Gellius
785 2355 972 2406 Egnatius
1000 2354 1221 2406 pabulatum
1232 2330 1437 2406 {tassgguigus

623 2419 696 2456 F2
