1527 2661
202 268 247 343 ξ’
259 270 295 345 g
314 278 388 347 52>ss
401 275 705 312 commendaret:
737 289 852 325 quum
883 277 1025 327 Scipio,
1055 277 1147 314 nihil
1174 277 1340 327 profecto
1369 279 1490 330 defuit«

213 1237 339 1276 Sponsa

214 1279 336 1310 Allucii

214 1322 332 1362 pudice

211 1371 346 1397 servata.

222 1818 332 1849 Oratio
346 1816 385 1845 ad

225 1870 304 1891 eum
320 1860 388 1890 Sei-

225 1913 339 1944 p10n1s.

386 403 565 452 facimus,
587 405 710 453 inquit
725 421 732 441 ε
766 407 852 454 quid
866 408 958 442 enim
978 406 1235 456 hziicfortunoe
1248 420 1322 445 non
1334 410 1422 445 satis
1435 414 1498 452 est¹

402 1172 516 1223 juges
537 1187 581 1210 ac
601 1181 755 1218 matres,
769 1174 899 1225 jussit.
1510 1183 1512 1214 ὲ

397 178 482 223 570
864 184 908 212 T.
932 184 1065 213 leu

399 351 494 382 rum,
522 339 687 386 ‹liceret3
720 345 799 376 tum
823 354 949 376 rursus
980 341 1128 384 mulier,
1159 343 1273 379 Haud
1299 346 1423 392 magni
1447 346 1491 381 ist

398 469 487 504 Alia
506 481 562 505 nze
581 482 680 512 cura,
695 475 834 506 aetatem
853 471 981 506 harum
999 473 1209 515 intuentem,
1229 475 1332 519 (nam
1350 475 1429 521 ipsa
1437 471 1493 519 jon

398 537 502 569 extra
514 535 717 581 periculum
730 534 869 581 injuriae
883 537 1064 572 muliebris
1074 537 1169 582 sum)
1183 537 1359 572 stimulat.
1385 533 1495 572 AEtat

402 602 442 631 et
460 595 583 632 forma
601 597 778 635 fiorentes
800 601 900 636 circa
919 608 1027 637 erant
1046 601 1221 638 Indibilis
1241 601 1342 644 filiae,
1364 594 1501 651 aliaequ'

402 658 605 696 nobilitate
634 663 729 711 pari,
751 676 833 712 quae
863 677 994 700 omnes
1024 678 1106 701 eam
1135 678 1205 715 pro
1233 670 1391 715 parente
1420 664 1497 702 cole

401 723 508 761 bant.
554 725 654 762 Tum
674 727 816 777 Scipio,
830 729 925 766 Meoe
939 732 1138 778 populique
1157 730 1314 766 Romani
1329 730 1496 778 disciplin

403 800 527 825 caussa
535 789 715 838 facerem,
736 792 873 840 inquit,
894 806 937 829 ne
956 795 1054 842 quicl,
1075 795 1171 843 quod
1187 798 1351 830 sanctum
1375 806 1499 842 usqum

402 858 502 897 esset,
523 856 623 903 apud
650 869 713 892 nos
740 858 962 894 violaretur:
993 870 1100 900 nunc,
1122 863 1162 894 ut
1192 859 1229 894 id
1257 869 1376 894 curem
1403 859 1501 905 inper.

403 918 488 959 sius,
510 924 627 954 vestra
647 932 785 967 quoque
803 923 918 956 virtus
937 923 1164 970 dignitasque
1178 920 1281 970 facit
1293 937 1305 957 .·
1334 933 1411 969 quae
1428 932 1474 957 ne
1491 923 1502 957 z·

404 983 512 1017 malis
530 985 673 1028 quidem
693 983 811 1018 oblitce
830 984 966 1017 decoris
984 987 1201 1018 matronalis
1219 987 1313 1019 estis.
1371 985 1503 1033 Specta

405 1050 454 1081 tae
470 1045 603 1080 deinde
623 1046 855 1094 integritatis
872 1047 953 1082 viro
969 1047 1125 1082 tradidit
1141 1059 1217 1089 eas,
1231 1047 1405 1094 tuerique
1424 1048 1510 1096 hau¹

406 1121 513 1145 secus
543 1111 754 1146 verecunde
783 1124 827 1147 ac
856 1111 1040 1154 modeste,
1071 1123 1184 1160 quam
1212 1111 1409 1161 hospitum
1437 1124 1506 1148 con

465 1237 512 1274 L.
545 1239 707 1288 Captiva
725 1239 860 1275 deinde
890 1253 911 1276 a
940 1240 1123 1276 militibus
1153 1240 1352 1277 adducitur
1379 1240 1426 1277 ad
1445 1253 1507 1278 eur

412 1302 539 1339 adulta
566 1304 687 1352 virgo,
709 1304 804 1342 adeo
830 1306 968 1341 eximia
987 1305 1124 1348 forma,
1145 1311 1189 1341 ut
1206 1318 1444 1354 quacumque
1469 1306 1514 1343 in&

411 1366 583 1410 cedebat,
616 1376 854 1405 converteret
883 1370 1053 1406 omnium
1083 1369 1227 1406 oculos.
1274 1370 1416 1419 Scipio,
1447 1383 1510 1419 per

412 1437 611 1467 cunctatus
632 1434 792 1482 patriam
816 1440 1081 1484 parentesque,
1103 1434 1202 1469 inter
1221 1439 1346 1469 cetera
1371 1434 1511 1482 accepit

412 1495 642 1545 desponsam
671 1511 753 1533 eam
782 1499 943 1548 principi
969 1497 1247 1534 Celtiberorum
1275 1496 1506 1533 adolescenti

412 1559 565 1595 Allucio
602 1573 744 1598 nomen
781 1569 873 1599 erat.
929 1561 1135 1610 Extemplo
1165 1561 1280 1609 igitur
1308 1561 1510 1610 parentibu

416 1635 633 1673 sponsoque
666 1625 713 1660 ab
742 1626 856 1661 domo
884 1625 1032 1666 adcitis,
1054 1637 1168 1672 quum
1196 1623 1347 1659 interim
1374 1624 1514 1660 audiret

417 1688 586 1737 deperire
606 1702 691 1725 eum
718 1703 867 1740 sponsae
893 1701 1036 1732 amore,
1059 1688 1122 1723 ubi
1149 1688 1312 1737 primum
1331 1688 1448 1731 venit,
1469 1688 1515 1724 ad

419 1753 608 1789 curatiore
635 1766 720 1789 eum
747 1766 935 1797 sermone,
958 1766 1070 1802 quam
1098 1758 1287 1801 parentes,
1309 1751 1516 1800 adloquitm

418 1817 579 1860 chvenis,
610 1818 747 1867 inquit,
766 1818 933 1864 juvenem
961 1818 1122 1866 adpello,
1144 1829 1211 1864 quo
1239 1818 1357 1852 ‘minor
1381 1818 1429 1851 sit
1447 1817 1516 1852 inte

419 1894 483 1918 nos
501 1882 604 1928 hujus
620 1886 790 1919 sermonis
813 1884 1037 1919 verecundia.
1085 1882 1179 1929 Ego,
1200 1893 1307 1928 quum
1326 1892 1455 1928 sponsa
1475 1870 1523 1916 tu>

421 1952 529 1995 capta
548 1960 571 1983 α
589 1948 760 1983 militibus
775 1949 902 1983 nostris
917 1949 965 1983 ad
984 1959 1039 1982 nze
1054 1947 1163 1982 ducta
1183 1950 1281 1987 esset,
1298 1938 1524 1991 audiremque*

421 2023 500 2047 eam
527 2012 589 2047 tibi
609 2013 709 2047 cordi
730 2024 812 2053 esse,
833 2016 869 2047 et
886 2011 1016 2060 forma
1035 2009 1180 2059 faceret
1197 2010 1326 2058 fidem,
1348 2010 1435 2056 quia
1453 2009 1519 2056 ipse

421 2077 451 2111 si
465 2073 553 2123 frui
573 2076 692 2111 liceret
711 2077 796 2112 ludo
822 2078 951 2117 oetutis,
975 2076 1190 2122 (praesertim
1217 2079 1313 2109 recto
1331 2078 1366 2108 et
1385 2074 1517 2120 legitim

423 2139 560 2183 amore)
583 2144 617 2174 et
636 2152 705 2175 non
734 2141 933 2187 respublica
959 2141 1305 2175 animmn.nostrum
1323 2144 1521 2184 occupasset

423 2205 562 2238 veniam
591 2204 678 2239 mihi
706 2205 788 2239 dari
823 2216 986 2252 sponsam
1017 2204 1193 2250 inpensius
1222 2203 1361 2237 amanti
1387 2201 1527 2235 vellem

425 2272 499 2310 έιιο,
520 2267 618 2314 cujus
634 2281 790 2316 possum,
811 2271 927 2305 amori
935 2268 1060 2318 faveo.
1108 2267 1192 2303 Fuit
1208 2278 1336 2314 sponsa
1361 2270 1424 2301 tua
1443 2276 1523 2311 apw

428 2343 483 2368 me
503 2334 641 2376 eadem,
662 2347 733 2383 qua
754 2335 852 2383 apud
872 2345 1006 2371 soceros
1026 2338 1103 2370 tuos
1114 2335 1351 2383 parentesque
1367 2340 1460 2372 suos,
1480 2340 1525 2365 ve
