<?xml version="1.0" encoding="UTF-8"?>
<!DOCTYPE html PUBLIC "-//W3C//DTD XHTML 1.0 Transitional//EN"
    "http://www.w3.org/TR/xhtml1/DTD/xhtml1-transitional.dtd">
<html xmlns="http://www.w3.org/1999/xhtml" xml:lang="en" lang="en">
 <head>
  <title>
</title>
<meta http-equiv="Content-Type" content="text/html;charset=utf-8" />
  <meta name='ocr-system' content='tesseract 3.04.00' />
  <meta name='ocr-capabilities' content='ocr_page ocr_carea ocr_par ocr_line ocrx_word'/>
</head>
<body>
  <div class='ocr_page' id='page_1' title='image "./historiarumquaes02livyuoft/historiarumquaes02livyuoft_0200.png"; bbox 0 0 1527 2661; ppageno 0'>
   <div class='ocr_carea' id='block_1_1' title="bbox 313 216 963 253">
    <p class='ocr_par' dir='ltr' id='par_1_1' title="bbox 313 216 963 253">
     <span class='ocr_line' id='line_1_1' title="bbox 313 216 963 253; baseline 0 -9"><span class='ocrx_word' id='word_1_1' title='bbox 313 216 392 253; x_wconf 82' lang='lat'>190</span> <span class='ocrx_word' id='word_1_2' title='bbox 761 217 805 244; x_wconf 88' lang='grc' dir='ltr'>Τ.</span> <span class='ocrx_word' id='word_1_3' title='bbox 832 217 963 245; x_wconf 75' lang='lat' dir='ltr'>mvn</span> 
     </span>
    </p>
   </div>
   <div class='ocr_carea' id='block_1_2' title="bbox 116 304 1407 379">
    <p class='ocr_par' dir='ltr' id='par_1_2' title="bbox 116 304 1407 379">
     <span class='ocr_line' id='line_1_2' title="bbox 116 304 1407 378; baseline 0.005 -45"><span class='ocrx_word' id='word_1_4' title='bbox 116 305 502 378; x_wconf 53' lang='lat' dir='ltr'>H‘g‘⁵³{&#39;r¹¹ptaeque</span> <span class='ocrx_word' id='word_1_5' title='bbox 530 304 716 352; x_wconf 84' lang='lat' dir='ltr'>utrimque</span> <span class='ocrx_word' id='word_1_6' title='bbox 748 305 930 352; x_wconf 74' lang='lat' dir='ltr'>angustiae</span> <span class='ocrx_word' id='word_1_7' title='bbox 963 310 1100 346; x_wconf 84' lang='lat' dir='ltr'><strong>essent,</strong></span> <span class='ocrx_word' id='word_1_8' title='bbox 1131 305 1169 339; x_wconf 88' lang='lat' dir='ltr'>in</span> <span class='ocrx_word' id='word_1_9' title='bbox 1198 304 1407 340; x_wconf 86' lang='lat' dir='ltr'>inmensum</span> 
     </span>
     <span class='ocr_line' id='line_1_3' title="bbox 150 355 297 379; baseline 0 -2"><span class='ocrx_word' id='word_1_10' title='bbox 150 369 158 377; x_wconf 87' lang='lat'><strong>.</strong></span> <span class='ocrx_word' id='word_1_11' title='bbox 200 355 260 379; x_wconf 69' lang='grc' dir='ltr'>,αι</span> <span class='ocrx_word' id='word_1_12' title='bbox 290 370 297 377; x_wconf 97' lang='grc'><em>.</em></span> 
     </span>
    </p>
   </div>
   <div class='ocr_carea' id='block_1_3' title="bbox 300 367 1417 2386">
    <p class='ocr_par' dir='ltr' id='par_1_3' title="bbox 300 367 1417 2386">
     <span class='ocr_line' id='line_1_4' title="bbox 310 367 1406 417; baseline -0.001 -13"><span class='ocrx_word' id='word_1_13' title='bbox 310 367 517 404; x_wconf 83' lang='lat' dir='ltr'>altitudinis</span> <span class='ocrx_word' id='word_1_14' title='bbox 538 367 694 417; x_wconf 88' lang='lat' dir='ltr'>dejecit;</span> <span class='ocrx_word' id='word_1_15' title='bbox 727 368 907 416; x_wconf 86' lang='lat' dir='ltr'>quosdam</span> <span class='ocrx_word' id='word_1_16' title='bbox 930 374 968 403; x_wconf 88' lang='lat' dir='ltr'>et</span> <span class='ocrx_word' id='word_1_17' title='bbox 987 374 1150 403; x_wconf 84' lang='lat' dir='ltr'>armatos</span> <span class='ocrx_word' id='word_1_18' title='bbox 1167 381 1174 401; x_wconf 79' lang='lat'>2</span> <span class='ocrx_word' id='word_1_19' title='bbox 1207 367 1271 402; x_wconf 87' lang='lat' dir='ltr'>sed</span> <span class='ocrx_word' id='word_1_20' title='bbox 1289 367 1406 403; x_wconf 86' lang='lat' dir='ltr'>ruinae</span> 
     </span>
     <span class='ocr_line' id='line_1_5' title="bbox 308 430 1408 480; baseline -0.001 -13"><span class='ocrx_word' id='word_1_21' title='bbox 308 432 481 467; x_wconf 86' lang='lat' dir='ltr'>maximae</span> <span class='ocrx_word' id='word_1_22' title='bbox 511 432 624 467; x_wconf 91' lang='lat' dir='ltr'>modo</span> <span class='ocrx_word' id='word_1_23' title='bbox 646 430 822 480; x_wconf 85' lang='lat' dir='ltr'>jumenta</span> <span class='ocrx_word' id='word_1_24' title='bbox 850 444 935 466; x_wconf 84' lang='lat' dir='ltr'>curn</span> <span class='ocrx_word' id='word_1_25' title='bbox 964 431 1141 466; x_wconf 89' lang='lat' dir='ltr'>oneribus</span> <span class='ocrx_word' id='word_1_26' title='bbox 1161 430 1408 466; x_wconf 86' lang='lat' dir='ltr'>devolveban-</span> 
     </span>
     <span class='ocr_line' id='line_1_6' title="bbox 308 492 1408 542; baseline -0.001 -13"><span class='ocrx_word' id='word_1_27' title='bbox 308 501 381 531; x_wconf 85' lang='lat' dir='ltr'>tur.</span> <span class='ocrx_word' id='word_1_28' title='bbox 437 494 532 532; x_wconf 88' lang='lat' dir='ltr'>Quae</span> <span class='ocrx_word' id='word_1_29' title='bbox 561 506 786 542; x_wconf 91' lang='lat' dir='ltr'>quamquam</span> <span class='ocrx_word' id='word_1_30' title='bbox 816 492 917 528; x_wconf 84' lang='lat' dir='ltr'>foeda</span> <span class='ocrx_word' id='word_1_31' title='bbox 945 493 1026 528; x_wconf 88' lang='lat' dir='ltr'>visu</span> <span class='ocrx_word' id='word_1_32' title='bbox 1055 499 1175 535; x_wconf 89' lang='lat' dir='ltr'>erant,</span> <span class='ocrx_word' id='word_1_33' title='bbox 1205 494 1311 528; x_wconf 85' lang='lat' dir='ltr'>stetit</span> <span class='ocrx_word' id='word_1_34' title='bbox 1342 505 1408 542; x_wconf 88' lang='lat' dir='ltr'>pa-</span> 
     </span>
     <span class='ocr_line' id='line_1_7' title="bbox 308 554 1409 606; baseline 0 -15"><span class='ocrx_word' id='word_1_35' title='bbox 308 568 458 606; x_wconf 89' lang='lat' dir='ltr'>rumper</span> <span class='ocrx_word' id='word_1_36' title='bbox 486 562 614 591; x_wconf 86' lang='lat' dir='ltr'>tamen</span> <span class='ocrx_word' id='word_1_37' title='bbox 633 554 842 597; x_wconf 88' lang='lat' dir='ltr'>Hannibal,</span> <span class='ocrx_word' id='word_1_38' title='bbox 863 567 905 590; x_wconf 90' lang='lat' dir='ltr'>ac</span> <span class='ocrx_word' id='word_1_39' title='bbox 934 566 1021 590; x_wconf 85' lang='lat' dir='ltr'>suos</span> <span class='ocrx_word' id='word_1_40' title='bbox 1051 556 1252 597; x_wconf 80' lang='lat' dir='ltr'>continuit,</span> <span class='ocrx_word' id='word_1_41' title='bbox 1273 568 1320 591; x_wconf 89' lang='lat' dir='ltr'>ne</span> <span class='ocrx_word' id='word_1_42' title='bbox 1347 563 1409 591; x_wconf 92' lang='lat' dir='ltr'>tu-</span> 
     </span>
     <span class='ocr_line' id='line_1_8' title="bbox 307 609 1410 668; baseline 0.001 -14"><span class='ocrx_word' id='word_1_43' title='bbox 307 609 467 655; x_wconf 81' lang='lat' dir='ltr'>multum</span> <span class='ocrx_word' id='word_1_44' title='bbox 485 632 528 654; x_wconf 89' lang='lat' dir='ltr'>ac</span> <span class='ocrx_word' id='word_1_45' title='bbox 546 619 834 668; x_wconf 84' lang='lat' dir='ltr'>trepidationem</span> <span class='ocrx_word' id='word_1_46' title='bbox 852 624 1006 666; x_wconf 88' lang='lat' dir='ltr'>augeret</span> <span class='ocrx_word' id='word_1_47' title='bbox 1021 633 1028 653; x_wconf 80' lang='grc' dir='ltr'>ε</span> <span class='ocrx_word' id='word_1_48' title='bbox 1061 618 1194 654; x_wconf 85' lang='lat' dir='ltr'>deinde</span> <span class='ocrx_word' id='word_1_49' title='bbox 1209 625 1410 668; x_wconf 88' lang='lat' dir='ltr'>postquam</span> 
     </span>
     <span class='ocr_line' id='line_1_9' title="bbox 308 681 1410 731; baseline 0.001 -14"><span class='ocrx_word' id='word_1_50' title='bbox 308 683 530 731; x_wconf 85' lang='lat' dir='ltr'>interrumpi</span> <span class='ocrx_word' id='word_1_51' title='bbox 551 694 685 730; x_wconf 86' lang='lat' dir='ltr'>agmen</span> <span class='ocrx_word' id='word_1_52' title='bbox 703 682 809 723; x_wconf 88' lang='lat' dir='ltr'>vidit,</span> <span class='ocrx_word' id='word_1_53' title='bbox 831 681 1111 731; x_wconf 88' lang='lat' dir='ltr'>periculumque</span> <span class='ocrx_word' id='word_1_54' title='bbox 1139 694 1232 724; x_wconf 90' lang='lat' dir='ltr'>esse,</span> <span class='ocrx_word' id='word_1_55' title='bbox 1253 695 1301 718; x_wconf 88' lang='lat' dir='ltr'>ne</span> <span class='ocrx_word' id='word_1_56' title='bbox 1320 695 1410 718; x_wconf 81' lang='lat' dir='ltr'>exu-</span> 
     </span>
     <span class='ocr_line' id='line_1_10' title="bbox 309 744 1411 795; baseline 0 -14"><span class='ocrx_word' id='word_1_57' title='bbox 309 752 390 781; x_wconf 89' lang='lat' dir='ltr'>tum</span> <span class='ocrx_word' id='word_1_58' title='bbox 408 745 673 795; x_wconf 81' lang='lat' dir='ltr'>inpedimentis</span> <span class='ocrx_word' id='word_1_59' title='bbox 689 745 894 780; x_wconf 87' lang='lat' dir='ltr'>exercitum</span> <span class='ocrx_word' id='word_1_60' title='bbox 914 745 1165 793; x_wconf 83' lang='lat' dir='ltr'>nequidquam</span> <span class='ocrx_word' id='word_1_61' title='bbox 1184 744 1411 781; x_wconf 82' lang='lat' dir='ltr'>incolumem</span> 
     </span>
     <span class='ocr_line' id='line_1_11' title="bbox 308 809 1410 859; baseline -0.001 -13"><span class='ocrx_word' id='word_1_62' title='bbox 308 811 550 852; x_wconf 85' lang='lat' dir='ltr'>traduxisset,</span> <span class='ocrx_word' id='word_1_63' title='bbox 580 809 742 845; x_wconf 87' lang='lat' dir='ltr'>decurrit</span> <span class='ocrx_word' id='word_1_64' title='bbox 776 822 822 844; x_wconf 86' lang='lat' dir='ltr'>ex</span> <span class='ocrx_word' id='word_1_65' title='bbox 854 810 1045 859; x_wconf 89' lang='lat' dir='ltr'>superiore</span> <span class='ocrx_word' id='word_1_66' title='bbox 1074 809 1182 854; x_wconf 80' lang='lat' dir='ltr'>loco3</span> <span class='ocrx_word' id='word_1_67' title='bbox 1215 816 1266 851; x_wconf 88' lang='lat' dir='ltr'>et,</span> <span class='ocrx_word' id='word_1_68' title='bbox 1296 822 1410 857; x_wconf 91' lang='lat' dir='ltr'>quum</span> 
     </span>
     <span class='ocr_line' id='line_1_12' title="bbox 310 872 1410 923; baseline -0.001 -14"><span class='ocrx_word' id='word_1_69' title='bbox 310 875 439 923; x_wconf 87' lang='lat' dir='ltr'>inpetu</span> <span class='ocrx_word' id='word_1_70' title='bbox 458 874 539 923; x_wconf 91' lang='lat' dir='ltr'>ipso</span> <span class='ocrx_word' id='word_1_71' title='bbox 558 873 716 908; x_wconf 87' lang='lat' dir='ltr'>fudisset</span> <span class='ocrx_word' id='word_1_72' title='bbox 744 873 905 914; x_wconf 89' lang='lat' dir='ltr'>hostem,</span> <span class='ocrx_word' id='word_1_73' title='bbox 935 873 1010 908; x_wconf 85' lang='lat' dir='ltr'>suis</span> <span class='ocrx_word' id='word_1_74' title='bbox 1032 885 1180 921; x_wconf 91' lang='lat' dir='ltr'>quoque</span> <span class='ocrx_word' id='word_1_75' title='bbox 1208 872 1410 908; x_wconf 88' lang='lat' dir='ltr'>tumultum</span> 
     </span>
     <span class='ocr_line' id='line_1_13' title="bbox 309 936 1410 986; baseline -0.002 -13"><span class='ocrx_word' id='word_1_76' title='bbox 309 938 436 974; x_wconf 83' lang='lat' dir='ltr'>auxit:</span> <span class='ocrx_word' id='word_1_77' title='bbox 470 937 533 972; x_wconf 89' lang='lat' dir='ltr'>sed</span> <span class='ocrx_word' id='word_1_78' title='bbox 548 937 577 972; x_wconf 87' lang='lat' dir='ltr'>is</span> <span class='ocrx_word' id='word_1_79' title='bbox 594 936 774 971; x_wconf 86' lang='lat' dir='ltr'>tumultus</span> <span class='ocrx_word' id='word_1_80' title='bbox 793 943 986 972; x_wconf 90' lang='lat' dir='ltr'>momento</span> <span class='ocrx_word' id='word_1_81' title='bbox 1000 936 1193 986; x_wconf 87' lang='lat' dir='ltr'>temporis,</span> <span class='ocrx_word' id='word_1_82' title='bbox 1210 942 1410 985; x_wconf 88' lang='lat' dir='ltr'>postquam</span> 
     </span>
     <span class='ocr_line' id='line_1_14' title="bbox 308 999 1407 1048; baseline -0.002 -12"><span class='ocrx_word' id='word_1_83' title='bbox 308 1001 468 1037; x_wconf 84' lang='lat' dir='ltr'>liberata</span> <span class='ocrx_word' id='word_1_84' title='bbox 505 1001 641 1036; x_wconf 83' lang='lat' dir='ltr'>itinera</span> <span class='ocrx_word' id='word_1_85' title='bbox 668 1000 759 1048; x_wconf 82' lang='lat' dir='ltr'>fuga</span> <span class='ocrx_word' id='word_1_86' title='bbox 788 1007 1056 1036; x_wconf 84' lang='lat' dir='ltr'>montanorum</span> <span class='ocrx_word' id='word_1_87' title='bbox 1085 1006 1204 1042; x_wconf 86' lang='lat' dir='ltr'>erant,</span> <span class='ocrx_word' id='word_1_88' title='bbox 1235 999 1407 1035; x_wconf 87' lang='lat' dir='ltr'>sedatur:</span> 
     </span>
     <span class='ocr_line' id='line_1_15' title="bbox 308 1064 1410 1114; baseline -0.002 -14"><span class='ocrx_word' id='word_1_89' title='bbox 308 1077 379 1100; x_wconf 91' lang='lat' dir='ltr'>nec</span> <span class='ocrx_word' id='word_1_90' title='bbox 398 1077 464 1114; x_wconf 90' lang='lat' dir='ltr'>per</span> <span class='ocrx_word' id='word_1_91' title='bbox 484 1064 603 1099; x_wconf 89' lang='lat' dir='ltr'>otium</span> <span class='ocrx_word' id='word_1_92' title='bbox 619 1064 746 1106; x_wconf 87' lang='lat' dir='ltr'>modo,</span> <span class='ocrx_word' id='word_1_93' title='bbox 768 1064 832 1099; x_wconf 91' lang='lat' dir='ltr'>sed</span> <span class='ocrx_word' id='word_1_94' title='bbox 851 1077 968 1114; x_wconf 86' lang='lat' dir='ltr'>prope</span> <span class='ocrx_word' id='word_1_95' title='bbox 988 1064 1156 1107; x_wconf 87' lang='lat' dir='ltr'>silentio,</span> <span class='ocrx_word' id='word_1_96' title='bbox 1173 1076 1261 1099; x_wconf 88' lang='lat' dir='ltr'>mox</span> <span class='ocrx_word' id='word_1_97' title='bbox 1280 1075 1410 1099; x_wconf 87' lang='lat' dir='ltr'>omnes</span> 
     </span>
     <span class='ocr_line' id='line_1_16' title="bbox 309 1125 1411 1176; baseline -0.002 -13"><span class='ocrx_word' id='word_1_98' title='bbox 309 1127 482 1163; x_wconf 88' lang='lat' dir='ltr'>traducti.</span> <span class='ocrx_word' id='word_1_99' title='bbox 540 1125 746 1162; x_wconf 89' lang='lat' dir='ltr'>Castellum</span> <span class='ocrx_word' id='word_1_100' title='bbox 765 1126 864 1169; x_wconf 88' lang='lat' dir='ltr'>inde,</span> <span class='ocrx_word' id='word_1_101' title='bbox 887 1127 987 1175; x_wconf 90' lang='lat' dir='ltr'>quod</span> <span class='ocrx_word' id='word_1_102' title='bbox 1016 1134 1129 1176; x_wconf 89' lang='lat' dir='ltr'>caput</span> <span class='ocrx_word' id='word_1_103' title='bbox 1147 1125 1226 1176; x_wconf 89' lang='lat' dir='ltr'>ejus</span> <span class='ocrx_word' id='word_1_104' title='bbox 1246 1126 1411 1174; x_wconf 87' lang='lat' dir='ltr'>regionis</span> 
     </span>
     <span class='ocr_line' id='line_1_17' title="bbox 311 1190 1412 1241; baseline -0.002 -14"><span class='ocrx_word' id='word_1_105' title='bbox 311 1197 404 1234; x_wconf 88' lang='lat' dir='ltr'>erat,</span> <span class='ocrx_word' id='word_1_106' title='bbox 431 1190 647 1238; x_wconf 86' lang='lat' dir='ltr'>viculosque</span> <span class='ocrx_word' id='word_1_107' title='bbox 676 1190 938 1240; x_wconf 88' lang='lat' dir='ltr'>circumjectos</span> <span class='ocrx_word' id='word_1_108' title='bbox 968 1191 1083 1241; x_wconf 87' lang='lat' dir='ltr'>capit,</span> <span class='ocrx_word' id='word_1_109' title='bbox 1113 1196 1151 1226; x_wconf 90' lang='lat' dir='ltr'>et</span> <span class='ocrx_word' id='word_1_110' title='bbox 1179 1190 1412 1239; x_wconf 87' lang='lat' dir='ltr'>captivorum</span> 
     </span>
     <span class='ocr_line' id='line_1_18' title="bbox 310 1255 1412 1306; baseline -0.002 -15"><span class='ocrx_word' id='word_1_111' title='bbox 310 1255 509 1306; x_wconf 91' lang='lat' dir='ltr'>pecoribus</span> <span class='ocrx_word' id='word_1_112' title='bbox 530 1267 596 1304; x_wconf 92' lang='lat' dir='ltr'>per</span> <span class='ocrx_word' id='word_1_113' title='bbox 615 1255 779 1290; x_wconf 87' lang='lat' dir='ltr'>triduum</span> <span class='ocrx_word' id='word_1_114' title='bbox 800 1256 1005 1291; x_wconf 79' lang='lat' dir='ltr'>exercitum</span> <span class='ocrx_word' id='word_1_115' title='bbox 1025 1255 1139 1291; x_wconf 80' lang='lat' dir='ltr'>aluit:</span> <span class='ocrx_word' id='word_1_116' title='bbox 1172 1262 1210 1291; x_wconf 86' lang='lat' dir='ltr'>et</span> <span class='ocrx_word' id='word_1_117' title='bbox 1228 1255 1316 1303; x_wconf 88' lang='lat' dir='ltr'>quia</span> <span class='ocrx_word' id='word_1_118' title='bbox 1342 1267 1412 1290; x_wconf 89' lang='lat' dir='ltr'>nec</span> 
     </span>
     <span class='ocr_line' id='line_1_19' title="bbox 310 1317 1411 1368; baseline -0.002 -13"><span class='ocrx_word' id='word_1_119' title='bbox 310 1320 499 1356; x_wconf 89' lang='lat' dir='ltr'>montanis</span> <span class='ocrx_word' id='word_1_120' title='bbox 530 1319 651 1368; x_wconf 87' lang='lat' dir='ltr'>primo</span> <span class='ocrx_word' id='word_1_121' title='bbox 680 1318 872 1367; x_wconf 82' lang='lat' dir='ltr'>perculsis,</span> <span class='ocrx_word' id='word_1_122' title='bbox 894 1331 962 1354; x_wconf 89' lang='lat' dir='ltr'>nec</span> <span class='ocrx_word' id='word_1_123' title='bbox 982 1318 1068 1354; x_wconf 89' lang='lat' dir='ltr'>loco</span> <span class='ocrx_word' id='word_1_124' title='bbox 1097 1329 1325 1367; x_wconf 85' lang='lat' dir='ltr'>magnopere</span> <span class='ocrx_word' id='word_1_125' title='bbox 1352 1317 1411 1353; x_wconf 88' lang='lat' dir='ltr'>in-</span> 
     </span>
     <span class='ocr_line' id='line_1_20' title="bbox 309 1381 1314 1435; baseline -0.002 -15"><span class='ocrx_word' id='word_1_126' title='bbox 309 1383 569 1435; x_wconf 85' lang='lat' dir='ltr'>pediebantur,</span> <span class='ocrx_word' id='word_1_127' title='bbox 590 1381 822 1429; x_wconf 87' lang='lat' dir='ltr'>aliquantum</span> <span class='ocrx_word' id='word_1_128' title='bbox 842 1395 886 1418; x_wconf 88' lang='lat' dir='ltr'>eo</span> <span class='ocrx_word' id='word_1_129' title='bbox 905 1383 1030 1418; x_wconf 90' lang='lat' dir='ltr'>triduo</span> <span class='ocrx_word' id='word_1_130' title='bbox 1050 1383 1118 1418; x_wconf 82' lang='lat' dir='ltr'>viae</span> <span class='ocrx_word' id='word_1_131' title='bbox 1138 1381 1314 1418; x_wconf 87' lang='lat' dir='ltr'>confecit.</span> 
     </span>
     <span class='ocr_line' id='line_1_21' title="bbox 362 1443 1414 1494; baseline -0.004 -11"><span class='ocrx_word' id='word_1_132' title='bbox 362 1446 556 1484; x_wconf 90' lang='lat' dir='ltr'>XXXIV.</span> <span class='ocrx_word' id='word_1_133' title='bbox 586 1446 811 1480; x_wconf 80' lang='lat' dir='ltr'>Perventum</span> <span class='ocrx_word' id='word_1_134' title='bbox 831 1446 916 1481; x_wconf 87' lang='lat' dir='ltr'>inde</span> <span class='ocrx_word' id='word_1_135' title='bbox 943 1446 990 1481; x_wconf 88' lang='lat' dir='ltr'>ad</span> <span class='ocrx_word' id='word_1_136' title='bbox 1008 1446 1241 1494; x_wconf 89' lang='lat' dir='ltr'>frequentem</span> <span class='ocrx_word' id='word_1_137' title='bbox 1260 1443 1414 1480; x_wconf 83' lang='lat' dir='ltr'>cultori-</span> 
     </span>
     <span class='ocr_line' id='line_1_22' title="bbox 309 1506 1412 1558; baseline -0.003 -12"><span class='ocrx_word' id='word_1_138' title='bbox 309 1511 379 1547; x_wconf 86' lang='lat' dir='ltr'>bus</span> <span class='ocrx_word' id='word_1_139' title='bbox 397 1510 523 1552; x_wconf 81' lang='lat' dir='ltr'>alium,</span> <span class='ocrx_word' id='word_1_140' title='bbox 538 1516 579 1544; x_wconf 90' lang='lat' dir='ltr'>ut</span> <span class='ocrx_word' id='word_1_141' title='bbox 600 1510 696 1544; x_wconf 87' lang='lat' dir='ltr'>inter</span> <span class='ocrx_word' id='word_1_142' title='bbox 714 1518 907 1551; x_wconf 83' lang='lat' dir='ltr'>montana,</span> <span class='ocrx_word' id='word_1_143' title='bbox 924 1508 1105 1558; x_wconf 91' lang='lat' dir='ltr'>populum</span> <span class='ocrx_word' id='word_1_144' title='bbox 1120 1524 1127 1544; x_wconf 92' lang='lat'>:</span> <span class='ocrx_word' id='word_1_145' title='bbox 1151 1508 1202 1544; x_wconf 93' lang='lat' dir='ltr'>ibi</span> <span class='ocrx_word' id='word_1_146' title='bbox 1217 1520 1295 1543; x_wconf 90' lang='lat' dir='ltr'>non</span> <span class='ocrx_word' id='word_1_147' title='bbox 1311 1506 1412 1543; x_wconf 87' lang='lat' dir='ltr'>bello</span> 
     </span>
     <span class='ocr_line' id='line_1_23' title="bbox 311 1571 1415 1624; baseline -0.004 -14"><span class='ocrx_word' id='word_1_148' title='bbox 311 1580 456 1624; x_wconf 87' lang='lat' dir='ltr'>aperto,</span> <span class='ocrx_word' id='word_1_149' title='bbox 485 1573 549 1608; x_wconf 88' lang='lat' dir='ltr'>sed</span> <span class='ocrx_word' id='word_1_150' title='bbox 579 1574 652 1608; x_wconf 90' lang='lat' dir='ltr'>suis</span> <span class='ocrx_word' id='word_1_151' title='bbox 682 1572 838 1614; x_wconf 82' lang='lat' dir='ltr'>artibus,</span> <span class='ocrx_word' id='word_1_152' title='bbox 858 1572 1001 1615; x_wconf 87' lang='lat' dir='ltr'>fraude,</span> <span class='ocrx_word' id='word_1_153' title='bbox 1023 1572 1156 1608; x_wconf 89' lang='lat' dir='ltr'>deinde</span> <span class='ocrx_word' id='word_1_154' title='bbox 1184 1571 1327 1607; x_wconf 87' lang='lat' dir='ltr'>insidiis</span> <span class='ocrx_word' id='word_1_155' title='bbox 1358 1577 1415 1606; x_wconf 88' lang='lat' dir='ltr'>est</span> 
     </span>
     <span class='ocr_line' id='line_1_24' title="bbox 310 1633 1408 1686; baseline -0.003 -14"><span class='ocrx_word' id='word_1_156' title='bbox 310 1649 427 1686; x_wconf 86' lang='lat' dir='ltr'>prope</span> <span class='ocrx_word' id='word_1_157' title='bbox 448 1637 733 1672; x_wconf 82' lang='lat' dir='ltr'>circumventus.</span> <span class='ocrx_word' id='word_1_158' title='bbox 789 1635 935 1684; x_wconf 63' lang='lat' dir='ltr'>BIagno</span> <span class='ocrx_word' id='word_1_159' title='bbox 955 1643 1047 1672; x_wconf 87' lang='lat' dir='ltr'>natu</span> <span class='ocrx_word' id='word_1_160' title='bbox 1066 1636 1253 1685; x_wconf 89' lang='lat' dir='ltr'>principes</span> <span class='ocrx_word' id='word_1_161' title='bbox 1274 1633 1408 1670; x_wconf 86' lang='lat' dir='ltr'>castel-</span> 
     </span>
     <span class='ocr_line' id='line_1_25' title="bbox 311 1699 1410 1740; baseline -0.002 -5"><span class='ocrx_word' id='word_1_162' title='bbox 311 1700 433 1735; x_wconf 88' lang='lat' dir='ltr'>lorum</span> <span class='ocrx_word' id='word_1_163' title='bbox 462 1706 629 1734; x_wconf 88' lang='lat' dir='ltr'>oratores</span> <span class='ocrx_word' id='word_1_164' title='bbox 660 1699 705 1734; x_wconf 87' lang='lat' dir='ltr'>ad</span> <span class='ocrx_word' id='word_1_165' title='bbox 735 1699 894 1735; x_wconf 85' lang='lat' dir='ltr'>Poenum</span> <span class='ocrx_word' id='word_1_166' title='bbox 929 1701 1106 1735; x_wconf 85' lang='lat' dir='ltr'>veniunt:</span> <span class='ocrx_word' id='word_1_167' title='bbox 1140 1700 1266 1734; x_wconf 79' lang='lat' dir='ltr'>alienis</span> <span class='ocrx_word' id='word_1_168' title='bbox 1295 1699 1410 1740; x_wconf 80' lang='lat' dir='ltr'>malis,</span> 
     </span>
     <span class='ocr_line' id='line_1_26' title="bbox 311 1763 1412 1810; baseline -0.002 -11"><span class='ocrx_word' id='word_1_169' title='bbox 311 1765 395 1799; x_wconf 73' lang='lat' dir='ltr'>utili</span> <span class='ocrx_word' id='word_1_170' title='bbox 423 1764 595 1810; x_wconf 63' lang='lat' dir='ltr'>evemplo,</span> <span class='ocrx_word' id='word_1_171' title='bbox 617 1764 749 1805; x_wconf 76' lang='lat' dir='ltr'>doctos,</span> <span class='ocrx_word' id='word_1_172' title='bbox 779 1770 1045 1806; x_wconf 86' lang='lat' dir='ltr'>memorantes,</span> <span class='ocrx_word' id='word_1_173' title='bbox 1067 1764 1263 1799; x_wconf 79' lang='lat' dir='ltr'>amicitiam</span> <span class='ocrx_word' id='word_1_174' title='bbox 1291 1763 1412 1803; x_wconf 80' lang='lat' dir='ltr'>malle,</span> 
     </span>
     <span class='ocr_line' id='line_1_27' title="bbox 313 1827 1414 1875; baseline 0 -14"><span class='ocrx_word' id='word_1_175' title='bbox 313 1839 418 1873; x_wconf 80' lang='lat' dir='ltr'>quom</span> <span class='ocrx_word' id='word_1_176' title='bbox 446 1829 516 1862; x_wconf 78' lang='lat' dir='ltr'>vim</span> <span class='ocrx_word' id='word_1_177' title='bbox 548 1829 699 1874; x_wconf 68' lang='lat' dir='ltr'>experiri</span> <span class='ocrx_word' id='word_1_178' title='bbox 729 1828 944 1863; x_wconf 76' lang='lat' dir='ltr'>Poenorztm:</span> <span class='ocrx_word' id='word_1_179' title='bbox 973 1829 1092 1875; x_wconf 76' lang='lat' dir='ltr'>itaque</span> <span class='ocrx_word' id='word_1_180' title='bbox 1121 1828 1318 1863; x_wconf 80' lang='lat' dir='ltr'>obedienter</span> <span class='ocrx_word' id='word_1_181' title='bbox 1345 1827 1414 1861; x_wconf 80' lang='lat' dir='ltr'>im-</span> 
     </span>
     <span class='ocr_line' id='line_1_28' title="bbox 309 1889 1417 1939; baseline -0.002 -14"><span class='ocrx_word' id='word_1_182' title='bbox 309 1896 439 1937; x_wconf 84' lang='lat' dir='ltr'>perata</span> <span class='ocrx_word' id='word_1_183' title='bbox 453 1889 634 1937; x_wconf 79' lang='lat' dir='ltr'>facturos,</span> <span class='ocrx_word' id='word_1_184' title='bbox 666 1895 902 1926; x_wconf 79' lang='lat' dir='ltr'>commeatum</span> <span class='ocrx_word' id='word_1_185' title='bbox 930 1893 1132 1939; x_wconf 80' lang='lat' dir='ltr'>itinerisque</span> <span class='ocrx_word' id='word_1_186' title='bbox 1160 1892 1275 1932; x_wconf 80' lang='lat' dir='ltr'>duces,</span> <span class='ocrx_word' id='word_1_187' title='bbox 1304 1894 1339 1925; x_wconf 83' lang='lat' dir='ltr'>et</span> <span class='ocrx_word' id='word_1_188' title='bbox 1366 1889 1417 1924; x_wconf 84' lang='lat' dir='ltr'>acl</span> 
     </span>
     <span class='ocr_line' id='line_1_29' title="bbox 300 1952 1414 2002; baseline -0.002 -14"><span class='ocrx_word' id='word_1_189' title='bbox 300 1954 417 2000; x_wconf 80' lang='lat' dir='ltr'>fidem</span> <span class='ocrx_word' id='word_1_190' title='bbox 441 1956 692 2001; x_wconf 77' lang='lat' dir='ltr'>promissorum</span> <span class='ocrx_word' id='word_1_191' title='bbox 722 1954 852 1989; x_wconf 79' lang='lat' dir='ltr'>obsides</span> <span class='ocrx_word' id='word_1_192' title='bbox 881 1956 1065 2002; x_wconf 74' lang='lat' dir='ltr'>acc-iperet.</span> <span class='ocrx_word' id='word_1_193' title='bbox 1121 1952 1317 1989; x_wconf 88' lang='lat' dir='ltr'>Hannibal</span> <span class='ocrx_word' id='word_1_194' title='bbox 1346 1964 1414 1987; x_wconf 89' lang='lat' dir='ltr'>nec</span> 
     </span>
     <span class='ocr_line' id='line_1_30' title="bbox 313 2015 1414 2066; baseline -0.001 -16"><span class='ocrx_word' id='word_1_195' title='bbox 313 2022 452 2051; x_wconf 89' lang='lat' dir='ltr'>temere</span> <span class='ocrx_word' id='word_1_196' title='bbox 489 2017 684 2058; x_wconf 84' lang='lat' dir='ltr'>credendo,</span> <span class='ocrx_word' id='word_1_197' title='bbox 723 2029 791 2052; x_wconf 89' lang='lat' dir='ltr'>nec</span> <span class='ocrx_word' id='word_1_198' title='bbox 836 2017 1109 2066; x_wconf 86' lang='lat' dir='ltr'>adspernando,</span> <span class='ocrx_word' id='word_1_199' title='bbox 1147 2029 1194 2052; x_wconf 90' lang='lat' dir='ltr'>ne</span> <span class='ocrx_word' id='word_1_200' title='bbox 1229 2015 1414 2065; x_wconf 87' lang='lat' dir='ltr'>repudiati</span> 
     </span>
     <span class='ocr_line' id='line_1_31' title="bbox 314 2079 1410 2129; baseline 0 -16"><span class='ocrx_word' id='word_1_201' title='bbox 314 2086 441 2127; x_wconf 88' lang='lat' dir='ltr'>aperte</span> <span class='ocrx_word' id='word_1_202' title='bbox 462 2079 589 2114; x_wconf 83' lang='lat' dir='ltr'>hostes</span> <span class='ocrx_word' id='word_1_203' title='bbox 620 2080 764 2122; x_wconf 86' lang='lat' dir='ltr'>fierent,</span> <span class='ocrx_word' id='word_1_204' title='bbox 795 2079 958 2128; x_wconf 87' lang='lat' dir='ltr'>benigne</span> <span class='ocrx_word' id='word_1_205' title='bbox 988 2092 1102 2128; x_wconf 89' lang='lat' dir='ltr'>quum</span> <span class='ocrx_word' id='word_1_206' title='bbox 1130 2079 1410 2129; x_wconf 79' lang='lat' dir='ltr'>respondisset3</span> 
     </span>
     <span class='ocr_line' id='line_1_32' title="bbox 313 2143 1412 2194; baseline 0 -15"><span class='ocrx_word' id='word_1_207' title='bbox 313 2143 520 2186; x_wconf 86' lang='lat' dir='ltr'>obsidibus,</span> <span class='ocrx_word' id='word_1_208' title='bbox 560 2157 651 2192; x_wconf 88' lang='lat' dir='ltr'>quos</span> <span class='ocrx_word' id='word_1_209' title='bbox 696 2146 847 2188; x_wconf 88' lang='lat' dir='ltr'>dabant,</span> <span class='ocrx_word' id='word_1_210' title='bbox 893 2147 1069 2194; x_wconf 86' lang='lat' dir='ltr'>acceptis,</span> <span class='ocrx_word' id='word_1_211' title='bbox 1108 2153 1144 2181; x_wconf 90' lang='lat' dir='ltr'>et</span> <span class='ocrx_word' id='word_1_212' title='bbox 1187 2150 1412 2186; x_wconf 86' lang='lat' dir='ltr'>commeatu,</span> 
     </span>
     <span class='ocr_line' id='line_1_33' title="bbox 313 2208 1415 2257; baseline 0.001 -15"><span class='ocrx_word' id='word_1_213' title='bbox 313 2220 423 2256; x_wconf 88' lang='lat' dir='ltr'>quern</span> <span class='ocrx_word' id='word_1_214' title='bbox 442 2208 480 2242; x_wconf 89' lang='lat' dir='ltr'>in</span> <span class='ocrx_word' id='word_1_215' title='bbox 509 2208 607 2243; x_wconf 81' lang='lat' dir='ltr'>viam</span> <span class='ocrx_word' id='word_1_216' title='bbox 636 2208 704 2256; x_wconf 89' lang='lat' dir='ltr'>ipsi</span> <span class='ocrx_word' id='word_1_217' title='bbox 726 2209 949 2251; x_wconf 86' lang='lat' dir='ltr'>detulerant,</span> <span class='ocrx_word' id='word_1_218' title='bbox 980 2221 1081 2252; x_wconf 86' lang='lat' dir='ltr'>usus,</span> <span class='ocrx_word' id='word_1_219' title='bbox 1111 2221 1346 2257; x_wconf 86' lang='lat' dir='ltr'>nequaquam</span> <span class='ocrx_word' id='word_1_220' title='bbox 1374 2214 1415 2243; x_wconf 91' lang='lat' dir='ltr'>ut</span> 
     </span>
     <span class='ocr_line' id='line_1_34' title="bbox 314 2271 1412 2321; baseline -0.001 -15"><span class='ocrx_word' id='word_1_221' title='bbox 314 2272 413 2307; x_wconf 87' lang='lat' dir='ltr'>inter</span> <span class='ocrx_word' id='word_1_222' title='bbox 431 2277 599 2320; x_wconf 82' lang='lat' dir='ltr'>pacatOS‚</span> <span class='ocrx_word' id='word_1_223' title='bbox 617 2273 829 2321; x_wconf 86' lang='lat' dir='ltr'>composito</span> <span class='ocrx_word' id='word_1_224' title='bbox 850 2273 999 2321; x_wconf 82' lang='lat' dir='ltr'>agmine</span> <span class='ocrx_word' id='word_1_225' title='bbox 1015 2273 1125 2308; x_wconf 91' lang='lat' dir='ltr'>duces</span> <span class='ocrx_word' id='word_1_226' title='bbox 1142 2284 1270 2307; x_wconf 88' lang='lat' dir='ltr'>eorum</span> <span class='ocrx_word' id='word_1_227' title='bbox 1291 2271 1412 2319; x_wconf 84' lang='lat' dir='ltr'>sequi-</span> 
     </span>
     <span class='ocr_line' id='line_1_35' title="bbox 315 2335 1410 2386; baseline -0.003 -16"><span class='ocrx_word' id='word_1_228' title='bbox 315 2341 386 2370; x_wconf 90' lang='lat' dir='ltr'>tur.</span> <span class='ocrx_word' id='word_1_229' title='bbox 444 2335 610 2371; x_wconf 90' lang='lat' dir='ltr'>Primum</span> <span class='ocrx_word' id='word_1_230' title='bbox 642 2348 775 2383; x_wconf 83' lang='lat' dir='ltr'>agmen</span> <span class='ocrx_word' id='word_1_231' title='bbox 813 2335 1004 2386; x_wconf 85' lang='lat' dir='ltr'>elephanti</span> <span class='ocrx_word' id='word_1_232' title='bbox 1037 2342 1074 2371; x_wconf 89' lang='lat' dir='ltr'>et</span> <span class='ocrx_word' id='word_1_233' title='bbox 1107 2336 1248 2385; x_wconf 83' lang='lat' dir='ltr'>equites</span> <span class='ocrx_word' id='word_1_234' title='bbox 1282 2340 1410 2370; x_wconf 84' lang='lat' dir='ltr'>erant:</span> 
     </span>
    </p>
   </div>
  </div>
 </body>
</html>
