<?xml version="1.0" encoding="UTF-8"?>
<!DOCTYPE html PUBLIC "-//W3C//DTD XHTML 1.0 Transitional//EN"
    "http://www.w3.org/TR/xhtml1/DTD/xhtml1-transitional.dtd">
<html xmlns="http://www.w3.org/1999/xhtml" xml:lang="en" lang="en">
 <head>
  <title>
</title>
<meta http-equiv="Content-Type" content="text/html;charset=utf-8" />
  <meta name='ocr-system' content='tesseract 3.04.00' />
  <meta name='ocr-capabilities' content='ocr_page ocr_carea ocr_par ocr_line ocrx_word'/>
</head>
<body>
  <div class='ocr_page' id='page_1' title='image "./historiarumquaes02livyuoft/historiarumquaes02livyuoft_0251.png"; bbox 0 0 1527 2661; ppageno 0'>
   <div class='ocr_carea' id='block_1_1' title="bbox 0 0 54 2661">
    <p class='ocr_par' dir='ltr' id='par_1_1' title="bbox 0 0 54 2661">
     <span class='ocr_line' id='line_1_1' title="bbox 0 0 54 2661; baseline 0 0"><span class='ocrx_word' id='word_1_1' title='bbox 0 0 54 2661; x_wconf 95' lang='lat' dir='ltr'> </span> 
     </span>
    </p>
   </div>
   <div class='ocr_carea' id='block_1_2' title="bbox 344 197 1174 240">
    <p class='ocr_par' dir='ltr' id='par_1_2' title="bbox 344 197 1174 240">
     <span class='ocr_line' id='line_1_2' title="bbox 344 197 1174 240; baseline 0.002 -14"><span class='ocrx_word' id='word_1_2' title='bbox 344 199 498 227; x_wconf 69' lang='lat' dir='ltr'>mima</span> <span class='ocrx_word' id='word_1_3' title='bbox 521 197 652 226; x_wconf 82' lang='lat' dir='ltr'>xx11.</span> <span class='ocrx_word' id='word_1_4' title='bbox 684 197 790 226; x_wconf 72' lang='lat' dir='ltr'>eAP.</span> <span class='ocrx_word' id='word_1_5' title='bbox 812 198 907 227; x_wconf 85' lang='lat' dir='ltr'>xn.</span> <span class='ocrx_word' id='word_1_6' title='bbox 1095 199 1174 240; x_wconf 84' lang='lat'>241</span> 
     </span>
    </p>
   </div>
   <div class='ocr_carea' id='block_1_3' title="bbox 0 285 1177 2424">
    <p class='ocr_par' dir='ltr' id='par_1_3' title="bbox 67 285 1177 1099">
     <span class='ocr_line' id='line_1_3' title="bbox 75 285 1175 337; baseline 0 -12"><span class='ocrx_word' id='word_1_7' title='bbox 75 294 215 325; x_wconf 78' lang='lat' dir='ltr'>tustate</span> <span class='ocrx_word' id='word_1_8' title='bbox 228 286 311 337; x_wconf 90' lang='lat' dir='ltr'>jam</span> <span class='ocrx_word' id='word_1_9' title='bbox 336 287 454 337; x_wconf 83' lang='lat' dir='ltr'>prope</span> <span class='ocrx_word' id='word_1_10' title='bbox 472 286 612 323; x_wconf 92' lang='lat' dir='ltr'>oblitos</span> <span class='ocrx_word' id='word_1_11' title='bbox 639 285 719 336; x_wconf 90' lang='lat' dir='ltr'>ejus</span> <span class='ocrx_word' id='word_1_12' title='bbox 742 286 903 336; x_wconf 87' lang='lat' dir='ltr'>imperii,</span> <span class='ocrx_word' id='word_1_13' title='bbox 924 286 1097 333; x_wconf 82' lang='lat' dir='ltr'>fecisset3</span> <span class='ocrx_word' id='word_1_14' title='bbox 1129 288 1175 325; x_wconf 92' lang='lat' dir='ltr'>li-</span> 
     </span>
     <span class='ocr_line' id='line_1_4' title="bbox 73 350 1174 393; baseline 0 -5"><span class='ocrx_word' id='word_1_15' title='bbox 73 359 164 388; x_wconf 87' lang='lat' dir='ltr'>terae</span> <span class='ocrx_word' id='word_1_16' title='bbox 184 351 230 387; x_wconf 91' lang='lat' dir='ltr'>ab</span> <span class='ocrx_word' id='word_1_17' title='bbox 250 350 342 386; x_wconf 90' lang='lat' dir='ltr'>urbe</span> <span class='ocrx_word' id='word_1_18' title='bbox 357 350 492 387; x_wconf 85' lang='lat' dir='ltr'>adlatae</span> <span class='ocrx_word' id='word_1_19' title='bbox 513 356 615 393; x_wconf 84' lang='lat' dir='ltr'>sunt,</span> <span class='ocrx_word' id='word_1_20' title='bbox 631 362 744 386; x_wconf 85' lang='lat' dir='ltr'>naves</span> <span class='ocrx_word' id='word_1_21' title='bbox 765 350 972 393; x_wconf 85' lang='lat' dir='ltr'>onerarias,</span> <span class='ocrx_word' id='word_1_22' title='bbox 986 363 1174 388; x_wconf 90' lang='lat' dir='ltr'>commea-</span> 
     </span>
     <span class='ocr_line' id='line_1_5' title="bbox 74 414 1173 464; baseline -0.001 -12"><span class='ocrx_word' id='word_1_23' title='bbox 74 424 153 452; x_wconf 88' lang='lat' dir='ltr'>tum</span> <span class='ocrx_word' id='word_1_24' title='bbox 174 415 220 451; x_wconf 91' lang='lat' dir='ltr'>ab</span> <span class='ocrx_word' id='word_1_25' title='bbox 240 414 351 451; x_wconf 83' lang='lat' dir='ltr'>Ostia</span> <span class='ocrx_word' id='word_1_26' title='bbox 366 415 405 450; x_wconf 88' lang='lat' dir='ltr'>in</span> <span class='ocrx_word' id='word_1_27' title='bbox 425 414 653 464; x_wconf 87' lang='lat' dir='ltr'>Hispaniam</span> <span class='ocrx_word' id='word_1_28' title='bbox 672 414 719 450; x_wconf 88' lang='lat' dir='ltr'>ad</span> <span class='ocrx_word' id='word_1_29' title='bbox 739 414 945 451; x_wconf 88' lang='lat' dir='ltr'>exercitum</span> <span class='ocrx_word' id='word_1_30' title='bbox 963 421 1173 464; x_wconf 88' lang='lat' dir='ltr'>portantes,</span> 
     </span>
     <span class='ocr_line' id='line_1_6' title="bbox 73 478 1175 529; baseline 0.001 -14"><span class='ocrx_word' id='word_1_31' title='bbox 73 493 96 516; x_wconf 80' lang='lat' dir='ltr'>a</span> <span class='ocrx_word' id='word_1_32' title='bbox 114 478 232 515; x_wconf 88' lang='lat' dir='ltr'>classe</span> <span class='ocrx_word' id='word_1_33' title='bbox 250 478 395 515; x_wconf 88' lang='lat' dir='ltr'>Punica</span> <span class='ocrx_word' id='word_1_34' title='bbox 421 479 520 514; x_wconf 87' lang='lat' dir='ltr'>circa</span> <span class='ocrx_word' id='word_1_35' title='bbox 540 485 696 528; x_wconf 62' lang='lat' dir='ltr'>&gt;portum</span> <span class='ocrx_word' id='word_1_36' title='bbox 717 479 909 514; x_wconf 87' lang='lat' dir='ltr'>Cosanum</span> <span class='ocrx_word' id='word_1_37' title='bbox 934 485 1061 529; x_wconf 88' lang='lat' dir='ltr'>captas</span> <span class='ocrx_word' id='word_1_38' title='bbox 1082 492 1175 517; x_wconf 89' lang='lat' dir='ltr'>esse.</span> 
     </span>
     <span class='ocr_line' id='line_1_7' title="bbox 72 540 1175 592; baseline 0.001 -14"><span class='ocrx_word' id='word_1_39' title='bbox 72 542 207 591; x_wconf 87' lang='lat' dir='ltr'>Itaque</span> <span class='ocrx_word' id='word_1_40' title='bbox 222 541 411 592; x_wconf 84' lang='lat' dir='ltr'>extemplo</span> <span class='ocrx_word' id='word_1_41' title='bbox 428 541 560 577; x_wconf 87' lang='lat' dir='ltr'>consul</span> <span class='ocrx_word' id='word_1_42' title='bbox 579 541 729 577; x_wconf 84' lang='lat' dir='ltr'>Ostiam</span> <span class='ocrx_word' id='word_1_43' title='bbox 748 541 935 591; x_wconf 88' lang='lat' dir='ltr'>proficisci</span> <span class='ocrx_word' id='word_1_44' title='bbox 949 540 1090 591; x_wconf 87' lang='lat' dir='ltr'>jussus,</span> <span class='ocrx_word' id='word_1_45' title='bbox 1107 555 1175 580; x_wconf 90' lang='lat' dir='ltr'>na-</span> 
     </span>
     <span class='ocr_line' id='line_1_8' title="bbox 70 605 1174 655; baseline 0.001 -13"><span class='ocrx_word' id='word_1_46' title='bbox 70 606 267 655; x_wconf 75' lang='lat' dir='ltr'>vibusque,</span> <span class='ocrx_word' id='word_1_47' title='bbox 284 619 366 654; x_wconf 82' lang='lat' dir='ltr'>quae</span> <span class='ocrx_word' id='word_1_48' title='bbox 383 606 427 642; x_wconf 89' lang='lat' dir='ltr'>ad</span> <span class='ocrx_word' id='word_1_49' title='bbox 444 605 574 642; x_wconf 90' lang='lat' dir='ltr'>urbem</span> <span class='ocrx_word' id='word_1_50' title='bbox 590 605 804 642; x_wconf 85' lang='lat' dir='ltr'>Romanam</span> <span class='ocrx_word' id='word_1_51' title='bbox 820 611 886 641; x_wconf 89' lang='lat' dir='ltr'>aut</span> <span class='ocrx_word' id='word_1_52' title='bbox 901 605 1018 641; x_wconf 85' lang='lat' dir='ltr'>Ostiae</span> <span class='ocrx_word' id='word_1_53' title='bbox 1036 613 1174 650; x_wconf 89' lang='lat' dir='ltr'>essent,</span> 
     </span>
     <span class='ocr_line' id='line_1_9' title="bbox 73 668 1177 720; baseline 0.001 -13"><span class='ocrx_word' id='word_1_54' title='bbox 73 669 269 720; x_wconf 88' lang='lat' dir='ltr'>completis</span> <span class='ocrx_word' id='word_1_55' title='bbox 298 669 417 705; x_wconf 90' lang='lat' dir='ltr'>milite</span> <span class='ocrx_word' id='word_1_56' title='bbox 446 682 489 706; x_wconf 89' lang='lat' dir='ltr'>ac</span> <span class='ocrx_word' id='word_1_57' title='bbox 518 668 714 705; x_wconf 88' lang='lat' dir='ltr'>navalibus</span> <span class='ocrx_word' id='word_1_58' title='bbox 746 669 872 711; x_wconf 86' lang='lat' dir='ltr'>sociis,</span> <span class='ocrx_word' id='word_1_59' title='bbox 902 672 1075 719; x_wconf 87' lang='lat' dir='ltr'>persequi</span> <span class='ocrx_word' id='word_1_60' title='bbox 1105 672 1177 708; x_wconf 89' lang='lat' dir='ltr'>ho-</span> 
     </span>
     <span class='ocr_line' id='line_1_10' title="bbox 72 732 1175 783; baseline 0.002 -13"><span class='ocrx_word' id='word_1_61' title='bbox 72 735 186 770; x_wconf 90' lang='lat' dir='ltr'>stium</span> <span class='ocrx_word' id='word_1_62' title='bbox 214 732 385 775; x_wconf 83' lang='lat' dir='ltr'>classem,</span> <span class='ocrx_word' id='word_1_63' title='bbox 406 746 450 769; x_wconf 92' lang='lat' dir='ltr'>ac</span> <span class='ocrx_word' id='word_1_64' title='bbox 478 733 592 768; x_wconf 88' lang='lat' dir='ltr'>litora</span> <span class='ocrx_word' id='word_1_65' title='bbox 619 732 739 769; x_wconf 86' lang='lat' dir='ltr'>Italiae</span> <span class='ocrx_word' id='word_1_66' title='bbox 768 733 896 770; x_wconf 88' lang='lat' dir='ltr'>tutari.</span> <span class='ocrx_word' id='word_1_67' title='bbox 951 733 1096 783; x_wconf 84' lang='lat' dir='ltr'>Magna</span> <span class='ocrx_word' id='word_1_68' title='bbox 1121 737 1175 772; x_wconf 86' lang='lat' dir='ltr'>vis</span> 
     </span>
     <span class='ocr_line' id='line_1_11' title="bbox 69 795 1175 845; baseline 0.002 -12"><span class='ocrx_word' id='word_1_69' title='bbox 69 798 266 834; x_wconf 85' lang='lat' dir='ltr'>hominum</span> <span class='ocrx_word' id='word_1_70' title='bbox 293 797 511 845; x_wconf 89' lang='lat' dir='ltr'>conscripta</span> <span class='ocrx_word' id='word_1_71' title='bbox 547 795 682 831; x_wconf 79' lang='lat' dir='ltr'>Romae</span> <span class='ocrx_word' id='word_1_72' title='bbox 716 802 818 832; x_wconf 85' lang='lat' dir='ltr'>erat:</span> <span class='ocrx_word' id='word_1_73' title='bbox 851 795 1017 833; x_wconf 85' lang='lat' dir='ltr'>libertini</span> <span class='ocrx_word' id='word_1_74' title='bbox 1045 799 1175 843; x_wconf 89' lang='lat' dir='ltr'>etiam,</span> 
     </span>
     <span class='ocr_line' id='line_1_12' title="bbox 67 858 1175 911; baseline 0.002 -15"><span class='ocrx_word' id='word_1_75' title='bbox 67 860 201 910; x_wconf 91' lang='lat' dir='ltr'>quibus</span> <span class='ocrx_word' id='word_1_76' title='bbox 230 859 339 896; x_wconf 89' lang='lat' dir='ltr'>liberi</span> <span class='ocrx_word' id='word_1_77' title='bbox 367 866 505 902; x_wconf 87' lang='lat' dir='ltr'><strong>essent,</strong></span> <span class='ocrx_word' id='word_1_78' title='bbox 521 865 564 894; x_wconf 85' lang='lat' dir='ltr'>et</span> <span class='ocrx_word' id='word_1_79' title='bbox 590 864 678 894; x_wconf 80' lang='lat' dir='ltr'>aetas</span> <span class='ocrx_word' id='word_1_80' title='bbox 707 858 893 902; x_wconf 88' lang='lat' dir='ltr'>militaris,</span> <span class='ocrx_word' id='word_1_81' title='bbox 913 860 952 895; x_wconf 90' lang='lat' dir='ltr'>in</span> <span class='ocrx_word' id='word_1_82' title='bbox 977 861 1091 897; x_wconf 80' lang='lat' dir='ltr'>verba</span> <span class='ocrx_word' id='word_1_83' title='bbox 1108 861 1175 911; x_wconf 88' lang='lat' dir='ltr'>ju-</span> 
     </span>
     <span class='ocr_line' id='line_1_13' title="bbox 68 922 1172 971; baseline 0.001 -11"><span class='ocrx_word' id='word_1_84' title='bbox 68 929 253 961; x_wconf 82' lang='lat' dir='ltr'>raverant.</span> <span class='ocrx_word' id='word_1_85' title='bbox 308 922 368 958; x_wconf 87' lang='lat' dir='ltr'>Ex</span> <span class='ocrx_word' id='word_1_86' title='bbox 400 923 474 958; x_wconf 90' lang='lat' dir='ltr'>hoc</span> <span class='ocrx_word' id='word_1_87' title='bbox 508 922 654 959; x_wconf 87' lang='lat' dir='ltr'>urbano</span> <span class='ocrx_word' id='word_1_88' title='bbox 691 923 873 965; x_wconf 85' lang='lat' dir='ltr'>exercitu,</span> <span class='ocrx_word' id='word_1_89' title='bbox 908 924 971 971; x_wconf 95' lang='lat' dir='ltr'>qui</span> <span class='ocrx_word' id='word_1_90' title='bbox 1007 925 1172 961; x_wconf 88' lang='lat' dir='ltr'>minores</span> 
     </span>
     <span class='ocr_line' id='line_1_14' title="bbox 68 986 1170 1038; baseline 0 -14"><span class='ocrx_word' id='word_1_91' title='bbox 68 988 234 1038; x_wconf 89' lang='lat' dir='ltr'>quinque</span> <span class='ocrx_word' id='word_1_92' title='bbox 253 993 291 1023; x_wconf 91' lang='lat' dir='ltr'>et</span> <span class='ocrx_word' id='word_1_93' title='bbox 318 987 476 1035; x_wconf 87' lang='lat' dir='ltr'>triginta</span> <span class='ocrx_word' id='word_1_94' title='bbox 504 986 611 1022; x_wconf 87' lang='lat' dir='ltr'>annis</span> <span class='ocrx_word' id='word_1_95' title='bbox 641 992 762 1029; x_wconf 87' lang='lat' dir='ltr'>erant,</span> <span class='ocrx_word' id='word_1_96' title='bbox 782 986 822 1022; x_wconf 88' lang='lat' dir='ltr'>in</span> <span class='ocrx_word' id='word_1_97' title='bbox 849 999 962 1022; x_wconf 84' lang='lat' dir='ltr'>naves</span> <span class='ocrx_word' id='word_1_98' title='bbox 989 987 1170 1037; x_wconf 84' lang='lat' dir='ltr'>inpositi.</span> 
     </span>
     <span class='ocr_line' id='line_1_15' title="bbox 69 1049 740 1099; baseline -0.003 -12"><span class='ocrx_word' id='word_1_99' title='bbox 69 1051 146 1094; x_wconf 81' lang='lat' dir='ltr'>alii,</span> <span class='ocrx_word' id='word_1_100' title='bbox 165 1057 208 1086; x_wconf 89' lang='lat' dir='ltr'>ut</span> <span class='ocrx_word' id='word_1_101' title='bbox 227 1049 310 1086; x_wconf 88' lang='lat' dir='ltr'>urbi</span> <span class='ocrx_word' id='word_1_102' title='bbox 329 1050 585 1099; x_wconf 66' lang='lat' dir='ltr'>praesiderent,</span> <span class='ocrx_word' id='word_1_103' title='bbox 606 1049 740 1085; x_wconf 82' lang='lat' dir='ltr'>relicti.</span> 
     </span>
    </p>

    <p class='ocr_par' dir='ltr' id='par_1_4' title="bbox 0 1113 1173 2424">
     <span class='ocr_line' id='line_1_16' title="bbox 120 1113 1172 1163; baseline 0.001 -12"><span class='ocrx_word' id='word_1_104' title='bbox 120 1114 216 1151; x_wconf 89' lang='lat' dir='ltr'><strong>XII.</strong></span> <span class='ocrx_word' id='word_1_105' title='bbox 245 1113 437 1157; x_wconf 87' lang='lat' dir='ltr'>Dictator,</span> <span class='ocrx_word' id='word_1_106' title='bbox 454 1114 621 1151; x_wconf 85' lang='lat' dir='ltr'>exercitu</span> <span class='ocrx_word' id='word_1_107' title='bbox 641 1113 804 1149; x_wconf 85' lang='lat' dir='ltr'>consulis</span> <span class='ocrx_word' id='word_1_108' title='bbox 825 1120 982 1163; x_wconf 81' lang='lat' dir='ltr'>accepto</span> <span class='ocrx_word' id='word_1_109' title='bbox 1002 1128 1024 1151; x_wconf 89' lang='lat' dir='ltr'>a</span> <span class='ocrx_word' id='word_1_110' title='bbox 1038 1115 1172 1152; x_wconf 88' lang='lat' dir='ltr'>Fulvio</span> 
     </span>
     <span class='ocr_line' id='line_1_17' title="bbox 67 1176 1173 1227; baseline 0.001 -13"><span class='ocrx_word' id='word_1_111' title='bbox 67 1177 206 1214; x_wconf 88' lang='lat' dir='ltr'>Flacco</span> <span class='ocrx_word' id='word_1_112' title='bbox 234 1177 375 1225; x_wconf 87' lang='lat' dir='ltr'>legato,</span> <span class='ocrx_word' id='word_1_113' title='bbox 397 1190 463 1227; x_wconf 91' lang='lat' dir='ltr'>per</span> <span class='ocrx_word' id='word_1_114' title='bbox 491 1190 624 1226; x_wconf 83' lang='lat' dir='ltr'>agrum</span> <span class='ocrx_word' id='word_1_115' title='bbox 653 1176 835 1213; x_wconf 81' lang='lat' dir='ltr'>Sabinum</span> <span class='ocrx_word' id='word_1_116' title='bbox 863 1177 1004 1221; x_wconf 75' lang='lat' dir='ltr'>Tibur,¹</span> <span class='ocrx_word' id='word_1_117' title='bbox 1019 1191 1093 1227; x_wconf 93' lang='lat' dir='ltr'>quo</span> <span class='ocrx_word' id='word_1_118' title='bbox 1113 1179 1173 1215; x_wconf 82' lang='lat' dir='ltr'>die</span> 
     </span>
     <span class='ocr_line' id='line_1_18' title="bbox 69 1240 1168 1284; baseline 0 -6"><span class='ocrx_word' id='word_1_119' title='bbox 69 1242 116 1278; x_wconf 84' lang='lat' dir='ltr'>ad</span> <span class='ocrx_word' id='word_1_120' title='bbox 145 1240 445 1277; x_wconf 81' lang='lat' dir='ltr'>conveniendum</span> <span class='ocrx_word' id='word_1_121' title='bbox 478 1241 646 1276; x_wconf 86' lang='lat' dir='ltr'>edixerat</span> <span class='ocrx_word' id='word_1_122' title='bbox 674 1241 781 1275; x_wconf 87' lang='lat' dir='ltr'>novis</span> <span class='ocrx_word' id='word_1_123' title='bbox 814 1240 1011 1284; x_wconf 85' lang='lat' dir='ltr'>militibus,</span> <span class='ocrx_word' id='word_1_124' title='bbox 1042 1243 1168 1278; x_wconf 84' lang='lat' dir='ltr'>venit:</span> 
     </span>
     <span class='ocr_line' id='line_1_19' title="bbox 65 1302 1172 1346; baseline 0 -5"><span class='ocrx_word' id='word_1_125' title='bbox 65 1305 153 1341; x_wconf 89' lang='lat' dir='ltr'>inde</span> <span class='ocrx_word' id='word_1_126' title='bbox 173 1305 376 1346; x_wconf 73' lang='lat' dir='ltr'>Praeneste,</span> <span class='ocrx_word' id='word_1_127' title='bbox 398 1316 440 1339; x_wconf 91' lang='lat' dir='ltr'>ac</span> <span class='ocrx_word' id='word_1_128' title='bbox 465 1302 686 1339; x_wconf 87' lang='lat' dir='ltr'>transversis</span> <span class='ocrx_word' id='word_1_129' title='bbox 710 1302 892 1340; x_wconf 86' lang='lat' dir='ltr'>limitibus</span> <span class='ocrx_word' id='word_1_130' title='bbox 914 1304 953 1340; x_wconf 92' lang='lat' dir='ltr'>in</span> <span class='ocrx_word' id='word_1_131' title='bbox 979 1304 1172 1341; x_wconf 26' lang='lat' dir='ltr'>viamssLa·</span> 
     </span>
     <span class='ocr_line' id='line_1_20' title="bbox 65 1367 1171 1416; baseline -0.001 -10"><span class='ocrx_word' id='word_1_132' title='bbox 65 1371 187 1406; x_wconf 89' lang='lat' dir='ltr'>tinam</span> <span class='ocrx_word' id='word_1_133' title='bbox 215 1374 272 1404; x_wconf 91' lang='lat' dir='ltr'>est</span> <span class='ocrx_word' id='word_1_134' title='bbox 301 1379 493 1416; x_wconf 84' lang='lat' dir='ltr'>egressus:</span> <span class='ocrx_word' id='word_1_135' title='bbox 526 1367 638 1409; x_wconf 86' lang='lat' dir='ltr'>uude,</span> <span class='ocrx_word' id='word_1_136' title='bbox 676 1367 873 1403; x_wconf 84' lang='lat' dir='ltr'>itineribus</span> <span class='ocrx_word' id='word_1_137' title='bbox 909 1380 1053 1404; x_wconf 91' lang='lat' dir='ltr'>summa</span> <span class='ocrx_word' id='word_1_138' title='bbox 1085 1382 1171 1405; x_wconf 87' lang='lat' dir='ltr'>cum</span> 
     </span>
     <span class='ocr_line' id='line_1_21' title="bbox 65 1430 1170 1482; baseline -0.002 -12"><span class='ocrx_word' id='word_1_139' title='bbox 65 1446 155 1470; x_wconf 90' lang='lat' dir='ltr'>cura</span> <span class='ocrx_word' id='word_1_140' title='bbox 173 1431 390 1482; x_wconf 85' lang='lat' dir='ltr'>exploratis,</span> <span class='ocrx_word' id='word_1_141' title='bbox 420 1431 467 1466; x_wconf 85' lang='lat' dir='ltr'>ad</span> <span class='ocrx_word' id='word_1_142' title='bbox 495 1430 644 1466; x_wconf 83' lang='lat' dir='ltr'>hostem</span> <span class='ocrx_word' id='word_1_143' title='bbox 673 1431 799 1475; x_wconf 81' lang='lat' dir='ltr'>ducit3</span> <span class='ocrx_word' id='word_1_144' title='bbox 832 1431 937 1467; x_wconf 89' lang='lat' dir='ltr'>nullo</span> <span class='ocrx_word' id='word_1_145' title='bbox 966 1431 1066 1475; x_wconf 92' lang='lat' dir='ltr'>loco,</span> <span class='ocrx_word' id='word_1_146' title='bbox 1097 1433 1170 1468; x_wconf 88' lang='lat' dir='ltr'>nisi</span> 
     </span>
     <span class='ocr_line' id='line_1_22' title="bbox 62 1493 1167 1547; baseline -0.001 -14"><span class='ocrx_word' id='word_1_147' title='bbox 62 1502 244 1547; x_wconf 87' lang='lat' dir='ltr'>quantum</span> <span class='ocrx_word' id='word_1_148' title='bbox 272 1494 474 1531; x_wconf 86' lang='lat' dir='ltr'>necessitas</span> <span class='ocrx_word' id='word_1_149' title='bbox 501 1499 666 1542; x_wconf 82' lang='lat' dir='ltr'>cogeret,</span> <span class='ocrx_word' id='word_1_150' title='bbox 687 1493 849 1530; x_wconf 79' lang='lat' dir='ltr'>fortunae</span> <span class='ocrx_word' id='word_1_151' title='bbox 879 1506 918 1530; x_wconf 88' lang='lat' dir='ltr'>se</span> <span class='ocrx_word' id='word_1_152' title='bbox 947 1496 1167 1532; x_wconf 83' lang='lat' dir='ltr'>commissu-</span> 
     </span>
     <span class='ocr_line' id='line_1_23' title="bbox 61 1557 1166 1608; baseline 0.001 -14"><span class='ocrx_word' id='word_1_153' title='bbox 61 1573 137 1597; x_wconf 85' lang='lat' dir='ltr'>rus.</span> <span class='ocrx_word' id='word_1_154' title='bbox 191 1559 281 1598; x_wconf 89' lang='lat' dir='ltr'>Quo</span> <span class='ocrx_word' id='word_1_155' title='bbox 310 1558 471 1608; x_wconf 89' lang='lat' dir='ltr'>primum</span> <span class='ocrx_word' id='word_1_156' title='bbox 500 1557 559 1593; x_wconf 88' lang='lat' dir='ltr'>die</span> <span class='ocrx_word' id='word_1_157' title='bbox 587 1557 689 1593; x_wconf 89' lang='lat' dir='ltr'>haud</span> <span class='ocrx_word' id='word_1_158' title='bbox 716 1557 849 1607; x_wconf 89' lang='lat' dir='ltr'>procul</span> <span class='ocrx_word' id='word_1_159' title='bbox 866 1558 980 1608; x_wconf 84' lang='lat' dir='ltr'>Arpis</span> <span class='ocrx_word' id='word_1_160' title='bbox 1007 1559 1046 1594; x_wconf 89' lang='lat' dir='ltr'>in</span> <span class='ocrx_word' id='word_1_161' title='bbox 1076 1572 1166 1595; x_wconf 88' lang='lat' dir='ltr'>con-</span> 
     </span>
     <span class='ocr_line' id='line_1_24' title="bbox 64 1620 1166 1674; baseline -0.003 -13"><span class='ocrx_word' id='word_1_162' title='bbox 64 1630 195 1674; x_wconf 81' lang='lat' dir='ltr'>spectu</span> <span class='ocrx_word' id='word_1_163' title='bbox 208 1621 375 1658; x_wconf 89' lang='lat' dir='ltr'>hostium</span> <span class='ocrx_word' id='word_1_164' title='bbox 394 1621 521 1670; x_wconf 84' lang='lat' dir='ltr'>posuit</span> <span class='ocrx_word' id='word_1_165' title='bbox 540 1626 677 1663; x_wconf 87' lang='lat' dir='ltr'>castra,</span> <span class='ocrx_word' id='word_1_166' title='bbox 693 1620 798 1656; x_wconf 88' lang='lat' dir='ltr'>nulla</span> <span class='ocrx_word' id='word_1_167' title='bbox 817 1633 924 1657; x_wconf 88' lang='lat' dir='ltr'>mora</span> <span class='ocrx_word' id='word_1_168' title='bbox 943 1622 1058 1664; x_wconf 88' lang='lat' dir='ltr'>facta,</span> <span class='ocrx_word' id='word_1_169' title='bbox 1075 1623 1166 1671; x_wconf 90' lang='lat' dir='ltr'>quin</span> 
     </span>
     <span class='ocr_line' id='line_1_25' title="bbox 61 1684 1165 1734; baseline -0.003 -10"><span class='ocrx_word' id='word_1_170' title='bbox 61 1687 203 1724; x_wconf 88' lang='lat' dir='ltr'>Poenus</span> <span class='ocrx_word' id='word_1_171' title='bbox 223 1684 397 1721; x_wconf 89' lang='lat' dir='ltr'>educeret</span> <span class='ocrx_word' id='word_1_172' title='bbox 422 1684 461 1718; x_wconf 92' lang='lat' dir='ltr'>in</span> <span class='ocrx_word' id='word_1_173' title='bbox 489 1684 622 1726; x_wconf 88' lang='lat' dir='ltr'>aciem,</span> <span class='ocrx_word' id='word_1_174' title='bbox 644 1684 865 1733; x_wconf 87' lang='lat' dir='ltr'>copiamque</span> <span class='ocrx_word' id='word_1_175' title='bbox 891 1685 1084 1734; x_wconf 81' lang='lat' dir='ltr'>pugnandi</span> <span class='ocrx_word' id='word_1_176' title='bbox 1108 1685 1165 1721; x_wconf 90' lang='lat' dir='ltr'>fa-</span> 
     </span>
     <span class='ocr_line' id='line_1_26' title="bbox 62 1746 1168 1796; baseline -0.002 -10"><span class='ocrx_word' id='word_1_177' title='bbox 62 1755 185 1786; x_wconf 86' lang='lat' dir='ltr'>ceret:</span> <span class='ocrx_word' id='word_1_178' title='bbox 218 1747 283 1783; x_wconf 90' lang='lat' dir='ltr'>sed</span> <span class='ocrx_word' id='word_1_179' title='bbox 303 1746 366 1782; x_wconf 86' lang='lat' dir='ltr'>ubi</span> <span class='ocrx_word' id='word_1_180' title='bbox 385 1747 513 1794; x_wconf 87' lang='lat' dir='ltr'>quieta</span> <span class='ocrx_word' id='word_1_181' title='bbox 532 1747 660 1782; x_wconf 81' lang='lat' dir='ltr'>omnia</span> <span class='ocrx_word' id='word_1_182' title='bbox 675 1747 775 1796; x_wconf 90' lang='lat' dir='ltr'>apud</span> <span class='ocrx_word' id='word_1_183' title='bbox 789 1747 932 1790; x_wconf 89' lang='lat' dir='ltr'>hostes,</span> <span class='ocrx_word' id='word_1_184' title='bbox 954 1760 1023 1783; x_wconf 90' lang='lat' dir='ltr'>nec</span> <span class='ocrx_word' id='word_1_185' title='bbox 1044 1755 1168 1785; x_wconf 82' lang='lat' dir='ltr'>castra</span> 
     </span>
     <span class='ocr_line' id='line_1_27' title="bbox 59 1809 1163 1859; baseline -0.002 -9"><span class='ocrx_word' id='word_1_186' title='bbox 59 1813 138 1850; x_wconf 83' lang='lat' dir='ltr'>ullo</span> <span class='ocrx_word' id='word_1_187' title='bbox 167 1809 332 1848; x_wconf 86' lang='lat' dir='ltr'>tumultu</span> <span class='ocrx_word' id='word_1_188' title='bbox 360 1815 465 1845; x_wconf 89' lang='lat' dir='ltr'>mota</span> <span class='ocrx_word' id='word_1_189' title='bbox 483 1809 607 1854; x_wconf 77' lang='lat' dir='ltr'>videt3</span> <span class='ocrx_word' id='word_1_190' title='bbox 640 1810 837 1859; x_wconf 86' lang='lat' dir='ltr'>increpans</span> <span class='ocrx_word' id='word_1_191' title='bbox 858 1811 1021 1859; x_wconf 71' lang='lat' dir='ltr'>quidem,</span> <span class='ocrx_word' id='word_1_192' title='bbox 1044 1812 1163 1848; x_wconf 88' lang='lat' dir='ltr'>victos</span> 
     </span>
     <span class='ocr_line' id='line_1_28' title="bbox 59 1872 1161 1924; baseline 0 -11"><span class='ocrx_word' id='word_1_193' title='bbox 59 1876 213 1914; x_wconf 84' lang='lat' dir='ltr'>tandem</span> <span class='ocrx_word' id='word_1_194' title='bbox 232 1886 380 1924; x_wconf 90' lang='lat' dir='ltr'>quoque</span> <span class='ocrx_word' id='word_1_195' title='bbox 405 1872 567 1909; x_wconf 84' lang='lat' dir='ltr'>Martios</span> <span class='ocrx_word' id='word_1_196' title='bbox 597 1873 742 1910; x_wconf 85' lang='lat' dir='ltr'>animos</span> <span class='ocrx_word' id='word_1_197' title='bbox 772 1873 972 1918; x_wconf 86' lang='lat' dir='ltr'>Romanis,</span> <span class='ocrx_word' id='word_1_198' title='bbox 999 1875 1161 1913; x_wconf 85' lang='lat' dir='ltr'>debella-</span> 
     </span>
     <span class='ocr_line' id='line_1_29' title="bbox 59 1937 1163 1988; baseline -0.001 -12"><span class='ocrx_word' id='word_1_199' title='bbox 59 1947 227 1988; x_wconf 80' lang='lat' dir='ltr'>tumque,</span> <span class='ocrx_word' id='word_1_200' title='bbox 247 1947 284 1975; x_wconf 91' lang='lat' dir='ltr'>et</span> <span class='ocrx_word' id='word_1_201' title='bbox 303 1949 522 1974; x_wconf 91' lang='lat' dir='ltr'>concessum</span> <span class='ocrx_word' id='word_1_202' title='bbox 541 1937 737 1988; x_wconf 82' lang='lat' dir='ltr'>propalam</span> <span class='ocrx_word' id='word_1_203' title='bbox 757 1937 802 1973; x_wconf 90' lang='lat' dir='ltr'>de</span> <span class='ocrx_word' id='word_1_204' title='bbox 822 1939 960 1974; x_wconf 86' lang='lat' dir='ltr'>virtute</span> <span class='ocrx_word' id='word_1_205' title='bbox 979 1952 1022 1974; x_wconf 91' lang='lat' dir='ltr'>ac</span> <span class='ocrx_word' id='word_1_206' title='bbox 1041 1939 1163 1988; x_wconf 81' lang='lat' dir='ltr'>gloria</span> 
     </span>
     <span class='ocr_line' id='line_1_30' title="bbox 59 2003 1160 2046; baseline 0.002 -6"><span class='ocrx_word' id='word_1_207' title='bbox 59 2016 152 2046; x_wconf 87' lang='lat' dir='ltr'>esse,</span> <span class='ocrx_word' id='word_1_208' title='bbox 173 2004 212 2039; x_wconf 91' lang='lat' dir='ltr'>in</span> <span class='ocrx_word' id='word_1_209' title='bbox 241 2008 364 2038; x_wconf 87' lang='lat' dir='ltr'>castra</span> <span class='ocrx_word' id='word_1_210' title='bbox 387 2003 520 2038; x_wconf 85' lang='lat' dir='ltr'>rediit:</span> <span class='ocrx_word' id='word_1_211' title='bbox 553 2010 718 2039; x_wconf 87' lang='lat' dir='ltr'>ceterum</span> <span class='ocrx_word' id='word_1_212' title='bbox 742 2004 859 2040; x_wconf 90' lang='lat' dir='ltr'>tacita</span> <span class='ocrx_word' id='word_1_213' title='bbox 877 2017 966 2040; x_wconf 89' lang='lat' dir='ltr'>cura</span> <span class='ocrx_word' id='word_1_214' title='bbox 994 2006 1160 2042; x_wconf 87' lang='lat' dir='ltr'>animum</span> 
     </span>
     <span class='ocr_line' id='line_1_31' title="bbox 55 2066 1160 2117; baseline 0.003 -13"><span class='ocrx_word' id='word_1_215' title='bbox 55 2068 245 2110; x_wconf 86' lang='lat' dir='ltr'>incensus,</span> <span class='ocrx_word' id='word_1_216' title='bbox 271 2066 373 2115; x_wconf 90' lang='lat' dir='ltr'>quod</span> <span class='ocrx_word' id='word_1_217' title='bbox 401 2079 487 2102; x_wconf 89' lang='lat' dir='ltr'>cum</span> <span class='ocrx_word' id='word_1_218' title='bbox 519 2067 626 2110; x_wconf 89' lang='lat' dir='ltr'>duce,</span> <span class='ocrx_word' id='word_1_219' title='bbox 655 2068 943 2117; x_wconf 85' lang='lat' dir='ltr'>haudquaquam</span> <span class='ocrx_word' id='word_1_220' title='bbox 971 2069 1160 2107; x_wconf 88' lang='lat' dir='ltr'>Flaminio</span> 
     </span>
     <span class='ocr_line' id='line_1_32' title="bbox 56 2130 1158 2181; baseline 0.004 -14"><span class='ocrx_word' id='word_1_221' title='bbox 56 2131 353 2181; x_wconf 87' lang='lat' dir='ltr'>Sempronioque</span> <span class='ocrx_word' id='word_1_222' title='bbox 382 2130 508 2174; x_wconf 88' lang='lat' dir='ltr'>simili,</span> <span class='ocrx_word' id='word_1_223' title='bbox 527 2131 654 2167; x_wconf 88' lang='lat' dir='ltr'>futura</span> <span class='ocrx_word' id='word_1_224' title='bbox 683 2132 754 2168; x_wconf 91' lang='lat' dir='ltr'>sibi</span> <span class='ocrx_word' id='word_1_225' title='bbox 775 2145 833 2168; x_wconf 87' lang='lat' dir='ltr'>res</span> <span class='ocrx_word' id='word_1_226' title='bbox 863 2140 983 2179; x_wconf 78' lang='lat' dir='ltr'>esset3</span> <span class='ocrx_word' id='word_1_227' title='bbox 1016 2147 1059 2170; x_wconf 90' lang='lat' dir='ltr'>ac</span> <span class='ocrx_word' id='word_1_228' title='bbox 1078 2140 1158 2171; x_wconf 88' lang='lat' dir='ltr'>tum</span> 
     </span>
     <span class='ocr_line' id='line_1_33' title="bbox 55 2194 1156 2245; baseline 0.002 -13"><span class='ocrx_word' id='word_1_229' title='bbox 55 2195 204 2232; x_wconf 88' lang='lat' dir='ltr'>demum</span> <span class='ocrx_word' id='word_1_230' title='bbox 222 2194 347 2230; x_wconf 89' lang='lat' dir='ltr'>edocti</span> <span class='ocrx_word' id='word_1_231' title='bbox 371 2194 479 2230; x_wconf 89' lang='lat' dir='ltr'>malis</span> <span class='ocrx_word' id='word_1_232' title='bbox 506 2194 675 2231; x_wconf 89' lang='lat' dir='ltr'>Romani</span> <span class='ocrx_word' id='word_1_233' title='bbox 704 2208 833 2245; x_wconf 86' lang='lat' dir='ltr'>parem</span> <span class='ocrx_word' id='word_1_234' title='bbox 859 2196 1068 2233; x_wconf 87' lang='lat' dir='ltr'>Hannibali</span> <span class='ocrx_word' id='word_1_235' title='bbox 1089 2199 1156 2234; x_wconf 76' lang='lat' dir='ltr'>du-</span> 
     </span>
     <span class='ocr_line' id='line_1_34' title="bbox 0 2257 1155 2310; baseline 0.003 -17"><span class='ocrx_word' id='word_1_236' title='bbox 0 2303 2 2310; x_wconf 38' lang='grc' dir='ltr'>Ι</span> <span class='ocrx_word' id='word_1_237' title='bbox 56 2270 136 2293; x_wconf 89' lang='lat' dir='ltr'>cem</span> <span class='ocrx_word' id='word_1_238' title='bbox 155 2258 385 2307; x_wconf 86' lang='lat' dir='ltr'>quaesissent.</span> <span class='ocrx_word' id='word_1_239' title='bbox 442 2258 494 2294; x_wconf 89' lang='lat' dir='ltr'>Et</span> <span class='ocrx_word' id='word_1_240' title='bbox 520 2257 758 2308; x_wconf 88' lang='lat' dir='ltr'>prudentiam</span> <span class='ocrx_word' id='word_1_241' title='bbox 778 2260 942 2307; x_wconf 86' lang='lat' dir='ltr'>quidem,</span> <span class='ocrx_word' id='word_1_242' title='bbox 964 2273 1040 2296; x_wconf 87' lang='lat' dir='ltr'>nou</span> <span class='ocrx_word' id='word_1_243' title='bbox 1067 2262 1155 2303; x_wconf 86' lang='lat' dir='ltr'>vim,</span> 
     </span>
     <span class='ocr_line' id='line_1_35' title="bbox 0 2322 1155 2374; baseline 0.001 -15"><span class='ocrx_word' id='word_1_244' title='bbox 0 2367 2 2373; x_wconf 25' lang='lat' dir='ltr'>y</span> <span class='ocrx_word' id='word_1_245' title='bbox 56 2322 248 2359; x_wconf 82' lang='lat' dir='ltr'>dictatoris</span> <span class='ocrx_word' id='word_1_246' title='bbox 274 2322 465 2374; x_wconf 87' lang='lat' dir='ltr'>extemplo</span> <span class='ocrx_word' id='word_1_247' title='bbox 484 2323 635 2360; x_wconf 86' lang='lat' dir='ltr'>timuit:</span> <span class='ocrx_word' id='word_1_248' title='bbox 668 2323 924 2362; x_wconf 81' lang='lat' dir='ltr'>constantiam</span> <span class='ocrx_word' id='word_1_249' title='bbox 949 2324 1049 2360; x_wconf 88' lang='lat' dir='ltr'>haud</span> <span class='ocrx_word' id='word_1_250' title='bbox 1069 2325 1155 2361; x_wconf 86' lang='lat' dir='ltr'>dum</span> 
     </span>
     <span class='ocr_line' id='line_1_36' title="bbox 108 2384 635 2424; baseline 0.006 -5"><span class='ocrx_word' id='word_1_251' title='bbox 108 2384 207 2422; x_wconf 64' lang='lat' dir='ltr'>Vot.</span> <span class='ocrx_word' id='word_1_252' title='bbox 237 2385 290 2424; x_wconf 89' lang='grc' dir='ltr'>ΙΙ.</span> <span class='ocrx_word' id='word_1_253' title='bbox 590 2385 635 2422; x_wconf 89' lang='lat' dir='ltr'>M</span> 
     </span>
    </p>
   </div>
   <div class='ocr_carea' id='block_1_4' title="bbox 1187 292 1373 371">
    <p class='ocr_par' dir='ltr' id='par_1_5' title="bbox 1187 292 1373 371">
     <span class='ocr_line' id='line_1_37' title="bbox 1189 292 1373 324; baseline 0.016 -2"><span class='ocrx_word' id='word_1_254' title='bbox 1189 292 1231 324; x_wconf 88' lang='lat' dir='ltr'>U.</span> <span class='ocrx_word' id='word_1_255' title='bbox 1242 292 1278 323; x_wconf 88' lang='lat' dir='ltr'>C.</span> <span class='ocrx_word' id='word_1_256' title='bbox 1297 296 1373 324; x_wconf 63' lang='lat'>535:</span> 
     </span>
     <span class='ocr_line' id='line_1_38' title="bbox 1187 336 1367 371; baseline 0.006 -6"><span class='ocrx_word' id='word_1_257' title='bbox 1187 337 1226 366; x_wconf 88' lang='lat' dir='ltr'>A.</span> <span class='ocrx_word' id='word_1_258' title='bbox 1240 336 1276 366; x_wconf 89' lang='lat' dir='ltr'>C.</span> <span class='ocrx_word' id='word_1_259' title='bbox 1294 343 1367 371; x_wconf 84' lang='lat'>217.</span> 
     </span>
    </p>
   </div>
   <div class='ocr_carea' id='block_1_5' title="bbox 1178 1567 1369 1685">
    <p class='ocr_par' dir='ltr' id='par_1_6' title="bbox 1178 1567 1369 1685">
     <span class='ocr_line' id='line_1_39' title="bbox 1182 1567 1369 1609; baseline -0.016 -11"><span class='ocrx_word' id='word_1_260' title='bbox 1182 1567 1297 1600; x_wconf 57' lang='lat' dir='ltr'>Fabius</span> <span class='ocrx_word' id='word_1_261' title='bbox 1314 1580 1369 1609; x_wconf 86' lang='lat' dir='ltr'>pu-</span> 
     </span>
     <span class='ocr_line' id='line_1_40' title="bbox 1180 1613 1342 1649; baseline 0.006 -8"><span class='ocrx_word' id='word_1_262' title='bbox 1180 1620 1277 1649; x_wconf 81' lang='lat' dir='ltr'>gnam</span> <span class='ocrx_word' id='word_1_263' title='bbox 1292 1613 1342 1642; x_wconf 31' lang='lat' dir='ltr'>de*</span> 
     </span>
     <span class='ocr_line' id='line_1_41' title="bbox 1178 1660 1298 1685; baseline -0.008 -2"><span class='ocrx_word' id='word_1_264' title='bbox 1178 1660 1298 1685; x_wconf 71' lang='lat' dir='ltr'>tractat.</span> 
     </span>
    </p>
   </div>
  </div>
 </body>
</html>
