1527 2661
383 178 464 220 234
833 179 878 206 T.
901 178 1031 206 mvn

188 270 277 299 ΠΟ.
297 275 447 303 535-aut
475 274 561 318 post
590 268 782 317 pugnandi
811 269 980 305 ordinem
1010 268 1144 305 dabat:
1182 273 1383 315 tantusque
1411 267 1483 304 fuit

185 313 276 342 A‘C'
295 319 491 366 2¹⁷·ardor
523 343 726 374 armorum,
759 332 850 368 adeo
879 332 1047 367 intentus
1081 343 1217 381 pugnae
1248 330 1408 372 animus,
1444 337 1483 366 ut

186 395 291 424 Terrae
379 406 464 429 eum
499 400 645 429 motum
682 400 804 438 terrae,
843 395 906 443 qui
942 395 1144 430 multarum
1181 393 1328 429 urbium
1366 392 1486 428 Italiae

184 444 315 509 Ξέἳὲἑω
379 469 534 505 magnas
568 464 692 506 partes
724 460 942 507 prostravit,
975 459 1183 506 avertitque
1213 469 1323 493 cursu
1355 456 1487 507 rapido

186 532 336 561 pugnan-
381 532 523 562 amnes,
553 533 654 555 mare
684 520 899 557 fluminibus
930 521 1088 563 invexit,
1118 527 1266 556 montes
1296 520 1401 569 lapsu
1432 521 1489 556 in·

186 571 271 638 ἕξω
287 575 359 596 sen‘
381 584 485 632 genti
505 585 666 633 proruit,
686 597 799 620 nemo
819 585 1071 635 pugnantium
1091 584 1260 621 senserit.

435 647 502 684 VI.
532 647 625 684 Tres
655 648 773 684 ferme
805 650 917 685 horas
946 656 1155 700 pugnatum
1186 654 1255 693 est,
1289 653 1326 684 et
1353 647 1492 697 ubique

381 712 579 748 atrociter:
613 713 711 749 circa
731 712 924 749 consulem
951 720 1078 749 tamen
1105 713 1227 749 acrior
1244 711 1491 761 infestiorque

379 788 510 825 pugna
529 783 597 814 est.
649 777 749 813 Eum
769 786 807 814 et
825 778 964 814 robora
981 779 1149 813 virorum
1169 775 1434 824 sequebantur,
1456 781 1495 811 et

381 840 474 890 ipse,
495 853 730 890 quacumque
749 842 789 877 in
808 848 914 891 parte
933 842 1053 892 premi
1073 854 1115 877 ac
1135 839 1307 876 laborare
1327 845 1495 875 senserat

383 916 485 947 suos,
513 905 660 955 inpigre
686 905 833 943 ferebat
858 919 968 958 opem
988 923 997 952 ;
1031 906 1292 954 insignemque
1319 904 1430 939 armis
1447 910 1495 939 vet

383 967 513 1004 hostes
533 982 679 1006 summa
697 972 734 1006 vi
760 971 956 1021 petebant,
986 978 1024 1006 et
1045 969 1250 1006 tuebantur
1272 968 1369 1003 cives
1389 982 1396 1002 :
1428 967 1496 1004 do·

383 1043 453 1067 nec
473 1032 633 1069 Insuber
652 1046 764 1082 eques
787 1034 974 1082 (Ducario
1000 1046 1139 1070 nomen
1160 1032 1256 1079 erat)
1286 1030 1382 1067 facie
1401 1044 1496 1079 quo·

384 1107 456 1143 que
476 1097 684 1140 noscitans,
704 1099 846 1141 Consul,
865 1111 920 1142 en,
942 1098 1078 1147 inquit,
1097 1097 1152 1133 hic
1171 1101 1235 1139 est,
1252 1093 1496 1145 popularibus

170 1166 261 1215 Mers
276 1167 347 1198 Fla·
384 1159 485 1205 suis3
518 1163 579 1209 qui
608 1162 760 1210 legiones
788 1168 926 1199 nostras
951 1164 1091 1205 cecidit,
1120 1171 1292 1209 agrosque
1317 1164 1352 1195 et
1380 1159 1500 1198 urbem

170 1219 274 1240 mum·
385 1229 437 1260 est
449 1226 697 1273 depopulatus.
744 1228 832 1264 Jam
851 1240 913 1276 ego
927 1228 1018 1263 hanc
1036 1228 1220 1263 victimam
1238 1224 1400 1260 manibus
1413 1235 1499 1272 per-

384 1293 560 1325 emtorum
577 1290 681 1337 soede
718 1294 848 1328 civium
878 1293 968 1328 dabo
982 1309 993 1328 .·
1022 1290 1256 1338 subditisque
1290 1287 1499 1324 calcaribus

384 1364 497 1400 equo,
527 1366 594 1403 per
623 1355 939 1390 confertissimam
964 1356 1134 1390 hostium
1154 1353 1305 1390 turbam
1330 1352 1500 1401 inpetum

384 1415 499 1451 facit:
532 1416 836 1466 obtruncatoque
861 1419 962 1467 prius
990 1417 1191 1465 armigero,
1212 1416 1275 1464 qui
1302 1427 1340 1450 se
1360 1414 1500 1450 infesto

385 1480 553 1514 venienti
582 1479 732 1515 obviam
762 1479 969 1530 objecerat,
998 1479 1191 1516 consulem
1217 1478 1348 1513 lancea
1376 1483 1501 1512 trans-

386 1541 489 1578 fixit:
523 1543 685 1592 spoliare
705 1545 920 1593 cupientem
939 1544 1059 1579 triarii
1077 1542 1237 1592 objectis
1258 1541 1372 1577 scutis
1393 1552 1502 1575 arcu-

173 1609 314 1658 Fugiunt
387 1618 461 1642 ere.
503 1606 657 1655 Maguae
676 1609 793 1657 partis
813 1607 904 1656 fuga
923 1608 1008 1643 inde
1027 1607 1190 1657 primum
1210 1605 1345 1654 coepit:
1370 1608 1407 1639 et
1419 1601 1503 1652 jam

173 1652 322 1684 Romam*
388 1684 459 1707 nec
478 1671 596 1715 lacus,
616 1686 687 1709 nec
706 1681 855 1710 montes
879 1672 1085 1709 obstabant
1104 1670 1234 1721 pavori
1252 1684 1259 1704 ε
1292 1680 1358 1717 per
1377 1666 1507 1703 omnia

390 1742 472 1771 arta
500 1743 764 1785 praeruptaque
789 1736 892 1772 velut
921 1736 1010 1772 caeci
1039 1734 1225 1770 evadunt:
1262 1742 1438 1779 armaque
1467 1735 1506 1765 et

390 1800 461 1835 viri
492 1812 603 1850 super
637 1801 751 1837 alium
785 1801 847 1837 alii
878 1799 1173 1850 praecipitantur.
1229 1797 1322 1832 Pars
1351 1806 1505 1842 magna,

392 1862 458 1897 ubi
490 1862 594 1898 locus
628 1864 726 1912 fugae
760 1865 877 1906 deest,
913 1876 979 1913 per
1011 1863 1131 1911 prima
1161 1860 1255 1896 vada
1287 1858 1432 1908 paludis
1467 1857 1506 1892 in

394 1939 529 1974 aquam
560 1929 762 1976 progressi,
797 1928 920 1976 quoad
953 1926 1139 1975 capitibus
1168 1924 1408 1970 humerisque
1437 1935 1508 1958 ex-

394 1997 493 2027 stare
520 2000 692 2042 possunt,
723 2005 803 2029 sese
833 1994 1071 2041 ininergunt:
1107 1991 1224 2031 fuere,
1253 2001 1346 2037 quos
1372 1989 1507 2024 incon-

395 2055 514 2091 sultus
535 2068 651 2105 pavor
670 2057 799 2093 nando
817 2058 931 2092 etiam
951 2066 1144 2105 capessere
1166 2053 1295 2100 fugam
1317 2051 1508 2102 inpulerit.

396 2120 490 2158 Quae
512 2120 574 2155 ubi
596 2121 765 2156 inmensa
785 2133 827 2156 ac
848 2121 927 2155 sine
956 2131 1022 2167 spe
1046 2124 1139 2159 erat,
1161 2122 1226 2152 aut
1247 2115 1508 2152 deficientibus

396 2183 530 2219 animis
568 2184 839 2220 hauriebantur
882 2181 1108 2231 gurgitibus,
1151 2187 1215 2216 aut
1253 2179 1507 2228 nequidquam

397 2246 482 2282 fessi
506 2247 599 2282 vada
626 2255 725 2283 retro
757 2248 950 2295 aegerrime
979 2244 1214 2296 repetebant,
1242 2250 1355 2292 atque
1380 2242 1432 2278 ibi
1458 2242 1506 2278 ab

397 2311 575 2359 ingressis
603 2324 737 2360 aquam
765 2312 933 2348 hostium
961 2309 1147 2359 equitibus
1175 2308 1313 2359 passim
1343 2306 1507 2344 trucida·
