1527 2661
329 167 416 211 430
791 164 837 192 T.
866 164 1000 193 mvn

135 243 178 285 U.
193 255 229 284 C.
246 261 318 290 539.
331 261 477 305 septem
511 253 629 290 millia
660 253 859 289 hominum
889 259 1014 302 capta,
1045 259 1085 288 et
1114 251 1195 288 aeris
1225 253 1447 303 argentique
1497 279 1499 303 ἒ

135 298 226 329 A.C.
242 306 303 329 213

134 351 310 381 Romaein-
364 357 378 368 ³

133 395 300 425 cendium.
331 383 422 419 duas
443 388 575 418 noctes
597 394 640 417 ac
660 380 760 416 diem
780 393 896 416 unum
916 381 1063 416 tenuit:
1096 379 1179 416 solo
1200 386 1348 429 aequata
1361 393 1444 416 om·
1498 387 1500 393 “

329 448 394 484 nia
414 448 512 482 inter
535 445 683 481 Salinas
704 458 747 480 ac
778 451 930 494 portam
950 444 1244 488 Carmentalem,
1266 457 1351 480 cum
1369 444 1443 481 AE-

329 510 521 560 quimaelio
550 509 786 557 Jugarioque
814 509 921 544 vico:
956 509 993 544 in
1023 508 1173 558 templis
1192 508 1373 544 Fortunae
1402 521 1446 544 ac
1501 518 1503 528 ⁴

329 576 460 611 matris
487 575 649 611 Matutae
680 580 718 609 et
747 574 834 623 Spei
864 579 971 609 extra
999 580 1163 623 portam,
1184 572 1260 609 late
1288 579 1445 622 vagatus

331 640 430 688 ignis
452 653 558 676 sacra
576 638 812 689 profanaque
832 637 951 674 multa
971 638 1167 674 absumsit.

134 700 197 749 RPS
215 701 247 730 in
266 744 271 749 ,
385 703 578 741 XLVIII.
608 703 756 740 Eodem
783 716 884 739 anno
917 703 961 740 Ρ.
975 709 1013 739 et
1042 703 1112 739 Cn.
1128 701 1311 746 Cornelii,
1331 715 1447 752 quum

133 744 293 827 333⁰OE
330 770 370 805 in
390 769 580 819 Hispania
608 781 666 804 res
697 780 886 818 prosperae
917 775 1055 811 essent,
1076 767 1294 817 multosque
1322 773 1362 804 et
1385 779 1449 803 ve·

331 842 428 870 teres
449 834 660 884 reciperent
680 833 818 876 socios,
840 839 877 868 et
896 845 1016 869 novos
1043 831 1265 882 adjicerent,
1285 832 1325 868 in
1343 832 1449 868 Afri-

135 892 241 964 ἓεὲἰῑῑ
259 893 297 922 ad
333 913 414 935 cam
441 911 591 948 quoque
625 910 730 948 spem
763 897 1029 933 extenderunt.
1087 896 1242 946 Syphax
1272 902 1353 933 erat
1381 910 1449 934 rex

133 944 317 1008 ῐῃζξςῑᾶἓθω
330 964 598 1005 Numidarum,
631 961 758 998 subito
792 960 1181 1009 Karthaginiensibus
1214 961 1336 997 hostis
1366 960 1447 998 fac-

133 1021 292 1094 ξὲῖςρῑθΰῑ·
330 1035 414 1064 tus:
448 1027 597 1063 adeum
621 1025 861 1061 centuriones
888 1031 963 1060 tres
990 1023 1137 1073 legatos
1164 1026 1361 1069 miserunt,
1383 1026 1449 1075 qui

198 1086 205 1094 ’
330 1106 416 1129 cum
436 1105 481 1127 eo
502 1091 708 1127 amicitiam
736 1090 1033 1137 societatemque
1051 1088 1222 1125 facerent
1234 1104 1245 1134 3
1278 1095 1316 1125 et
1334 1089 1447 1140 polli-

328 1164 518 1198 ceremur,
540 1157 570 1191 si
590 1160 847 1205 perseveraret
870 1166 1003 1202 urgere
1022 1152 1125 1189 bello
1144 1152 1447 1202 Karthaginien-

328 1234 400 1264 seS,
423 1227 570 1270 gratam
590 1233 673 1255 eam
692 1232 771 1255 rem
791 1219 873 1255 fore
893 1221 1042 1256 senatui
1062 1219 1280 1269 populoque
1298 1220 1444 1257 Roma-

327 1299 394 1329 no,
416 1293 454 1321 et
473 1285 686 1327 adnisuros,
709 1291 750 1319 ut
770 1284 808 1320 in
828 1291 1014 1334 tempore,
1037 1291 1074 1320 et
1098 1283 1197 1320 bene
1216 1284 1446 1321 cumulatam

329 1350 492 1398 gratiam
521 1348 700 1384 referant.
758 1348 878 1384 Grata
910 1360 955 1383 ea
983 1347 1126 1396 legatio
1155 1347 1319 1384 barbaro
1346 1347 1443 1385 fuit:

327 1414 628 1462 conlocutusque
655 1425 740 1448 cum
766 1412 900 1460 legatis
921 1412 965 1448 de
994 1413 1142 1448 ratione
1162 1411 1251 1448 belli
1271 1412 1444 1465 gerundi,

327 1485 370 1515 ut
397 1485 566 1514 veterum
592 1477 755 1513 militum
783 1476 895 1512 verba
923 1476 1078 1519 audivit,
1101 1489 1213 1525 quam
1242 1476 1448 1513 multarum

326 1555 452 1579 rerum
471 1543 551 1591 ipse
581 1542 733 1590 ignarus
764 1547 877 1584 esset,
899 1554 945 1577 ex
969 1541 1254 1591 comparatione
1283 1547 1362 1576 tam
1380 1554 1443 1577 or-

327 1607 464 1642 dinatae
484 1605 705 1655 disciplinae,
727 1605 894 1640 animum
915 1604 1088 1641 advertit.
1146 1604 1260 1647 Tum,
1280 1605 1444 1654 primum

326 1678 368 1707 ut
388 1684 457 1721 pro
486 1670 597 1706 bonis
629 1683 671 1705 ac
692 1669 863 1705 fidelibus
894 1670 1007 1705 sociis
1032 1669 1216 1712 facerent,
1248 1669 1384 1713 oravit,
1404 1674 1446 1706 ut

326 1737 396 1772 dico
428 1737 640 1783 legationem
677 1734 854 1783 referrent
885 1736 935 1770 ad
964 1736 1194 1783 imperatores
1223 1747 1326 1780 suos3
1358 1747 1448 1771 unus

326 1802 427 1849 apud
445 1813 516 1836 sese
541 1802 712 1848 riiagister
738 1802 790 1835 rei
815 1801 983 1835 militaris
1006 1804 1228 1835 remaneret:
1255 1800 1381 1835 rudem
1399 1799 1449 1835 ad

323 1867 505 1914 pedestria
525 1865 618 1900 bella
638 1866 882 1901 Numidarum
905 1870 1048 1912 gentem
1074 1877 1156 1907 esse,
1183 1865 1281 1912 equis
1307 1868 1448 1900 tantum

327 1931 492 1966 habilem.
552 1931 610 1965 Ita
621 1929 699 1976 jam
723 1931 804 1965 inde
823 1943 845 1965 α
860 1931 1052 1978 principiis
1064 1931 1181 1977 gentis
1198 1927 1351 1975 majores
1367 1940 1448 1964 suos

325 1995 419 2031 bella
436 1995 592 2041 gessisse,
614 1995 667 2029 ita
686 2006 721 2029 se
739 2006 762 2029 α
779 1996 900 2042 pueris
920 1996 1083 2030 insuetos.
1131 1994 1205 2030 Sed
1223 1993 1350 2029 habere
1368 1993 1446 2029 hos-

326 2066 395 2096 tem
411 2061 570 2108 pedestri
587 2060 768 2107 fidentem
788 2061 935 2096 Marte:
965 2062 1021 2096 cni
1039 2062 1070 2096 si
1094 2061 1231 2108 aequari
1254 2059 1377 2095 robore
1394 2061 1447 2095 vi-

322 2127 416 2161 rium
442 2125 544 2166 velit,
565 2129 599 2160 et
623 2125 688 2160 sibi
716 2127 852 2173 pedites
881 2125 1139 2173 comparandos
1158 2135 1251 2167 esse,·
1281 2128 1316 2159 et
1343 2124 1393 2159 ad
1412 2124 1450 2166 id

323 2190 553 2225 multitudine
572 2188 689 2224 homin
697 2201 753 2224 um
773 2201 922 2236 regnum
941 2190 1126 2225 abundare
1141 2205 1152 2224 .·
1180 2189 1240 2224 sed
1259 2188 1445 2230 armandi,

323 2253 547 2300 ornandique
575 2257 609 2288 et
639 2253 835 2288 instruendi
864 2265 921 2288 eos
950 2258 1064 2289 artem
1093 2254 1282 2300 ignorare:
1311 2253 1444 2294 omnia,

322 2318 420 2353 velut
437 2316 545 2365 forte
564 2322 784 2365 congregata
814 2318 930 2361 turba,
952 2323 1054 2354 vasta
1083 2329 1126 2352 ac
1147 2317 1338 2352 temeraria
1363 2327 1444 2352 esse.

263 352 267 356 .
310 319 472 367 ·signati
503 317 750 366 aliquantum.
807 316 944 352 Romae
964 316 1106 352 foedum
1138 316 1356 352 incendium
1380 329 1446 367 per
1498 362 1500 368 Ι
1526 338 1527 348 ¹
