1527 2661
373 159 528 188 LIBER
551 160 708 189 xxnI.
742 160 850 188 CAP.
874 159 958 188 XV.
1138 159 1229 201 321⁷

115 258 202 296 pere
230 247 277 283 ad
302 254 501 297 praetorem
521 247 740 284 Romanum
766 246 992 283 Marcellum
1014 246 1227 291 Claudium,
1241 250 1331 282 U.C.
1351 256 1424 282 536.

114 311 179 359 qui
200 310 357 347 Casilini
385 324 470 348 cum
497 313 664 348 exercitu
693 317 787 353 erat,
809 311 980 353 mittunt,
1001 310 1228 360 docentque,
1240 294 1281 323 Α·
1296 293 1332 324 C·
1350 300 1424 324 ⁹¹⁶·

113 380 257 423 quanto
276 374 316 410 in
335 374 551 411 discrimine
578 375 628 411 sit
645 374 801 410 Nolana
826 386 898 416 res,
920 386 1052 422 agrum
1077 374 1229 410 Hanni-
1242 351 1390 425 {332⁰ss

112 437 208 474 balis
228 449 308 474 esse
329 444 366 474 et
385 437 607 481 Poenorum,
630 438 760 474 urbem
781 437 970 487 extemplo
990 437 1170 482 futuram,
1191 439 1230 474 ni
1242 444 1334 466 vocat
1347 437 1434 468 Mar-

113 500 380 537 subveniatur:
413 502 656 538 concedendo
676 501 798 551 plebei
814 508 1001 545 senatum,
1019 501 1083 538 ubi
1097 501 1229 545 velint,
1243 479 1377 510 cellum.

113 563 326 601 defecturos
358 578 410 609 se,
442 579 489 602 ne
514 566 672 602 deficere
702 565 1019 615 praefestinarent,
1050 566 1230 604 effecisse.

114 628 335 672 Marcellus,
364 629 602 666 conlaudatis
630 629 808 672 Nolanis,
830 629 961 665 eadem
988 629 1231 668 simulatione

117 694 263 730 extrahi
280 707 358 730 rem
374 695 412 730 in
428 707 537 731 suum
553 695 758 731 adventum
770 693 888 744 jussit
903 710 909 731 :
933 695 1086 732 interim
1101 696 1228 740 celari,

116 772 198 808 quae
219 772 344 795 secum
366 766 452 796 acta
471 767 611 803 essent,
630 773 808 809 spemque
825 773 977 796 omnem
997 759 1127 796 auxilii
1146 759 1230 797 Ro-

114 823 229 859 mani.
286 823 373 873 Ipse
393 837 415 859 a
435 824 606 859 Casilino
630 823 817 860 Calatiam
842 824 961 873 petit:
994 830 1107 872 atque
1127 824 1228 868 inde,

117 885 304 922 Vulturno
323 887 426 922 amni
453 886 630 936 trajecto,
651 899 792 936 perque
816 899 948 934 agrum
969 886 1229 923 Saticulanum

113 949 449 999 Trebulanumque
468 963 582 1001 super
600 950 815 987 Suessulam
836 963 902 1001 per
917 956 1065 987 montes
1086 950 1229 988 Nolam

111 1013 295 1063 pervenit.

170 1078 258 1115 XV.
289 1077 366 1114 Sub
383 1078 585 1114 adventum
605 1079 777 1127 praetoris
794 1077 960 1114 Romani
976 1078 1118 1115 Poenus
1135 1092 1228 1129 agro

113 1141 270 1178 Nolano
290 1142 464 1184 excessit,
485 1148 522 1177 et
547 1142 593 1177 ad
620 1155 721 1178 mare
749 1143 920 1191 proxime
939 1142 1144 1193 Neapolim
1164 1144 1228 1180 de·

115 1205 276 1248 scendit,
306 1206 462 1256 cupidus
489 1206 666 1241 maritimi
688 1205 817 1255 oppidi
837 1206 1026 1256 potiundi,
1047 1220 1122 1255 quo
1143 1220 1227 1243 cur-

116 1281 177 1305 sus
197 1268 354 1305 navibus
385 1275 489 1305 tutus
517 1282 562 1305 ex
582 1269 712 1305 Africa
732 1275 843 1306 esset,
901 1270 1093 1313 Ceterum,
1121 1278 1226 1320 post--

116 1346 229 1381 quam
247 1332 452 1382 Neapolim
472 1345 494 1367 a
517 1332 697 1381 praefecto
719 1332 898 1368 Romano
925 1335 1044 1369 teneri
1065 1336 1226 1384 accepit,

119 1396 341 1445 (M.Junius
364 1396 512 1432 Silanus
538 1403 632 1439 erat,
654 1396 700 1432 ab
721 1397 811 1446 ipsis
832 1397 1099 1446 Neapolitanis
1124 1399 1225 1435 adci-

115 1460 193 1505 tus)
216 1459 381 1509 Neapoli
402 1472 564 1508 quoque,
587 1460 684 1494 sicut
703 1459 820 1501 Nola,
843 1460 995 1502 omissa,
1024 1462 1121 1510 petit
1139 1461 1224 1498 Nu·
1240 1450 1416 1523 ἓίἓὲῐῑξῗῖ

116 1525 254 1560 ceriam
270 1540 276 1559 :
310 1536 392 1559 eam
409 1536 523 1572 quum
544 1523 774 1572 aliquamdiu
790 1524 1104 1567 circumsedisset,
1127 1538 1225 1576 saepe
1240 1537 1334 1575 capit.

115 1589 165 1630 vi,
187 1601 284 1638 saepe
314 1587 560 1623 sollicitandis
588 1588 841 1636 nequidquam
860 1601 961 1624 nunc
988 1588 1098 1638 plebe
1125 1603 1227 1626 nune

115 1652 362 1702 principibus,
395 1651 495 1687 fame
533 1652 682 1687 demum
720 1653 758 1687 in
796 1652 1026 1688 deditionem
1064 1654 1224 1703 accepit,

116 1723 262 1765 pactus,
284 1721 325 1751 ut
342 1716 501 1751 inermes
523 1728 607 1751 cum
627 1715 783 1763 singulis
804 1715 953 1752 abirent
969 1717 1222 1753 vestimentis:

118 1779 265 1822 deinde,
298 1785 337 1813 ut
360 1778 424 1826 qui
457 1791 478 1813 a
509 1778 696 1827 principio
730 1779 831 1813 mitis
861 1779 1036 1815 omnibus
1067 1779 1226 1823 Italicis,

117 1851 253 1893 praeter
270 1840 483 1883 Romanos,
504 1842 622 1877 videri
640 1841 766 1884 vellet,
788 1843 943 1891 praemia
962 1849 1075 1891 atque
1102 1844 1225 1880 hono-

115 1920 187 1949 res,
215 1906 278 1954 qui
306 1912 555 1948 remanerent,
583 1919 626 1941 ac
659 1905 821 1942 militare
852 1918 978 1942 secum
1004 1907 1226 1951 voluissent,

115 1970 325 2020 proposuit.
381 1968 464 2006 Nec
495 1982 539 2005 ea
567 1982 631 2019 spe
660 1982 885 2018 quemquam
914 1971 1059 2007 tenuit:
1093 1971 1227 2022 dilapsi

117 2046 262 2075 omnes,
284 2046 521 2082 quocumque
548 2034 715 2084 hospitia
741 2041 806 2070 aut
824 2033 1004 2070 fortuitus
1032 2036 1148 2070 animi
1169 2037 1226 2072 in-

116 2103 225 2147 petus
258 2096 360 2139 tulit,
395 2109 460 2146 per
491 2097 709 2146 Campaniae
741 2097 864 2140 urbes,
895 2099 1057 2133 maxime
1086 2098 1227 2135 Nolam

117 2160 406 2210 Neapolimque.
463 2161 589 2199 Quum
617 2160 733 2197 ferme
760 2162 918 2210 triginta
948 2168 1156 2205 senatores,
1184 2176 1227 2199 ac

116 2223 215 2260 forte
251 2224 392 2274 primus
431 2225 602 2272 quisque,
641 2224 811 2274 Capuam
849 2225 1046 2274 petissent,
1086 2225 1228 2261 exclusi

117 2287 218 2332 inde,
238 2287 342 2337 quod
365 2293 494 2338 portas
521 2287 732 2324 Hannibali
759 2288 996 2331 clausissent,
1025 2288 1162 2324 Cumas
1188 2301 1227 2325 se

633 2350 704 2387 1²5
