1527 2661
288 193 367 248 136
743 205 788 234 τ.
817 205 945 234 L1v11

142 294 179 369 ἓ.
198 303 271 329 459·
284 309 396 345 quem
422 295 542 344 magis
575 294 795 338 timuerant,
817 296 933 338 victo,
961 294 1072 332 facile
1099 296 1137 332 in
1161 296 1312 334 hostem
1338 298 1396 334 in-

172 362 178 368 .
197 346 269 373 295.

88 295 131 326 U.

87 339 129 369 A'
282 374 412 412 parem
433 370 479 396 ex
500 373 607 408 aequo
628 359 875 407 pugnabant3
908 359 1048 396 relictis
1075 361 1243 397 turribus
1262 363 1399 398 muris-

283 439 370 475 que,
391 426 429 461 in
449 425 574 461 foxum
596 437 726 460 omnes
748 424 951 474 compulsi,
972 424 1176 475 paullisper
1203 427 1287 463 inde
1312 433 1397 463 ten-

282 496 460 527 taverunt
487 496 695 525 extremam
723 502 860 539 pugnae
879 489 1085 525 fortunam.
1142 490 1307 534 Deinde,
1331 491 1399 527 ab-

277 554 391 606 jectis
413 556 540 598 armis,
558 556 604 591 ad
624 556 798 591 undecim
819 554 937 590 millia
956 555 1153 591 hominum
1171 562 1209 591 et
1221 556 1399 605 quadrin-

285 621 389 669 genti
419 621 454 656 in
476 620 585 656 fidem
615 619 779 655 consulis
807 625 1014 655 venerunt:
1049 632 1146 656 caesa
1170 621 1216 656 ad
1235 627 1403 669 quatuor

283 683 401 719 millia
420 684 579 719 trecenti
601 684 810 731 octoginta.
870 684 931 718 Sic
958 683 1005 718 ad
1026 683 1259 728 Cominium,
1280 685 1333 721 sic
1353 685 1401 722 ad

281 748 526 797 Aquiloniam
547 754 654 796 gesta
674 760 743 783 res,
804 747 897 782 Inde
917 746 1043 782 medio
1062 747 1162 782 inter
1177 748 1268 784 duas
1290 748 1399 784 urbes

281 813 421 862 spatio,
442 812 505 848 ubi
527 813 639 848 tertia
660 817 879 860 exspectata
899 817 979 847 erat
1007 824 1150 860 pugna,
1170 812 1300 848 hostes
1321 824 1400 849 non

280 878 449 914 inventi:
483 884 627 927 septem
661 876 779 912 millia
810 888 988 926 passuum
1019 889 1134 924 quum
1168 876 1345 913 abessent
1378 890 1401 913 a

283 943 476 984 Cominio,
507 942 674 977 revocati
704 941 751 977 ab
782 942 857 977 suis
889 941 1014 976 neutri
1047 940 1187 990 proelio
1219 940 1399 977 obcurre-

282 1014 383 1043 runt.
418 1007 554 1042 Primis
574 1006 692 1042 ferme
712 1005 880 1041 tenebris
902 1018 1017 1053 quum
1038 1005 1074 1041 in
1097 1011 1304 1054 conspectu
1316 1005 1401 1055 jam

282 1078 420 1114 castra,
460 1070 541 1121 jam
583 1069 831 1119 Aquiloniam
875 1069 1113 1113 habuissent,
1152 1070 1295 1106 clamor
1335 1082 1399 1106 eos

282 1136 472 1184 utrimque
499 1148 566 1184 par
597 1134 771 1170 accidens
800 1134 1005 1169 sustinuit:
1037 1134 1172 1169 deinde
1198 1146 1218 1169 e
1244 1135 1401 1182 regione

282 1206 508 1242 castrorum,
530 1212 612 1247 quae
643 1199 797 1233 incensa
826 1197 873 1233 ab
893 1198 1081 1233 Romanis
1109 1204 1230 1239 erant,
1250 1197 1402 1234 flamma

282 1264 357 1301 late.
391 1264 476 1299 fusa
509 1264 681 1300 certioris
717 1262 831 1298 cladis
866 1262 1008 1298 indicio
1040 1263 1215 1312 progredi
1248 1261 1399 1311 longius

281 1329 490 1378 prohibuit.
546 1328 607 1364 Eo
638 1329 720 1377 ipso
749 1327 835 1363 loco
865 1340 983 1378 prope
1011 1333 1152 1364 temere
1181 1327 1252 1364 sub
1286 1328 1399 1363 armis

281 1393 390 1428 strati
421 1393 560 1442 passim
599 1392 810 1439 inquietum
840 1404 954 1427 omne
983 1398 1131 1440 tempus
1164 1392 1304 1434 noctis,
1335 1403 1400 1427 ex-

282 1457 490 1508 spectando
523 1457 768 1505 timendoque
805 1456 942 1499 lucem,
980 1468 1114 1505 egere:
1146 1457 1268 1506 prima
1300 1455 1398 1498 luce,

281 1522 417 1557 incerti
438 1534 551 1570 quam
576 1522 615 1556 in
641 1527 787 1570 partem
814 1521 1053 1557 intenderent
1073 1521 1158 1562 iter,
1180 1526 1334 1569 repente
1360 1520 1399 1556 in

281 1584 412 1634 fugam
439 1590 746 1627 consternantur,
775 1585 971 1634 conspecti
998 1584 1046 1620 ab
1073 1583 1287 1632 equitibus:
1319 1584 1398 1632 qui,

284 1661 454 1698 egressos
483 1654 596 1684 nocte
625 1648 672 1684 ab
693 1649 836 1698 oppido
858 1649 1046 1685 Samnites
1073 1648 1275 1699 persecuti,
1295 1647 1399 1683 vide-

283 1720 369 1749 rant
398 1712 694 1755 multitudinem,
726 1726 805 1748 non
834 1713 947 1756 vallo,
976 1726 1055 1748 non
1087 1712 1315 1748 stationibus
1336 1712 1398 1748 fir-

283 1785 438 1816 matam.
498 1779 715 1827 Conspecta
736 1785 772 1814 et
794 1792 841 1814 ex
860 1780 976 1814 muris
996 1778 1212 1827 Aquiloniae
1240 1790 1284 1814 ea
1303 1777 1399 1813 mul-

282 1844 408 1879 titudo
435 1849 537 1879 erat:
564 1842 722 1892 jamque
750 1844 862 1879 etiam
892 1844 1109 1892 legionariae
1137 1843 1314 1878 cohortes
1341 1855 1398 1879 se-

281 1907 507 1957 quebantur.
567 1908 745 1943 Ceterum
771 1921 840 1943 nec
867 1909 980 1957 pedes
1008 1909 1198 1956 fugientes
1224 1908 1398 1958 persequi

278 1973 406 2022 potuit
422 1987 429 2007 ε
463 1978 498 2007 et
520 1972 567 2008 ab
584 1973 709 2021 equite
725 1974 921 2008 novissimi
938 1973 1098 2021 agminis
1112 1973 1263 2008 ducenti
1279 1971 1398 2008 ferme

280 2043 318 2073 et
338 2038 536 2086 octoginta
557 2036 757 2072 interfecti.
803 2038 921 2072 Arina
940 2037 1061 2073 multa
1079 2037 1204 2087 pavidi
1225 2049 1268 2072 ac
1288 2037 1398 2084 Signa

279 2100 460 2137 militaria
478 2101 736 2149 duodeviginti
765 2101 973 2150 reliquere:
1007 2101 1082 2137 alio
1109 2101 1260 2149 agmine
1289 2100 1398 2137 inco-

279 2164 387 2207 lumi,
416 2170 455 2201 ut
479 2178 525 2201 ex
555 2171 663 2201 tanta
694 2166 964 2215 trepidatione,
999 2166 1215 2202 Bovianum
1228 2177 1399 2215 “perven-

279 2235 362 2265 tum
381 2236 450 2265 est.

333 2293 482 2329 XLIV.
519 2292 712 2329 Laetitiam
757 2294 954 2343 utriusque
995 2294 1184 2330 exercitus
1229 2292 1396 2328 Romani

280 2358 386 2395 auxit
406 2365 444 2394 et
469 2358 516 2395 ab
537 2358 657 2395 altera
683 2365 791 2409 parte
809 2358 971 2395 feliciter
991 2364 1099 2407 gesta
1125 2370 1206 2394 res:
1242 2363 1401 2406 uterque
