1527 2661
297 197 450 225 LIBER
473 196 580 224 XXI.
613 195 718 224 CAP.
748 196 858 224 LIII.
1045 196 1124 227 211

24 281 200 318 Trebiam
230 284 358 320 mittit.
416 283 463 326 Ii,
494 296 642 333 sparsos
681 290 717 320 et
754 284 1042 333 incompositOS,
1072 284 1232 361 521ng
1249 293 1321 320 534.

1248 337 1321 362 210.

23 344 97 381 hoc
125 358 255 394 graves
284 348 409 396 praeda
438 347 649 397 plerosque,
677 361 791 397 quum
821 349 1038 398 inopinatos
1069 361 1164 415 1n-p
1212 384 1231 414 l

24 409 220 452 vasissent,
253 411 445 459 ingentem
473 417 656 448 terrorem
686 412 899 461 caedemque
929 425 972 447 ac
998 411 1127 460 fugam
1141 394 1295 467 ςὲῒεὲῒῐῖι

26 482 141 519 usque
164 472 211 508 ad
231 480 354 510 castra
379 475 637 524 stationesque
665 475 833 510 hostium
853 475 997 511 fecere:
1032 475 1129 512 unde
1142 471 1288 501 dubium.

22 534 263 573 multitudine
300 538 416 575 effusa
451 538 564 589 pulsi,
602 551 727 575 rursus
772 539 939 575 subsidio
976 551 1130 575 suorum

22 598 198 648 proelium
227 601 436 637 restituere.
494 601 609 638 Varia
641 602 729 638 inde
757 615 885 653 pugna
915 607 1128 651 sequenteS,

22 674 248 712 quamquam
274 665 321 700 ad
348 671 557 702 extremum
584 673 795 715 aequassent
820 673 1024 710 certamen,
1048 678 1128 702 ma—

13 722 81 774 jor
98 732 226 763 tamen
245 728 412 764 hostium
432 729 617 766 Romanis
638 730 739 766 fama
758 731 925 767 victoriae
944 731 1029 766 fuit.

72 788 185 827 LIII.
216 791 394 828 Ceterum
413 793 556 829 nemini
571 794 741 829 omnium
757 793 882 842 major
893 793 1126 843 justiorque,

20 864 134 901 quam
152 853 224 903 ipsi
252 854 411 897 consuli,
432 856 549 892 videri
562 873 572 901 3
605 857 744 905 gaudio
771 857 905 900 efferri,
928 869 998 906 qua
1019 862 1129 905 parte

21 918 203 966 copiarum
222 920 316 955 alter
335 921 456 956 consul
472 922 584 957 victus
597 921 716 970 foret,
737 934 780 958 ea
796 933 832 957 se
849 923 970 958 vicisse
983 938 995 958 .·
1024 922 1128 958 resti-

22 985 114 1017 tutos
133 994 175 1017 ac
191 982 341 1031 refectos
355 985 526 1021 militibus
545 987 704 1022 animos:
734 998 799 1022 nec
813 997 1025 1034 quemquam
1043 996 1126 1027 esse,
1141 994 1289 1033 Sempro·

18 1049 149 1093 proeter
163 1047 349 1094 collegam,
363 1049 424 1096 qui
438 1049 592 1085 dilatam
605 1050 870 1086 dimicationem
880 1050 1011 1086 vellet:
1032 1061 1126 1091 eum,
1141 1046 1311 1120 ἓὲῖξξίῗ

20 1111 139 1146 animo
159 1113 284 1158 magis,
305 1124 413 1160 quam
438 1125 597 1161 corpore,
617 1127 763 1161 oegrum,
783 1116 955 1151 memoria
973 1114 1129 1150 vulneris
1141 1125 1214 1154 dus.

20 1176 131 1211 aciem
150 1189 193 1212 ac
218 1178 290 1213 tela
308 1177 462 1214 horrere.
520 1179 592 1214 Sed
609 1191 678 1214 non
702 1190 771 1215 esse
796 1190 876 1214 cum
895 1189 988 1225 oegro
1012 1187 1128 1212 senes-

20 1240 180 1277 cendum.
240 1241 335 1282 Quid
359 1244 454 1279 enim
476 1243 576 1279 ultra
602 1244 738 1293 differri
767 1248 831 1279 aut
861 1244 928 1278 teri
960 1240 1130 1288 tempus?

22 1302 136 1342 Quem
155 1305 299 1340 tertium
318 1307 508 1348 consulem,
530 1319 631 1354 quem
650 1307 762 1343 alium
780 1307 971 1342 exercitum
990 1316 1129 1353 exspec-

19 1367 125 1414 mm?
154 1366 284 1414 Gafrrsg,
302 1368 696 1426 ΚΠΤὮΞέΤιῖἐὶὶέἱαηι
684 1391 721 1414 ιη
742 1371 868 1418 Italia,
895 1388 938 1412 ac
959 1387 1073 1423 prope
1091 1375 1130 1411 in

19 1446 204 1491 conspectu
222 1443 317 1479 urbis
335 1455 428 1480 esse:
454 1455 525 1479 non
548 1443 713 1479 Siciliam
731 1454 773 1478 ac
791 1440 1004 1476 Sardiniam
1029 1440 1131 1476 victis

18 1508 191 1549 ademtas,
211 1518 275 1542 nec
300 1508 349 1542 cis
368 1507 511 1543 Iberum
529 1507 746 1554 Hispaniam
770 1506 862 1553 peti,
881 1504 942 1540 sed
963 1505 1037 1540 solo
1058 1514 1129 1550 pa-

20 1573 89 1607 trio
119 1576 294 1619 terraque,
325 1573 363 1607 in
391 1584 464 1620 qua
488 1573 602 1619 geniti
628 1569 771 1620 forent,
806 1569 898 1617 pelli
934 1567 1128 1603 Romanos.

0 1677 1 1690 ¹
22 1635 205 1675 Quantum
223 1636 469 1681 ingemiscant,
490 1635 627 1683 inquit,
645 1639 770 1682 patres
787 1634 913 1674 nostri,
931 1632 1027 1667 circa
1044 1642 1128 1665 moe-

18 1699 80 1733 nia
96 1698 332 1744 Karthaginis
347 1698 479 1733 bellare
496 1699 608 1740 soliti,
624 1700 653 1733 si
669 1699 813 1733 videant
828 1707 903 1736 noS,
921 1695 1128 1742 progeniem

18 1773 133 1804 suam,
155 1762 243 1796 duos
268 1763 423 1797 consules
449 1762 716 1808 consularesque
740 1761 924 1800 exercitus,
946 1760 984 1794 in
1009 1758 1130 1792 media

22 1823 134 1859 Italia
146 1828 315 1871 paventes
334 1825 431 1859 intra
450 1829 567 1859 castra
581 1825 601 1860 Ρ
621 1824 783 1865 Poenum,
801 1823 895 1870 quod
913 1823 1006 1857 inter
1021 1821 1133 1868 Alpes

21 1889 317 1935 Apenninumque
335 1889 415 1935 agri
431 1889 490 1930 sit,
511 1900 582 1923 suoe
602 1889 748 1924 ditionis
755 1886 921 1935 fecisse?
949 1883 1044 1920 Haec
1064 1883 1130 1920 ad-

2 1989 3 1998 }
20 1950 141 1986 sidens
163 1962 263 1998 aegro
284 1950 452 1998 collegae,
473 1951 552 1986 haec
573 1951 611 1986 in
631 1951 810 2000 praetorio
836 1961 954 1998 prope
974 1946 1130 1983 concio-

18 2013 214 2050 nabundus
231 2026 352 2062 agere.
407 2013 633 2050 Stimulabat
653 2020 690 2049 et
704 2020 852 2063 tempus
874 2012 1128 2061 propinquum

0 2116 4 2132 ὗ
20 2077 273 2119 comitiorum,
294 2089 341 2112 ne
360 2078 399 2112 in
415 2090 534 2113 novos
555 2077 726 2113 eonsules
742 2076 883 2112 bellum
903 2075 1130 2115 differretur,

0 2134 58 2175 'et
83 2140 231 2176 occasio
261 2141 299 2175 in
329 2153 368 2176 se
397 2154 512 2176 unum
542 2141 728 2176 vertendae
748 2139 891 2188 gloriae,
913 2139 1001 2174 dum
1031 2149 1136 2184 aeger

25 2203 168 2252 collega
187 2211 278 2241 erat.
336 2204 485 2253 Itaque,
502 2204 755 2253 nequidquam
771 2203 1015 2239 dissentiente
1033 2201 1128 2236 Cor-

5 2295 6 2318 3
24 2266 138 2310 nelio,
159 2268 282 2316 parari
302 2268 347 2303 ad
368 2268 621 2317 propinquum
643 2272 832 2303 certamen
852 2264 989 2301 milites
1002 2263 1128 2312 jubet.

23 2328 232 2374 Hannibal,
262 2344 390 2380 quum,
421 2331 509 2381 quid
536 2332 721 2381 optimum
743 2330 843 2367 foret
862 2328 977 2370 hosti,
1006 2338 1134 2362 cerne«
