1527 2661
310 211 396 254 314
720 224 723 225 ⁷
788 214 834 242 Τ.
863 214 995 243 mvn

129 306 171 337 U.
182 306 217 337 C.
237 311 312 337 536.
325 304 416 339 mati
433 305 607 340 exercitus
623 306 796 341 sustinere
814 309 1004 353 nequeunt,
1025 316 1124 352 quem
1146 304 1266 341 horret
1279 307 1436 354 populus

127 351 166 381 A·
180 350 308 381 0⁸²15'
322 368 520 411 Romanus,
555 374 595 405 tu
624 370 842 406 sustinebis?
869 374 917 411 et,
947 370 1024 405 alia
1054 370 1190 405 auxilia
1219 371 1347 413 desint,
1380 381 1437 406 me

321 433 438 480 ipsum
459 432 593 481 ferire,
627 445 755 480 corpus
785 445 901 469 meum
933 433 1164 481 obponentem
1187 445 1256 481 pro
1289 445 1436 481 corpore

322 498 551 539 Hannibalis,
570 498 753 533 sustinebis
766 499 786 533 ἓ)
814 497 928 545 Atqui
949 509 1015 545 per
1034 508 1150 532 meum
1164 502 1288 545 pectus
1307 503 1435 546 peten-

320 562 388 597 dus
406 562 468 597 ille
495 562 558 597 tibi
584 563 910 611 transfigendusque
928 565 1003 597 est:
1031 562 1202 596 deterreri
1221 561 1278 597 hic
1301 564 1376 598 sine
1401 567 1436 598 te

126 624 206 653 Patri
226 625 309 655 cedit
317 627 451 673 potius,
473 639 579 674 quam
599 627 674 662 illic
694 628 799 662 vinci.
852 626 1005 662 Valeant
1026 637 1148 673 preces
1166 627 1265 674 apud
1284 631 1318 662 te
1334 638 1433 670 meae,

124 666 255 699 Perolla.
318 692 412 726 sicut
427 703 496 738 pro
524 696 557 727 te
577 692 681 727 hodie
699 692 902 729 valuerunt.
959 689 1243 726 Lacrimantem
1262 690 1350 727 inde
1367 689 1433 740 ju-

318 767 454 791 venem
473 767 645 798 cernens,
667 755 833 791 medium
853 754 1132 805 complectitur,
1153 760 1280 804 atque,
1302 754 1434 791 osc-ulo

318 819 479 863 haerens,
507 833 585 857 non
612 827 700 857 ante
730 820 904 870 precibus
931 819 1094 862 abstitit,
1114 831 1227 868 quam
1260 819 1432 869 pervicit,

317 892 361 921 ut
380 885 546 934 gladium
573 892 746 936 poneret,
767 886 954 935 fidemque
975 885 1096 928 daret,
1122 884 1220 921 nihil
1244 885 1433 922 facturum

318 949 406 987 tale.
462 949 562 986 Tum
575 950 742 1000 juvenis,
759 951 839 999 Ego
855 952 1010 999 quidem,
1026 950 1163 998 inquit,
1180 961 1287 998 quam
1301 951 1435 998 patriae

318 1014 438 1057 debeo,
457 1017 628 1063 pietatem
648 1017 825 1052 exsolvam
841 1017 942 1064 patri
955 1031 967 1051 .·
997 1020 1095 1051 tuam
1114 1015 1216 1051 doleo
1235 1016 1359 1058 vicem,
1377 1016 1437 1052 cui

320 1083 374 1114 ter
385 1080 540 1126 prodita?
552 1081 684 1127 patrioe
697 1080 939 1115 sustinendum
955 1083 1005 1114 est
1019 1080 1174 1122 crimen,-
1193 1079 1313 1121 semel,
1327 1091 1438 1127 quum

318 1141 529 1190 dffectionis
545 1143 587 1179 ab
604 1143 777 1179 Romanis
790 1160 801 1186 ;
830 1145 973 1185 iterum,
990 1155 1097 1190 quum
1114 1144 1217 1190 pacis
1234 1155 1314 1179 cum
1328 1143 1433 1179 Han-

314 1207 434 1242 nibale
459 1206 572 1267 tfuisti
600 1213 750 1251 auctor3
782 1209 885 1243 tertio
922 1208 1039 1249 hodie,
1070 1219 1179 1254 quum
1213 1207 1440 1243 restituendae

320 1270 495 1307 Romanis
523 1271 658 1319 Capuae
684 1284 785 1307 mora
815 1276 923 1320 atque
953 1271 1232 1319 inpedimentum
1257 1283 1303 1307 es.
1366 1271 1434 1314 Tu,

315 1336 456 1383 patria,
467 1335 629 1384 ferrum,
651 1349 720 1384 quo
739 1348 808 1384 pro
829 1341 862 1371 te
880 1340 1042 1371 armatus
1061 1335 1153 1371 hanc
1175 1347 1290 1371 arcem
1313 1335 1434 1385 defen-

319 1402 403 1437 dere
420 1400 594 1442 volebam,
617 1400 709 1436 hosti
723 1402 870 1436 minime
884 1412 1048 1448 parcens,
1065 1401 1210 1448 quando
1225 1412 1357 1448 parens
1375 1413 1434 1437 ex-

320 1470 473 1514 torquet,
494 1467 621 1514 recipe.
663 1465 759 1501 Haec
774 1478 890 1514 quum
911 1465 1079 1506 dixisset,
1094 1463 1261 1512 gladium
1280 1465 1318 1499 in
1338 1465 1435 1514 pub-

318 1530 433 1565 licum
460 1536 564 1565 trans
592 1529 795 1565 maceriam
823 1529 925 1564 horti
952 1526 1113 1578 abjecit:
1146 1534 1184 1563 et
1203 1540 1279 1577 quo
1309 1529 1432 1564 minus

318 1607 376 1630 res
397 1600 573 1643 suspecta
591 1600 704 1636 esset,
725 1606 764 1629 se
784 1594 864 1643 ipse
883 1593 1059 1629 convivio
1078 1592 1251 1629 reddidit.

103 1657 283 1707 Hannibal·
373 1659 424 1695 X.
456 1658 618 1694 Postero
634 1658 694 1694 die
711 1665 863 1695 senatus
879 1657 1055 1706 frequens
1073 1657 1181 1693 datus
1198 1656 1428 1694 Hannibali:

100 1701 299 1774 gssf'sffiagb
318 1723 383 1760 ubi
410 1725 531 1774 prima
562 1722 643 1772 ejus
674 1723 799 1758 oratio
835 1722 1044 1772 perblanda
1076 1735 1120 1758 ac
1149 1721 1317 1770 benigna
1343 1721 1430 1765 fuit,

101 1787 172 1817 dedi
190 1795 299 1827 postu·
318 1801 393 1836 qua
419 1788 560 1836 gratias
591 1786 669 1834 egit
704 1786 923 1835 Campanis,
954 1785 1055 1834 quod
1085 1785 1291 1821 amicitiam
1325 1797 1430 1822 suam

100 1830 155 1861 lat.
317 1851 504 1888 Romanae
542 1851 716 1888 societati
752 1850 1068 1900 praeposuissent:
1106 1856 1144 1885 et
1176 1850 1275 1885 inter
1307 1855 1433 1887 cetera

317 1916 519 1965 magnifica
551 1916 739 1966 promissa
775 1914 981 1965 pollicitus,
1019 1914 1123 1950 brevi
1158 1919 1273 1964 eaput
1307 1913 1429 1951 ltaliae

315 1981 422 2016 omni
442 1981 613 2030 Capuam
628 1979 725 2022 fore,
739 1978 902 2029 juraque
921 1979 1009 2014 inde
1028 1990 1114 2014 cum
1129 1978 1265 2014 ceteris
1282 1977 1431 2028 populis

316 2043 538 2081 Romanum
564 2045 679 2081 etiam
705 2044 924 2094 petiturum.
982 2043 1111 2079 Unum
1137 2054 1219 2078 esse
1243 2049 1433 2079 exsortem

318 2108 472 2145 Punicae
497 2109 672 2144 amicitiae
698 2107 925 2156 foederisque
951 2118 1079 2142 secum
1103 2106 1209 2148 facti,
1230 2118 1342 2154 quem
1365 2119 1433 2143 ne-

319 2186 392 2222 que
426 2185 506 2209 esse
537 2173 789 2222 Campanum,
823 2184 946 2222 neque
978 2171 1052 2208 dici
1077 2170 1227 2212 debere,
1257 2169 1433 2219 Magium

319 2237 505 2274 Decium:
538 2250 624 2274 eum
644 2237 850 2287 postulare,
871 2246 914 2274 ut
933 2237 1005 2274 sibi
1021 2236 1192 2278 dedatur,
1212 2248 1256 2272 ac
1276 2248 1316 2272 se
1335 2249 1431 2285 prae-

318 2308 425 2338 sente
457 2301 503 2337 de
533 2313 578 2338 eo
612 2301 810 2344 referatur,
848 2308 1077 2350 senatusque
1109 2299 1325 2337 consultum
1351 2300 1430 2339 fiat.

319 2364 462 2402 Omnes
484 2366 523 2402 in
543 2377 626 2402 eam
654 2366 887 2403 sententiam
915 2367 1063 2403 ierunt:
1096 2377 1324 2415 quamquam
1350 2377 1430 2402 ma-
