1527 2661
101 268 191 299 U.C.
211 277 282 300 541.

100 312 187 342 A.C.
207 320 280 344 211.

100 364 265 398 Proelium.

295 167 381 221 506
753 179 798 208 T.
823 180 957 209 mvn

297 267 428 304 dentes
462 268 632 318 Capuam
663 280 704 304 se
735 269 871 305 vertit:
913 269 1115 320 praemissis
1145 275 1234 306 ante
1261 270 1409 307 nunciis

297 331 481 381 Capuam,
505 345 581 381 quo
606 338 779 382 tempore
808 339 931 368 castra
959 331 1138 369 Romana
1165 333 1409 382 adgressurus

294 401 406 438 esset,
428 402 470 431 ut
489 396 622 432 eodem
649 403 686 432 et
712 395 780 439 illi,
802 396 849 432 ad
875 396 1113 446 eruptionem
1132 397 1268 447 parati,
1289 398 1410 447 portis

292 459 469 496 omnibus
498 472 579 496 sese
609 459 859 503 effunderent,
879 461 1074 508 ingentem
1100 460 1262 510 praebuit
1287 467 1409 497 terro-

290 536 392 560 rem:
421 536 509 560 nam
530 523 603 560 alia
622 530 729 574 parte
751 524 830 574 ipse
850 524 1003 560 adortus
1025 530 1082 559 est
1094 540 1105 569 3
1128 524 1202 560 alia
1221 525 1407 575 Campani

289 601 435 631 omnes,
457 589 600 639 pedites
622 589 856 637 equitesque,
878 595 916 625 et
935 601 1021 625 cum
1040 589 1085 624 iis
1105 588 1293 626 Punicum.
1310 602 1408 640 prae-

289 653 440 696 sidium,
462 654 522 690 cui
542 653 682 689 Bostar
702 659 740 689 et
759 652 903 689 Hanno
923 660 1124 703 praeerant,
1146 654 1282 703 erupit.
1324 653 1409 690 Ro-

289 720 405 761 mani,
437 725 478 755 ut
511 721 550 755 in
583 732 623 755 re
652 719 813 769 trepida,
844 733 892 756 ne
922 720 969 756 ad
1001 732 1117 755 unam
1146 720 1407 756 concurrendo

286 790 432 834 partem
467 784 609 833 aliquid
640 784 826 821 indefensi
856 784 1125 834 relinquerent,
1156 784 1210 820 ita
1238 784 1338 820 inter
1365 795 1406 820 se

286 848 414 898 copias
445 849 576 899 partiti
605 853 706 885 sunt.
762 849 836 898 Ap.
859 847 1039 885 Claudius
1070 848 1289 898 CampaniS,
1312 847 1403 884 Ful-

285 914 364 949 vius
398 912 610 950 Hannibali
640 919 697 949 est
726 913 937 963 obpositus.
995 914 1039 950 C.
1058 913 1166 949 Nero
1192 918 1406 963 propraetor

283 989 370 1013 cum
403 977 592 1026 equitibus
627 983 744 1013 sextae
778 976 941 1025 legionis
971 977 1045 1020 via,
1072 990 1155 1026 quae
1186 976 1403 1013 Suessulam

283 1041 382 1087 fert5
417 1042 460 1078 C.
481 1041 634 1078 Fulvius
663 1041 819 1078 Flaccus
847 1041 994 1090 legatus
1020 1054 1107 1077 cum
1134 1041 1266 1078 sociali
1295 1041 1401 1091 equi-

283 1112 365 1142 tatu
395 1106 568 1142 constitit
598 1119 617 1141 e
646 1106 802 1154 regione
822 1105 1001 1142 Vulturni
1027 1106 1160 1142 amnis.
1217 1105 1402 1143 Proelium

283 1183 359 1206 non
387 1170 501 1207 solito
528 1170 641 1206 modo
672 1169 837 1206 clamore
867 1183 910 1206 ac
936 1170 1101 1206 tumultu
1128 1177 1186 1206 est
1215 1177 1398 1222 coeptum,

281 1235 360 1278 sed,
392 1235 438 1271 ad
465 1234 580 1270 alium
606 1236 786 1277 virorum,
817 1247 1015 1284 equorum,
1042 1248 1308 1284 armorumque
1336 1248 1399 1272 so-

279 1313 384 1343 num,
406 1300 591 1350 disposita
615 1300 654 1335 in
680 1300 795 1335 muris
824 1299 1106 1349 Campanorum
1131 1299 1280 1337 inbellis
1300 1301 1399 1337 mul-

278 1364 402 1401 titudo
434 1370 585 1401 tantum
619 1376 704 1401 cum
735 1365 816 1400 aeris
847 1364 1007 1414 crepitu,
1029 1364 1148 1413 qualis
1178 1365 1218 1400 in
1248 1365 1396 1402 defectu

276 1429 375 1466 lunae
406 1430 531 1466 silenti
565 1436 678 1466 nocte
708 1430 798 1466 cieri
828 1429 938 1472 solet,
970 1430 1087 1465 edidit
1116 1429 1334 1473 clamorem,
1355 1436 1398 1466 ut

276 1500 464 1530 averteret
483 1494 598 1530 etiam
616 1493 871 1543 pugnantium
891 1493 1051 1529 animos.
1101 1494 1316 1543 Campanos
1336 1493 1394 1530 fa-

276 1558 347 1595 cile
377 1571 399 1594 a
428 1557 528 1594 vallo
558 1558 704 1607 Appius
735 1556 900 1593 arcebat.
958 1555 1087 1606 Major
1115 1557 1169 1592 vis
1200 1557 1246 1593 ab
1277 1557 1395 1593 altera

275 1630 384 1676 parte
402 1623 593 1666 Fulvium,
615 1622 814 1659 Hannibal
841 1629 879 1658 et
904 1622 1030 1665 Poeni,
1052 1622 1261 1670 urgebant:
1293 1622 1395 1672 legio

277 1689 329 1726 ibi
360 1695 468 1725 sexta
496 1687 583 1724 loco
613 1687 749 1723 cessit:
783 1699 857 1735 qua
884 1685 1006 1737 pulsa,
1031 1687 1167 1722 cohors
1197 1685 1395 1736 Hispano·

276 1766 360 1790 rum
379 1766 465 1789 cum
484 1752 604 1789 tribus
626 1751 843 1802 elephantis·
856 1763 973 1800 usque
989 1751 1035 1787 ad
1051 1750 1190 1787 vallum
1207 1752 1390 1801 pervasit:

274 1824 502 1869 ruperatque
531 1817 695 1853 mediam
724 1816 844 1852 aciem
871 1815 1149 1857 Romanorum,
1171 1822 1209 1851 et
1231 1815 1270 1851 in
1289 1816 1394 1853 anci-

273 1884 343 1933 piti
362 1895 428 1932 spe
447 1895 491 1918 ac
511 1880 679 1932 periculo
700 1886 795 1923 erat,
818 1887 943 1916 utrum
969 1880 1007 1914 in
1027 1885 1151 1915 castra
1175 1892 1393 1930 perrumpe-

273 1954 345 1989 ret,
366 1959 415 1983 an
433 1945 749 1982 intercluderetur
768 1958 790 1981 a
809 1946 897 1981 suis.
927 1945 1053 1983 Quem
1072 1956 1250 1994 pavorem
1268 1943 1392 1993 legio-

274 2012 331 2048 nis
365 2010 650 2062 periculumque
684 2016 893 2046 castrorum
927 2008 1080 2045 Fulvius
1114 2008 1178 2045 ubi
1208 2009 1314 2052 vidit,
1341 2009 1391 2049 Q.

273 2076 442 2113 Navium
461 2075 720 2126 primoresque
740 2074 834 2111 alios
855 2074 1120 2110 centurionum
1142 2074 1331 2117 hortatur,
1350 2079 1392 2111 ut

274 2142 454 2180 cohortem
482 2142 634 2178 hostium
661 2141 724 2176 sub
752 2141 849 2176 vallo
875 2144 1098 2188 pugnantem
1124 2140 1299 2176 invadant
1310 2155 1323 2175 .·
1353 2141 1393 2176 in

271 2219 410 2242 summo
430 2207 633 2242 discrimine
644 2217 719 2240 rem
737 2206 853 2240 verti:
875 2209 939 2240 aut
956 2205 1052 2239 viam
1071 2204 1229 2239 dandam
1246 2204 1290 2239 iis
1306 2215 1391 2247 esse,

273 2277 307 2308 et
326 2272 462 2306 minore
484 2275 627 2312 conatu,
649 2281 757 2317 quam
786 2269 995 2305 condensam
1024 2270 1134 2304 aciem
1164 2269 1389 2316 inrupissent,

272 2339 313 2371 in
340 2341 460 2373 castra
487 2337 696 2384 inrupturos
711 2351 724 2371 .·
755 2340 819 2370 aut
845 2334 1075 2383 conficiendos
1098 2332 1160 2369 sub
1183 2333 1280 2369 vallo
1305 2344 1388 2369 esse.
