1527 2661
382 155 537 184 mmm
560 154 690 183 xxn.
726 154 832 183 CAP.
856 155 935 183 Lx.
1125 155 1204 198 299

109 259 217 295 quum
242 247 352 283 scelus
374 247 504 294 possim
532 247 729 282 accusare?
756 245 838 281 Non
856 246 949 281 enim
975 245 1080 281 modo
1106 248 1203 294 sequi
1218 256 1257 286 U.
1269 255 1305 286 C,
1323 259 1395 287 536.

108 315 315 347 recusarunt
331 310 412 346 bene
429 315 637 352 monentem,
657 311 718 346 sed
737 309 897 345 obsistere
915 322 957 345 ac
976 311 1126 345 retinere
1145 307 1202 346 co·
1212 300 1251 329 Λ·
1269 299 1306 330 C·
1322 302 1395 329 ²¹⁶·

108 377 187 410 nati
204 379 297 418 sunt,
316 376 354 410 ni
373 376 504 410 strictis
519 375 653 422 gladiis
669 375 739 410 viri
752 373 947 423 fortissimi
972 376 1098 410 inertes
1124 375 1203 410 sub-

108 440 318 475 movissent:
348 441 462 487 prius,
493 440 650 486 inquam,
682 439 726 474 P,
747 439 956 486 Sempronio
983 450 1047 486 per
1079 440 1206 474 civium

109 515 249 551 agmen,
279 516 385 552 quam
414 516 480 552 per
516 503 680 546 hostium,
706 503 789 551 fuit
820 504 1080 552 erumpendum.
1130 503 1208 539 Hos

108 569 197 604 cives
221 570 342 616 patria
370 569 573 604 desideret?
600 580 746 616 quorum
771 570 801 604 si
830 569 935 604 ceteri
960 568 1091 604 similes
1107 567 1208 616 fuis—

110 637 199 675 sent,
225 634 397 668 neminem
426 633 527 668 hodie
553 645 594 668 ex
621 634 676 675 iis,
695 634 755 681 qui
783 633 830 668 ad
860 632 999 667 Cannas
1025 643 1206 680 pugnave-

110 702 206 739 runt,
238 699 345 733 civem
374 697 525 733 liaberet.
575 697 633 732 Ex
650 697 802 732 millibus
827 701 958 745 septem
987 701 1204 732 armatorum

109 763 260 797 sexcenti
279 763 496 804 exstiterunt,
517 762 577 809 qui
602 773 782 810 erumpere
800 763 983 806 auderent,
1004 763 1064 809 qui
1084 763 1122 797 in
1137 773 1205 809 pa-

113 827 220 861 triam
249 826 348 861 liberi
366 830 471 873 atque
499 828 630 861 armati
646 827 827 862 redirent:
855 837 962 874 neque
990 826 1034 861 iis
1052 826 1208 873 quadra-

107 890 212 937 ginta
229 890 347 926 millia
363 890 513 925 hostium
533 890 704 926 obstitere.
763 890 878 931 Quam
898 894 1013 926 tutum
1032 891 1100 925 iter
1118 890 1208 924 dua·

111 965 189 989 rum
214 965 326 1001 prope
354 954 530 1001 legionum
549 955 682 1001 agmini
699 952 874 1002 futurum
902 953 1043 989 censetis
1058 951 1209 1001 fuisse?

111 1017 298 1053 Habere-tis
316 1017 419 1053 hodie
436 1019 562 1065 viginti
580 1018 694 1053 millia
712 1021 932 1053 armatorum
953 1017 1110 1058 Canusii,
1119 1015 1207 1064 for-

113 1086 177 1127 tia,
186 1085 330 1133 fidelia,
352 1085 481 1120 Patres
499 1085 711 1132 conscripti:
737 1096 831 1120 ‘nunc
848 1088 967 1119 autem
982 1084 1209 1131 quemadmo-

115 1150 198 1184 dum
218 1148 253 1183 hi
270 1148 348 1184 boni
354 1149 549 1197 fidelesque
569 1149 669 1195 (nam
677 1147 797 1196 fortes
814 1160 856 1183 ne
872 1149 939 1195 ipsi
954 1148 1094 1195 quidem
1112 1148 1208 1182 dixe-

114 1213 204 1257 rint)
227 1213 314 1247 cives
332 1223 401 1247 esse
416 1213 593 1258 possunt?
619 1213 685 1247 nisi
704 1213 779 1259 quis
797 1212 936 1247 credere
950 1215 1066 1258 potest
1079 1210 1208 1259 fuisse,

114 1281 154 1312 ut
191 1276 459 1324 erumpentibus,
497 1277 581 1323 quin
617 1280 851 1324 erumperent,
889 1275 1049 1311 obsistere
1092 1276 1210 1310 conati

112 1344 218 1376 sunt:
247 1344 312 1375 aut
337 1351 407 1374 non
438 1340 594 1374 invidere
621 1351 689 1381 eos,
716 1351 822 1387 quum
850 1340 1101 1380 incolumitati,
1133 1342 1209 1374 tum

113 1405 237 1452 gloriae
255 1404 395 1439 illorum
412 1414 478 1450 per
501 1403 665 1438 virtutem
683 1407 811 1450 partae,
832 1414 940 1450 quum
957 1402 1021 1437 sibi
1050 1403 1209 1437 timorem

113 1470 360 1516 ignaviamque
375 1468 551 1502 servitutis
569 1468 806 1514 ignominiosae
821 1478 979 1503 caussam
997 1478 1066 1502 esse
1083 1468 1208 1502 sciant.

114 1534 324 1569 Maluerunt
342 1533 380 1567 in
405 1533 564 1567 tentoriis
583 1532 730 1568 latentes
753 1532 859 1568 simul
884 1532 995 1567 lucem
1019 1536 1125 1578 atque
1147 1530 1210 1567 Ιιο-

114 1603 199 1634 stem
218 1602 425 1645 exspectare,
447 1608 552 1644 quum
571 1597 711 1632 silentio
729 1599 839 1633 noctis
854 1597 1059 1643 erumpendi
1078 1596 1212 1631 occasio

117 1666 212 1698 esset.
242 1663 293 1696 At
311 1662 402 1696 enim
417 1662 464 1696 acl
477 1661 729 1707 erumpendum
749 1672 767 1695 e
781 1662 902 1695 castris
916 1658 1032 1707 defuit
1051 1660 1188 1694 animus
1199 1675 1212 1702 ;

116 1728 164 1762 ad
194 1727 344 1761 tutanda
361 1724 513 1772 fortiter
540 1729 657 1760 castra
685 1726 840 1760 animum
870 1724 1074 1759 habuerunt.
1120 1723 1213 1758 Dies

114 1795 296 1836 noctesque
323 1789 457 1836 aliquot
485 1789 620 1830 obsessi,
648 1788 781 1823 vallum
809 1789 927 1829 armis,
947 1799 982 1822 se
1008 1788 1076 1835 ipsi
1104 1789 1212 1822 tutati

115 1855 210 1890 vallo
227 1858 308 1889 sunt
321 1869 332 1888 .·
362 1854 500 1888 tandem
518 1853 646 1888 ultima
670 1854 747 1888 ausi
766 1852 938 1899 passique,
960 1863 1066 1899 quum
1091 1853 1211 1887 omnia

4 1963 9 1971 μ’
116 1919 269 1954 subsidia
286 1919 366 1953 vitae
390 1919 555 1960 abessent,
577 1917 791 1966 adfectisque
809 1916 916 1966 fame
938 1916 1080 1959 viribus,
1107 1928 1210 1953 arma

3 1974 8 1983 “
109 1981 190 2029 jam
208 1983 376 2018 sustinere
399 1983 594 2030 nequirent,
621 1981 879 2017 necessitatibus
903 1982 1016 2028 magis
1035 1981 1208 2023 humanis,

3 1993 9 2116 ἡ
119 2059 223 2096 quam
250 2049 369 2088 armis,
398 2048 484 2083 victi
510 2052 600 2083 sunt.
658 2048 744 2082 Orto
770 2047 841 2082 sole
869 2046 976 2081 hostis
1004 2046 1051 2081 acl
1074 2047 1209 2081 vallum

4 2126 9 2135 ·
118 2113 283 2147 accessit:
312 2117 394 2146 ante
411 2112 598 2146 secundam
618 2111 754 2153 horam,
774 2111 911 2146 nullam
920 2109 1115 2158 fortunam
1135 2122 1209 2145 cer-

5 2136 9 2212 Ι
121 2176 262 2210 laminis
289 2176 435 2222 experti,
460 2175 682 2210 tradiderunt
710 2186 811 2209 arma
838 2186 880 2209 ac
906 2186 940 2209 se
968 2175 1069 2220 ipsos.
1126 2173 1214 2208 Haec

120 2239 212 2275 vobis
241 2240 391 2286 ipsorum
418 2251 482 2287 per
500 2240 641 2275 biduum
669 2240 799 2274 militia
817 2237 923 2287 fuit:
952 2249 1057 2285 quum
1079 2239 1112 2272 in
1141 2239 1215 2273 acie

88 2348 91 2349 ⁷
121 2307 214 2339 stare
237 2316 279 2339 ac
302 2315 464 2352 pugnare
483 2305 660 2345 decuerat,
683 2307 756 2338 tum
781 2304 817 2339 in
835 2307 952 2338 castra
979 2300 1212 2349 refugerunt:

630 2364 707 2402 06
