1527 2661
279 251 362 304 164
729 264 773 292 T.
800 263 936 292 LIVII

81 347 173 379 uc·
193 350 440 396 ⁵³⁴·anim0s,
460 364 509 388 ne
529 351 617 401 quid
636 365 721 403 pars
748 351 870 388 altera
888 351 1093 401 gratificari
1115 365 1185 403 pro
1205 351 1391 389 Romanis

80 392 122 422 Α.
138 391 174 422 C.
191 398 265 422 218.

84 490 193 529 Legati

84 533 181 563 Rom.

84 575 251 614 Carthagl-

278 422 421 467 posset.

334 480 386 517 X.
424 480 574 530 Itaque,
604 488 857 531 praeterquam
881 481 982 530 quod
1018 481 1172 517 admissi
1200 481 1396 530 auditique

227 576 233 582 .
281 551 382 587 sunt,
404 557 448 581 ea
463 558 613 594 quoque
632 559 729 581 vana
745 553 858 594 atque
874 545 981 581 irrita
999 545 1142 594 legatio
1158 545 1244 582 fuit.
1282 545 1393 581 Han-

83 628 161 649 nem
178 621 332 650 eunt,no
362 621 459 644 unus
494 609 650 645 adverso
682 615 816 645 senatu
851 622 1021 645 caussam
1051 608 1221 651 foederis,
1255 621 1397 657 magno

85 662 223 692 Hanno-

83 705 133 735 nis
147 706 247 736 oratio

282 671 434 709 silentio
457 679 612 723 propter
641 674 909 709 auctoritatem
940 686 1061 716 suam,
1088 685 1167 713 non
1198 672 1400 709 adsensum

83 747 119 777 in
138 748 263 779 Hanni-
282 736 529 780 audientium,
569 737 658 786 egit.
708 738 781 773 Per
809 738 923 780 Deos,
952 737 1135 786 foederum
1172 737 1324 773 arbitros
1359 749 1404 773 ac

84 789 205 823 halem.

282 806 396 844 testes,
426 803 615 844 monuisse,
642 803 848 850 praedixisse
876 815 925 845 se,
954 815 998 838 ne
1023 802 1247 838 Hamilcaris
1271 813 1403 850 proge-

279 867 375 901 niem
397 866 446 901 ad
464 867 656 902 exercitum
682 868 889 902 mitterent:
917 879 988 902 non
1005 878 1140 908 manes,
1161 878 1230 901 non
1255 866 1405 913 stirpem

281 928 356 976 ejus
384 932 625 979 conquiescere
652 932 746 967 viri:
777 943 840 967 nec
869 944 1054 979 umquam,
1084 932 1195 966 donec
1220 931 1407 977 sanguinis

280 996 503 1043 nomi-nisque
522 995 671 1031 Barcini
687 997 874 1044 quisquam
893 998 1059 1044 supersit,
1079 996 1246 1044 quietura
1266 994 1403 1030 Roma-

283 1071 334 1095 na
353 1059 510 1108 soedera.
557 1060 729 1096 Juvenem
747 1060 973 1110 flagrantem
1006 1062 1175 1109 cupidine
1205 1060 1320 1107 regni,
1351 1059 1405 1095 vi-

286 1135 415 1171 amque
432 1136 542 1160 zenam
562 1126 610 1161 acl
629 1126 667 1161 icl
686 1130 897 1169 cernentem,
917 1128 948 1162 si
971 1138 1012 1161 ev
1031 1126 1131 1161 bellis
1149 1125 1241 1160 bella
1258 1124 1407 1160 serendo

285 1187 483 1224 subcinctus
511 1190 621 1225 armis
651 1191 915 1239 legionibusque
950 1192 1062 1233 vivat,
1091 1190 1189 1226 velut
1216 1189 1408 1224 materiam

287 1252 363 1298 igni
386 1253 591 1300 proebentes,
613 1255 663 1289 acl
683 1256 856 1290 exercitus
878 1256 1047 1290 misistis:
1076 1254 1216 1289 aluistis
1241 1264 1325 1300 ergo
1344 1251 1411 1287 hoc

289 1316 507 1359 incendium,
541 1329 610 1365 quo
642 1330 734 1353 nunc
762 1319 908 1354 ardetis.
967 1318 1173 1366 Saguntum
1204 1317 1312 1352 vestri
1340 1317 1411 1352 cir-

290 1382 485 1417 cumsident
510 1384 694 1425 exercitus,
716 1384 810 1418 uncle
835 1387 1004 1418 arcentur
1019 1381 1184 1431 saedere:
1212 1393 1295 1417 mox
1313 1379 1412 1417 Kar-

292 1446 473 1494 thaginem
495 1448 790 1484 circumsidebunt
808 1447 981 1484 Romanoe
1002 1449 1167 1496 legiones,
1188 1447 1331 1483 ducibus
1351 1447 1414 1482 iis-

291 1511 371 1546 dem
392 1512 491 1553 Diis,
509 1524 576 1559 per
595 1525 679 1559 quos
693 1513 818 1559 priore
836 1512 924 1547 bello
944 1517 1052 1559 rupta
1068 1511 1213 1560 foeclera
1231 1515 1315 1547 sunt
1333 1511 1416 1546 ulti.

298 1575 429 1612 Utrum
449 1576 596 1618 hostem,
617 1588 664 1611 an
692 1588 762 1617 vos,
784 1588 831 1611 an
848 1575 1043 1624 fortunam
1064 1578 1248 1624 utriusque
1268 1576 1412 1624 populi,

293 1640 502 1687 ignoratis?
531 1641 700 1688 Legatos,
728 1640 772 1676 ab
799 1642 901 1676 sociis
932 1645 968 1676 et
992 1653 1061 1689 pro
1089 1642 1192 1676 sociis
1220 1642 1413 1682 venientes,

295 1702 403 1739 bonus
427 1705 625 1752 imperator
642 1710 754 1740 vester
773 1706 809 1740 in
836 1710 956 1740 castra
979 1717 1050 1740 non
1076 1706 1236 1747 admisit,
1249 1702 1311 1750 jus
1327 1715 1414 1751 gen-

297 1768 387 1803 tium
406 1769 577 1804 sustulit:
606 1768 642 1804 hi
673 1773 804 1810 tamen,
826 1770 921 1804 unde
949 1781 993 1804 ne
1022 1768 1175 1804 hostium
1197 1769 1337 1816 quidem
1366 1768 1415 1803 le-

294 1834 375 1879 gati
393 1837 575 1874 arcentur,
593 1833 690 1880 pulsi
719 1833 768 1868 acl
794 1844 853 1867 vos
880 1834 1040 1872 veniunt,
1061 1844 1117 1867 res
1136 1844 1177 1867 ex
1195 1831 1334 1881 foedere
1361 1843 1418 1867 re-

292 1901 447 1943 petunt:
472 1897 617 1944 publica
635 1897 750 1945 fraus
777 1897 892 1941 absit,·
922 1901 1105 1932 auctorem
1125 1897 1239 1944 culpae
1265 1900 1300 1932 et
1317 1907 1417 1932 reum

298 1962 458 1997 cri-minis
486 1962 690 2009 deposcunt.
751 1962 830 2001 Quo
860 1962 973 1997 lenius
1001 1966 1127 2008 agunt,
1157 1961 1299 2007 segnius
1326 1961 1417 1995 inci-

293 2026 426 2073 piunt,·
455 2037 508 2069 eo,
539 2038 648 2073 quum
684 2027 865 2073 coeperint,
899 2038 1033 2067 vereor,
1068 2037 1112 2060 ne
1135 2025 1422 2072 perseverantius

296 2091 456 2126 seez-iant.
513 2090 668 2137 AEgates
694 2090 829 2125 insulas
848 2091 1069 2138 Erycemque
1095 2094 1178 2124 ante
1197 2088 1316 2124 oculos
1333 2099 1422 2135 pro-

294 2156 445 2203 ponite3
476 2166 553 2202 quae
580 2159 676 2190 terra
696 2156 858 2202 marique
882 2167 946 2202 per
965 2158 1117 2202 quatuor
1143 2158 1177 2189 et
1196 2153 1326 2199 viginti
1355 2164 1420 2187 an-

299 2229 364 2253 nos
378 2219 477 2265 passi
495 2219 583 2254 sitis.
643 2219 718 2254 Nec
736 2230 830 2266 puer
856 2218 911 2254 hic
931 2219 1002 2253 dux
1027 2222 1117 2258 erat,
1137 2217 1198 2252 sed
1214 2220 1320 2263 pater
1348 2217 1423 2263 ipse

302 2282 508 2325 Hamilcar,
531 2282 636 2318 Mars
659 2284 765 2325 alter,
786 2287 826 2317 ut
854 2284 912 2318 isti
931 2283 1078 2318 volunt.-
1106 2282 1167 2317 sed
1192 2281 1361 2321 Tarento,
1382 2279 1421 2314 id
1471 2279 1473 2281 ’

304 2351 357 2384 est
385 2346 510 2390 Italia,
541 2358 609 2383 non
641 2347 924 2384 abstinueramus
953 2358 994 2382 ex
1019 2345 1183 2397 foedere:
1210 2346 1302 2381 sicut
1329 2354 1426 2380 nune
