1527 2661
80 239 260 273 U.C.541.

80 283 120 313 A.
134 283 170 314 C.
189 293 264 318 211.

82 499 169 529 Nero
186 499 208 528 it
230 499 264 529 in

82 542 236 580 Hispani-

83 593 149 615 am.

84 1658 270 1689 Hasdrubal

88 1703 228 1732 circum-

88 1751 202 1774 ventus

89 1787 198 1816 fraude

88 1829 234 1860 clabitur.

273 149 360 194 524
735 155 781 183 T.
805 156 938 184 mvn

276 241 360 285 bus,
382 255 473 291 quas
494 243 540 280 ad
561 244 731 295 Capuam
752 246 950 290 habuerat,
971 259 1036 283 sex
1061 247 1179 284 millia
1204 248 1386 298 peditum,

276 312 314 341 et
342 312 532 344 trecentos
563 311 721 358 equites,
749 324 843 359 quos
873 312 952 360 ipse
981 311 1148 360 legisset,
1179 320 1215 348 et
1244 313 1389 350 socium

275 370 407 407 Latini
430 374 594 409 nominis
622 374 788 423 peditum
816 388 1013 411 numerum
1040 388 1182 425 parem,
1204 384 1242 412 et
1267 377 1391 412 octin-

276 441 411 482 gentos
439 437 583 485 equites
608 438 837 474 decernunt:
871 452 956 475 eum
986 440 1193 476 exercitum
1221 440 1391 476 Puteolis

276 499 313 534 in
335 512 448 535 naves
469 501 679 551 inpositum
706 502 813 539 Nero
839 504 876 539 in
904 503 1132 553 Hispaniam
1157 510 1393 554 transporta-

275 563 342 599 vit.
387 563 516 602 Quum
536 564 792 602 Tarraconem
813 567 973 603 navibus
994 568 1171 610 venisset,
1192 567 1394 617 expositis-

277 639 349 675 que
377 627 431 663 ibi
461 629 594 679 copiis,
617 638 653 665 et
679 631 837 667 navibus
863 631 1071 674 subductis,
1093 632 1216 667 socios
1246 643 1396 680 quoque

279 691 430 728 navales
451 693 704 730 multitudinis
726 696 908 744 augendae
929 708 1062 732 caussa
1081 701 1282 740 armasset3
1307 707 1397 745 pro-

278 754 399 791 fectus
426 757 474 792 ad
502 757 656 794 Iberum
685 759 839 802 flumen,
867 761 1074 795 exercitum
1101 759 1148 795 ab
1171 759 1218 795 T.
1232 758 1396 795 Fonteio

278 826 316 856 et
348 821 396 858 L.
426 821 576 858 Marcio
607 825 778 874 accepit:
827 824 913 860 inde
943 825 1067 874 pergit
1093 824 1140 860 ad
1169 824 1297 860 hostes
1331 825 1398 861 ire.

278 883 499 921 Hasdrubal
519 886 748 923 Hamilcaris
770 888 814 923 ad
834 888 1000 937 Lapides
1018 894 1119 923 atros
1138 894 1261 924 castra
1279 887 1397 924 habe-

277 947 345 984 bat
369 949 406 984 in
426 950 630 986 Ausetanis
651 967 657 987 ;
691 953 721 987 is
749 951 853 988 locus
881 959 938 988 est
963 953 1062 988 inter
1088 953 1228 1002 oppida
1254 951 1398 987 Illitur-

279 1013 346 1061 gin
366 1019 404 1048 et
423 1013 662 1052 Mentissam.
721 1015 848 1066 Hujus
873 1016 988 1053 saltus
1008 1016 1136 1052 fauces
1158 1016 1265 1052 Nero
1285 1027 1398 1052 occu-

279 1078 396 1127 pavit.
455 1078 687 1122 Hasdrubal,
708 1093 755 1115 ne
782 1082 820 1116 in
848 1089 931 1116 arto
957 1093 1015 1116 res
1040 1087 1151 1123 esset,
1173 1080 1399 1116 caduceato-

279 1153 360 1176 rem
386 1142 502 1185 misit,
524 1144 587 1192 qui
614 1144 868 1192 promitteret,
894 1145 924 1179 si
953 1144 1039 1179 inde
1065 1144 1199 1179 missus
1224 1143 1399 1187 foret„se

280 1218 433 1242 omnem
449 1208 656 1243 exercitum
673 1221 720 1244 ex
739 1208 929 1258 Hispania
945 1208 1243 1258 deportaturum.
1272 1207 1400 1246 Quam

281 1281 360 1305 rem
390 1283 505 1318 quum
536 1270 625 1308 laeto
656 1273 783 1309 animo
816 1273 1014 1309 Romanus
1048 1272 1272 1321 accepisset,
1299 1271 1399 1308 diem

282 1339 478 1382 posterum
506 1335 724 1372 Hasdrubal
753 1336 959 1385 conloquio
988 1336 1136 1386 petivit,
1163 1342 1203 1370 ut
1232 1335 1402 1371 Romani·

281 1396 384 1445 leges
422 1399 707 1435 conscriberent
743 1400 789 1436 de
826 1400 1017 1436 tradendis
1056 1399 1204 1435 arcibus
1235 1398 1400 1441 urbium,

282 1461 417 1510 dieque
447 1464 659 1507 statuenda,
691 1465 738 1500 ad
767 1478 879 1514 quam
910 1464 1084 1514 praesidia
1113 1464 1400 1506 deducerentur,

282 1537 423 1573 suaque
443 1528 572 1562 omnia
591 1528 671 1563 sine
691 1527 822 1564 fraude
842 1528 953 1564 Poeni
973 1528 1228 1577 deportarent.
1284 1525 1401 1565 Quod

283 1587 347 1623 ubi
368 1590 586 1638 inpetravit,
608 1591 799 1641 extemplo
825 1592 955 1641 primis
981 1590 1160 1633 tenebris,
1181 1595 1294 1638 atque
1313 1589 1401 1625 inde

284 1658 367 1687 tota
392 1659 520 1696 nocte,
542 1654 643 1702 quod
672 1655 936 1703 gravissimum
966 1655 1152 1690 exercitus
1182 1660 1275 1695 erat,
1297 1652 1399 1688 Has·

283 1715 430 1759 drubal‚
462 1729 698 1766 quacumque
726 1725 869 1768 posset,
899 1718 1054 1754 evadere
1081 1730 1100 1753 e
1131 1716 1229 1752 saltu
1253 1715 1396 1765 jussit:

283 1780 373 1815 data
392 1780 520 1816 sedulo
541 1794 657 1831 opera
676 1789 746 1825 est,
769 1794 816 1818 ne
836 1781 944 1817 multi
972 1794 1016 1817 ea
1040 1788 1153 1817 nocte
1177 1780 1338 1822 exirent,
1360 1784 1401 1815 ut

283 1845 367 1893 ipsa
398 1846 584 1894 paucitas,
616 1859 732 1894 quum
763 1847 809 1882 ad
841 1847 990 1882 hostem
1017 1845 1168 1881 silentio
1195 1843 1402 1880 fallendum

284 1909 423 1957 aptior,
445 1916 526 1945 tum
546 1910 592 1945 ad
611 1911 845 1947 evadendum
865 1924 931 1960 per
950 1917 1049 1946 artas
1071 1910 1222 1945 semitas
1243 1921 1286 1944 ac
1306 1907 1402 1944 diffi-

284 1971 374 2007 ciles
394 1979 504 2009 esset.
562 1973 729 2009 Ventum
756 1975 972 2022 insequenti
1001 1974 1060 2010 die
1086 1973 1132 2008 ad
1159 1971 1403 2020 conloquium

285 2044 342 2072 est
360 2052 367 2072 ;
401 2038 462 2073 sed
484 2038 674 2086 loquendo
694 2038 802 2087 plura
822 2038 1110 2086 scribendoque,
1127 2037 1254 2073 dedita
1273 2048 1401 2086 opera,

286 2114 368 2148 quae
395 2103 436 2137 in
462 2114 537 2137 rem
567 2116 644 2138 nou
670 2111 808 2147 essent,
831 2104 889 2139 die
913 2108 1128 2144 consumto,
1149 2102 1189 2136 in
1208 2106 1401 2150 posterum

285 2165 441 2201 dilatum
463 2173 530 2202 est.
581 2167 723 2202 Addita
743 2168 941 2215 insequens
963 2179 1041 2202 nox
1060 2165 1223 2214 spatium
1242 2163 1344 2199 dedit
1364 2169 1402 2199 et

287 2230 380 2266 alios
409 2230 605 2266 emittendi
625 2244 630 2264 :
663 2243 732 2266 nec
761 2238 916 2279 postero
937 2230 995 2265 die
1015 2242 1072 2264 res
1094 2228 1206 2264 finem
1226 2226 1369 2261 invenit
1389 2240 1396 2261 ε

287 2301 341 2335 ita
357 2297 502 2347 aliquot
517 2295 594 2332 dies
611 2294 857 2344 disceptando
873 2292 995 2344 palam
1014 2292 1059 2328 de
1076 2291 1236 2340 legibus,
1251 2296 1400 2326 noctes-

1482 187 1485 220 l

1483 225 1486 267 i

1486 352 1489 371 l

1488 373 1489 384 l

1488 387 1489 401 l

1484 275 1486 278 γ
1523 249 1527 270 l
