1527 2661
374 209 527 238 LIBER
550 206 694 237 xxrv.
729 208 835 235 CAP.
860 207 966 236 xvr.
1143 195 1226 251 389

112 299 242 336 Primo
271 299 509 347 antesignani
538 297 761 340 Poenorum,
783 296 917 332 deinde
943 296 1052 345 signa
1078 304 1226 346 pertur-
1242 311 1332 342 U.C.
1351 315 1423 341 533,

112 363 216 407 bata,
237 369 429 414 postremo
452 368 535 398 tota
562 362 711 412 inpulsa
731 363 829 398 acies
847 377 857 406 3
890 362 976 397 inde
996 361 1097 397 haud
1117 361 1227 397 dubie
1241 357 1280 386 Α·
1295 354 1332 384 C·
1350 361 1424 384 9¹4·

110 434 219 476 terga
238 428 339 471 data,
357 433 546 476 ruuntque
564 426 753 476 fugientes
776 427 812 462 in
831 432 967 469 castra,
989 426 1083 461 adeo
1104 425 1227 475 pavidi

109 492 335 541 trepidique,
365 497 408 527 ut
436 504 484 527 ne
513 492 551 527 in
581 491 700 540 portis
732 490 882 540 quidem
913 495 977 525 aut
1000 488 1097 524 vallo
1127 490 1231 537 quis-

111 567 224 603 quam
244 555 438 597 restiterit,
460 567 503 591 ac
522 567 641 605 prope
659 554 870 590 continenti
892 553 1043 601 agmine
1061 552 1232 588 Romani

111 619 285 662 insecuti,
306 632 446 655 novum
466 619 512 655 de
532 620 682 669 integro
706 617 883 668 proi-:lium
903 616 1038 653 inclusi
1061 617 1231 653 hostium

110 682 211 719 vallo
231 683 428 720 ediderint.
473 683 532 718 Ibi
550 683 647 719 sicut
663 695 792 732 pugna
811 682 1013 732 inpeditior
1032 682 1070 717 in
1092 693 1231 729 angus-

109 746 186 789 tiis,
208 746 261 782 ita
281 746 398 782 caedes
420 747 586 782 atrocior
605 746 698 783 fnit:
723 752 760 782 et
780 744 956 795 adjuvere
976 745 1128 794 captivi,
1152 745 1229 793 qui,

110 816 220 862 rapto
246 812 345 848 inter
369 812 575 848 tumultum
604 811 720 854 ferro,
742 810 962 859 conglobati
990 817 1026 846 et
1054 810 1100 846 ab
1122 816 1231 859 tergo

109 876 323 912 ceciderunt
356 876 513 920 Poenos,
549 883 586 912 et
618 876 749 925 fugam
783 875 1037 925 inpedierunt.
1095 874 1232 924 Itaque

110 941 233 977 minus
254 941 329 978 duo
352 941 470 978 millia
496 940 696 977 hominum
716 953 763 976 ex
788 947 898 976 tanto
921 940 1102 983 exercitu,
1123 945 1162 975 et
1188 952 1232 975 ea

109 1003 232 1055 major
251 1017 335 1056 pars
357 1006 541 1055 equitum,
562 1018 648 1042 cum
673 1005 758 1055 ipso
778 1004 872 1040 duee
892 1003 1106 1052 effugerunt
1124 1018 1132 1039 ι
1167 1002 1231 1039 alii

108 1081 240 1105 omnes
262 1070 348 1105 caesi
368 1076 434 1105 aut
460 1070 561 1119 capti
580 1084 587 1105 :
622 1075 733 1119 capta
753 1075 791 1104 et
810 1069 920 1117 signa
943 1067 1230 1117 duodequadra-

111 1132 229 1179 ginta.
285 1132 347 1169 Ex
379 1132 587 1169 victoribus
621 1132 697 1168 duo
732 1131 848 1168 millia
882 1131 1000 1167 ferme
1033 1131 1200 1167 cecidere
1221 1145 1229 1166 :

111 1196 236 1245 praeda
256 1198 378 1233 omnis
402 1200 669 1247 (praeterquam
695 1197 896 1233 hominum
923 1196 1138 1247 captorum)
1161 1195 1232 1231 mi-

109 1259 167 1296 liti
187 1273 367 1298 concessa
386 1268 465 1298 est:
499 1268 537 1298 et
556 1275 670 1312 pecus
691 1268 892 1312 exceptum
919 1267 989 1304 est,
1011 1260 1113 1310 quod
1132 1260 1232 1295 intra

110 1323 188 1360 dies
209 1325 368 1373 triginta
387 1325 531 1361 domini
556 1326 841 1374 cognovissent.
889 1324 1018 1363 Quum
1045 1323 1171 1373 praeda
1191 1335 1234 1358 0-

111 1388 214 1423 nusti
234 1388 273 1423 in
293 1394 417 1424 castra
441 1389 642 1432 redissent,
665 1395 828 1437 quatuor
853 1387 971 1422 millia
991 1386 1108 1422 ferme
1127 1385 1233 1422 volo-

109 1463 199 1486 num
218 1451 397 1495 militum,
419 1452 484 1501 qui
509 1456 774 1502 pugnaverant
801 1451 969 1499 segnius,
991 1463 1060 1486 nec
1087 1450 1125 1485 in
1153 1462 1235 1485 cas-

106 1521 166 1550 tra
184 1515 404 1565 inruperant
434 1516 560 1559 simul,
582 1523 686 1552 metu
717 1529 841 1566 poenae
863 1515 999 1551 collem
1025 1514 1127 1550 haud
1146 1527 1233 1564 pro-

111 1578 171 1615 cul
191 1580 322 1615 eastris
349 1587 531 1629 ceperunt
549 1596 557 1616 :
591 1587 747 1630 postero
770 1581 830 1616 die
849 1592 916 1629 per
941 1577 1115 1615 tribunos
1137 1578 1234 1613 mili-

109 1647 192 1678 tum
228 1642 315 1678 inde
352 1643 518 1686 deducti,
560 1645 748 1680 concione
787 1643 949 1679 militum
994 1642 1178 1678 advocata
1214 1654 1238 1676 a

110 1704 300 1749 Graccho,
323 1708 604 1756 superveniunt.
662 1708 740 1744 Ubi
761 1720 875 1756 quum
903 1705 1109 1757 proconsul
1129 1712 1233 1741 vete-

113 1781 171 1805 res
192 1770 330 1806 milites
352 1772 528 1819 primum,
546 1778 660 1821 prout
676 1771 859 1821 cujusque
875 1772 994 1806 virtus
1015 1776 1129 1818 atque
1145 1782 1235 1819 ope-

113 1847 155 1871 ra
183 1836 222 1871 in
253 1848 297 1872 ea
324 1849 454 1886 pugna
477 1836 615 1880 fuerat,
647 1836 875 1873 milit-aribus
906 1836 1014 1872 donis
1043 1835 1235 1878 donasset,

117 1905 209 1935 tunc
225 1900 327 1948 quod
343 1900 388 1936 ad
405 1900 560 1936 volones
578 1902 778 1944 adtineret,
796 1913 926 1943 omnes,
944 1900 1010 1943 ait,
1028 1901 1138 1935 malle
1157 1901 1236 1935 lau·
1252 1909 1430 1939 volonibus

1251 1953 1376 1982 libertas
1389 1954 1441 1982 da-

116 1964 220 1999 datos
238 1977 261 1999 a
279 1976 328 2006 se,
353 1966 478 2012 dignos
501 1967 744 2013 indignosque,
767 1977 871 2013 quam
893 1976 1105 2013 quemquam
1124 1966 1303 2026 eowliemr

116 2029 334 2075 castigatum
356 2041 437 2065 esse.
488 2030 593 2071 Quod
619 2030 760 2072 bonum,
781 2029 965 2078 faustum,
986 2028 1153 2077 fehkcque
1170 2030 1240 2064 rei-

114 2092 266 2140 publicae
285 2094 438 2141 ipsisque
457 2099 557 2137 esset,
578 2106 697 2130 omnes
715 2106 771 2129 eos
792 2094 916 2129 liberos
935 2105 1004 2128 esse
1015 2091 1152 2139 jubere.
1182 2093 1243 2128 Ad

120 2168 232 2204 quam
251 2169 382 2193 vocem
400 2171 514 2206 quum
532 2158 675 2194 clamor
695 2158 840 2206 ingenti
862 2156 1056 2193 alacritate
1072 2155 1242 2193 sublatus

120 2225 236 2262 esset,
251 2232 293 2255 ac
311 2233 411 2256 nunc
429 2221 616 2271 complexi
634 2222 731 2257 inter
748 2233 786 2256 se
803 2219 1126 2268 gratulantesque,
1145 2231 1246 2255 nunc

125 2294 258 2318 manus
280 2284 326 2319 ad
347 2285 484 2321 coelum
507 2285 700 2328 tollentes,
724 2285 826 2321 bona
848 2284 977 2320 omnia
999 2283 1142 2333 populo
1163 2282 1246 2318 Ro-

75 2369 77 2371 ·
126 2357 239 2382 mano
261 2346 511 2398 Gracchoque
532 2350 603 2400 ipsi
623 2356 892 2399 precarentur,
927 2355 1006 2384 tum
1027 2347 1242 2383 Gracchus:

651 2413 719 2450 53
