1527 2661
284 226 371 269 534
749 230 793 257 Τ.
818 230 951 258 mvn

90 315 132 387 ξ’·
146 315 183 388 g
199 322 273 390 {3}-
287 329 384 361 nore,
403 320 499 367 quod
509 320 670 367 gentium
686 322 1010 357 transmarinarum
1031 322 1068 357 in
1081 322 1279 358 amicitiam
1293 325 1407 372 primi

92 383 97 387 ’
124 381 129 387 ’
168 378 182 389 ”
266 382 469 420 'venissent
528 383 742 432 Philippum
761 387 810 420 eis
829 389 865 420 et
883 385 1103 421 Macedonas
1118 398 1245 433 graves
1263 388 1408 424 adcolas

283 459 355 483 esse
366 464 379 491 ,·
409 459 560 496 quorum
577 459 614 483 se
641 448 714 482 *vim
733 460 777 483 ac
803 449 951 495 spiritus
969 453 1005 484 et
1022 448 1104 494 jam
1121 448 1292 498 fregisse,
1313 456 1348 487 et
1365 463 1406 488 eo

281 512 511 548 redacturum
530 523 614 555 esse,
635 516 676 547 ut
693 523 765 547 non
785 512 838 548 his
856 514 962 548 modo
981 513 1136 557 urbibus,
1153 526 1241 562 quas
1253 527 1318 563 per
1331 517 1405 552 vim

283 577 499 611 ademissent
525 576 677 618 AEtolis‚
708 577 891 619 excedant,
920 578 982 613 sed
1011 579 1124 626 ipsam
1152 578 1406 616 Macedoniam

283 640 451 689 infestmn
480 641 646 677 babeant.
704 641 757 677 Et
777 642 1005 684 Acarnanas,
1036 655 1122 690 quos
1148 655 1241 691 oegre
1256 642 1407 693 ferrent

281 705 406 743 AEtoli
425 720 447 743 a
467 718 612 754 corpore
634 718 697 742 suo
716 707 898 749 diremtos,
918 708 1171 744 restituturum
1193 720 1230 744 se
1248 710 1286 745 in
1305 711 1403 746 anti·

282 783 390 819 quam
415 770 623 820 formulam
649 770 816 820 jurisque
851 784 895 808 ac
923 772 1068 809 ditionis
1103 785 1236 810 eorum.
1292 772 1404 819 Haec,

281 836 384 873 dicta
408 838 669 887 promissaque
696 836 744 873 ab
765 836 947 874 Romano
973 838 1216 888 imperatore,
1244 839 1402 890 ScopaS,

87 896 203 926 Foedus
282 901 346 951 qui
365 908 446 938 tum
466 907 608 952 praetor
623 902 746 951 gentis
762 909 857 947 erat,
875 908 913 938 et
931 901 1213 951 Dorymachus,
1229 904 1404 955 princeps

84 940 236 1014 553¹,AE·
281 965 518 1009 AEtolorum,
549 965 844 1003 adfirmaverunt
877 967 1107 1004 auctoritate
1143 980 1224 1012 sua,
1254 969 1405 1006 minore

282 1043 369 1067 cum
378 1030 603 1067 verecundia
617 1037 654 1066 et
667 1029 812 1080 majore
821 1043 906 1067 cum
919 1031 990 1068 fide
1002 1032 1076 1067 vim
1090 1031 1406 1083 majestatemque

281 1095 414 1147 populi
435 1094 605 1132 Romani
618 1094 843 1132 extossentes
859 1111 867 1131 :
899 1097 1063 1133 maxime
1081 1103 1210 1134 tamen
1229 1110 1313 1148 spes
1332 1111 1403 1149 po-

282 1162 425 1198 tiundae
445 1161 623 1198 movebat
643 1162 882 1199 Acarnaniae.
930 1162 1055 1212 Igitur
1069 1164 1293 1214 conscriptae
1310 1176 1404 1201 con-

283 1226 462 1269 ditiones,
484 1225 619 1274 quibus
651 1226 689 1261 in
720 1226 927 1262 amicitiam
948 1227 1244 1276 societatemque
1271 1226 1404 1278 populi

282 1288 452 1325 Romani
467 1289 640 1325 venirent
656 1303 663 1324 :
687 1289 945 1339 additumque,
962 1295 1016 1333 ut,
1035 1292 1066 1326 si
1077 1291 1240 1339 placeret
1252 1291 1403 1328 vellent-

281 1366 360 1402 que,
380 1355 503 1390 eodem
513 1352 599 1399 jure
617 1355 784 1390 amicitiae
803 1354 899 1396 Elei,
919 1354 1263 1404 Lacedaenzoniique,
1284 1360 1320 1392 et
1332 1357 1403 1392 At-

281 1418 389 1461 talus,
410 1422 445 1454 et
465 1418 673 1460 Pleuratus,
695 1422 731 1454 et
748 1418 988 1454 Scerdilaedus
1009 1423 1130 1455 essent.
1191 1418 1310 1466 (Asiae
1329 1419 1402 1455 At-

280 1481 393 1526 talus,
413 1482 454 1518 hi
482 1482 675 1519 Thracum
704 1488 742 1518 et
770 1482 987 1532 Illyriorum
1016 1483 1153 1532 reges.)
1197 1484 1341 1520 Bellum
1361 1488 1403 1520 ut

280 1548 457 1595 extemplo
471 1547 593 1583 AEtoli
611 1559 689 1583 cum
705 1546 877 1595 Philippo
897 1552 993 1583 terra
1009 1552 1185 1595 gererent.
1242 1548 1406 1584 Navibus

279 1623 324 1647 ne
350 1612 468 1647 minus
494 1612 624 1659 viginti
648 1611 954 1659 quinqueremibus
982 1609 1171 1657 adjuvaret
1200 1612 1398 1649 Romanus.

287 1675 438 1712 Urbium
459 1675 621 1722 Corcyra²
642 1679 742 1710 tenus
759 1674 804 1709 ab
822 1675 968 1710 AEtolia
987 1676 1173 1723 incipienti
1195 1676 1310 1712 solum
1330 1681 1401 1713 tec-

282 1744 402 1788 taque,
417 1744 452 1775 et
468 1741 561 1775 muri
577 1752 655 1775 cum
671 1742 781 1787 agris,
795 1739 1007 1775 AEtolorum
1019 1756 1032 1783 ,·
1061 1740 1136 1775 alia
1151 1742 1265 1776 omnis
1274 1742 1403 1789 proecloe

275 1805 408 1854 populi
428 1804 584 1840 Romani
609 1809 708 1840 esset.
757 1805 972 1852 Darentque
1000 1816 1146 1852 operam
1167 1804 1336 1847 Romani,
1363 1810 1405 1841 ut

280 1870 530 1906 Acarnaniam
563 1869 684 1905 AEtoli
718 1868 895 1904 haberent.
947 1869 988 1904 Si
1015 1869 1138 1905 AEtoli
1165 1881 1294 1917 paceni
1323 1882 1404 1906 cnm

281 1933 455 1982 Philippo
462 1932 648 1982 facerent,
658 1933 795 1982 soederi
809 1933 1060 1976 adscriberent,
1078 1935 1132 1969 ita
1147 1938 1266 1969 ratam
1281 1945 1402 1970 eorum

273 2010 415 2048 pacem,
436 1999 467 2034 si
487 1998 680 2046 Philippus
698 2010 801 2034 arma
821 1998 865 2034 ab
881 1998 1055 2034 Romanis
1072 1999 1255 2045 sociisque,
1274 2000 1406 2046 quique

277 2075 400 2099 eorum
433 2064 580 2099 ditionis
607 2067 730 2104 essent,
762 2063 992 2099 abstinuisset.
1051 2064 1154 2105 Item,
1184 2065 1215 2099 si
1247 2064 1403 2111 populus

278 2128 464 2165 Romanus
481 2127 622 2177 foedere
640 2127 856 2176 jungeretur
884 2130 970 2175 regi,
991 2133 1033 2163 ⁴ut
1054 2132 1206 2170 caveret,
1227 2140 1269 2163 ne
1287 2127 1351 2173 jus
1369 2130 1403 2164 ei

277 2192 359 2229 belli
378 2192 556 2242 inferendi
570 2193 709 2229 AEtolis
724 2194 896 2241 sociisque
912 2204 1035 2228 eorum
1050 2197 1147 2228 esset.
1195 2191 1289 2228 Haec
1306 2205 1398 2228 con—

278 2263 481 2300 venerunt,
513 2258 806 2307 conscriptaque
836 2257 991 2293 biennio
1021 2263 1108 2307 post
1137 2255 1323 2305 Olympiae
1353 2256 1400 2293 ab

279 2320 438 2365 AEtolis‚
459 2322 498 2359 in
520 2322 715 2372 Capitolio
736 2321 782 2358 ab
803 2321 1004 2365 Romanis,
1022 2329 1064 2357 ut
1083 2326 1223 2357 testata
1243 2321 1397 2356 sacratis

279 2386 537 2423 monumentis
558 2391 698 2430 essent,
719 2392 807 2422 sunt
830 2386 966 2436 posita.
1023 2384 1146 2421 Morae
1167 2396 1298 2422 caussa
1316 2383 1398 2421 fue-
