<?xml version="1.0" encoding="UTF-8"?>
<!DOCTYPE html PUBLIC "-//W3C//DTD XHTML 1.0 Transitional//EN"
    "http://www.w3.org/TR/xhtml1/DTD/xhtml1-transitional.dtd">
<html xmlns="http://www.w3.org/1999/xhtml" xml:lang="en" lang="en">
 <head>
  <title>
</title>
<meta http-equiv="Content-Type" content="text/html;charset=utf-8" />
  <meta name='ocr-system' content='tesseract 3.04.00' />
  <meta name='ocr-capabilities' content='ocr_page ocr_carea ocr_par ocr_line ocrx_word'/>
</head>
<body>
  <div class='ocr_page' id='page_1' title='image "./historiarumquaes02livyuoft/historiarumquaes02livyuoft_0527.png"; bbox 0 0 1527 2661; ppageno 0'>
   <div class='ocr_carea' id='block_1_1' title="bbox 359 197 1199 242">
    <p class='ocr_par' dir='ltr' id='par_1_1' title="bbox 359 197 1199 242">
     <span class='ocr_line' id='line_1_1' title="bbox 359 197 1199 242; baseline -0.007 -9"><span class='ocrx_word' id='word_1_1' title='bbox 359 205 513 233; x_wconf 85' lang='lat' dir='ltr'>LIBER</span> <span class='ocrx_word' id='word_1_2' title='bbox 535 203 678 232; x_wconf 81' lang='lat' dir='ltr'>XXVI.</span> <span class='ocrx_word' id='word_1_3' title='bbox 711 202 817 230; x_wconf 76' lang='lat' dir='ltr'><strong>CAP.</strong></span> <span class='ocrx_word' id='word_1_4' title='bbox 841 201 935 229; x_wconf 88' lang='lat' dir='ltr'><strong>XII.</strong></span> <span class='ocrx_word' id='word_1_5' title='bbox 1116 197 1199 242; x_wconf 76' lang='lat'>515</span> 
     </span>
    </p>
   </div>
   <div class='ocr_carea' id='block_1_2' title="bbox 90 289 1400 369">
    <p class='ocr_par' dir='ltr' id='par_1_2' title="bbox 90 289 1400 369">
     <span class='ocr_line' id='line_1_2' title="bbox 90 289 1400 368; baseline -0.005 -38"><span class='ocrx_word' id='word_1_6' title='bbox 90 300 173 329; x_wconf 86' lang='lat' dir='ltr'>tum</span> <span class='ocrx_word' id='word_1_7' title='bbox 197 292 378 343; x_wconf 90' lang='lat' dir='ltr'>templum</span> <span class='ocrx_word' id='word_1_8' title='bbox 396 309 404 330; x_wconf 89' lang='lat'>:</span> <span class='ocrx_word' id='word_1_9' title='bbox 437 293 519 329; x_wconf 87' lang='lat' dir='ltr'>aeris</span> <span class='ocrx_word' id='word_1_10' title='bbox 539 292 676 335; x_wconf 87' lang='lat' dir='ltr'>acervi,</span> <span class='ocrx_word' id='word_1_11' title='bbox 697 304 812 341; x_wconf 89' lang='lat' dir='ltr'>quum</span> <span class='ocrx_word' id='word_1_12' title='bbox 831 290 965 326; x_wconf 88' lang='lat' dir='ltr'>rudera</span> <span class='ocrx_word' id='word_1_13' title='bbox 984 289 1121 326; x_wconf 84' lang='lat' dir='ltr'>milites</span> <span class='ocrx_word' id='word_1_14' title='bbox 1141 303 1197 326; x_wconf 84' lang='lat' dir='ltr'>re·</span> <span class='ocrx_word' id='word_1_15' title='bbox 1211 294 1254 368; x_wconf 55' lang='grc' dir='ltr'>Χ,</span> <span class='ocrx_word' id='word_1_16' title='bbox 1267 293 1305 368; x_wconf 65' lang='lat' dir='ltr'>g.</span> <span class='ocrx_word' id='word_1_17' title='bbox 1324 297 1400 364; x_wconf 50' lang='lat'>54}-</span> 
     </span>
     <span class='ocr_line' id='line_1_3' title="bbox 1246 344 1397 369; baseline -0.013 -3"><span class='ocrx_word' id='word_1_18' title='bbox 1246 359 1252 366; x_wconf 93' lang='lat'><strong>.</strong></span> <span class='ocrx_word' id='word_1_19' title='bbox 1298 359 1306 369; x_wconf 88' lang='lat'>.</span> <span class='ocrx_word' id='word_1_20' title='bbox 1323 344 1359 368; x_wconf 81' lang='lat'>21</span> <span class='ocrx_word' id='word_1_21' title='bbox 1388 355 1397 364; x_wconf 93' lang='lat'><strong>.</strong></span> 
     </span>
    </p>
   </div>
   <div class='ocr_carea' id='block_1_3' title="bbox 88 354 1387 2018">
    <p class='ocr_par' dir='ltr' id='par_1_3' title="bbox 88 354 1212 1182">
     <span class='ocr_line' id='line_1_4' title="bbox 88 354 1199 408; baseline -0.002 -16"><span class='ocrx_word' id='word_1_22' title='bbox 88 357 232 406; x_wconf 89' lang='lat' dir='ltr'>ligione</span> <span class='ocrx_word' id='word_1_23' title='bbox 260 358 404 394; x_wconf 88' lang='lat' dir='ltr'>inducti</span> <span class='ocrx_word' id='word_1_24' title='bbox 426 357 613 408; x_wconf 89' lang='lat' dir='ltr'>jacerent,</span> <span class='ocrx_word' id='word_1_25' title='bbox 634 362 721 406; x_wconf 88' lang='lat' dir='ltr'>post</span> <span class='ocrx_word' id='word_1_26' title='bbox 747 355 1022 405; x_wconf 86' lang='lat' dir='ltr'>profectionem</span> <span class='ocrx_word' id='word_1_27' title='bbox 1049 354 1199 391; x_wconf 86' lang='lat' dir='ltr'>Hanni-</span> 
     </span>
     <span class='ocr_line' id='line_1_5' title="bbox 90 420 1203 472; baseline -0.001 -15"><span class='ocrx_word' id='word_1_28' title='bbox 90 421 185 458; x_wconf 92' lang='lat' dir='ltr'>balis</span> <span class='ocrx_word' id='word_1_29' title='bbox 212 424 340 471; x_wconf 87' lang='lat' dir='ltr'>magni</span> <span class='ocrx_word' id='word_1_30' title='bbox 366 424 522 459; x_wconf 88' lang='lat' dir='ltr'>inventi.</span> <span class='ocrx_word' id='word_1_31' title='bbox 579 422 705 472; x_wconf 85' lang='lat' dir='ltr'>Hujus</span> <span class='ocrx_word' id='word_1_32' title='bbox 733 421 929 471; x_wconf 89' lang='lat' dir='ltr'>populatio</span> <span class='ocrx_word' id='word_1_33' title='bbox 955 420 1083 471; x_wconf 89' lang='lat' dir='ltr'>templi</span> <span class='ocrx_word' id='word_1_34' title='bbox 1102 421 1203 457; x_wconf 86' lang='lat' dir='ltr'>haud</span> 
     </span>
     <span class='ocr_line' id='line_1_6' title="bbox 91 484 1204 537; baseline -0.002 -15"><span class='ocrx_word' id='word_1_35' title='bbox 91 485 207 522; x_wconf 90' lang='lat' dir='ltr'>dubia</span> <span class='ocrx_word' id='word_1_36' title='bbox 225 486 325 522; x_wconf 87' lang='lat' dir='ltr'>inter</span> <span class='ocrx_word' id='word_1_37' title='bbox 344 487 544 537; x_wconf 85' lang='lat' dir='ltr'>scriptores</span> <span class='ocrx_word' id='word_1_38' title='bbox 565 493 633 523; x_wconf 90' lang='lat' dir='ltr'>est.</span> <span class='ocrx_word' id='word_1_39' title='bbox 690 485 847 527; x_wconf 76' lang='lat' dir='ltr'>Coelius,</span> <span class='ocrx_word' id='word_1_40' title='bbox 868 484 1033 521; x_wconf 83' lang='lat' dir='ltr'>Romam</span> <span class='ocrx_word' id='word_1_41' title='bbox 1054 492 1204 521; x_wconf 87' lang='lat' dir='ltr'>euntem</span> 
     </span>
     <span class='ocr_line' id='line_1_7' title="bbox 92 549 1205 597; baseline -0.004 -9"><span class='ocrx_word' id='word_1_42' title='bbox 92 551 139 588; x_wconf 84' lang='lat' dir='ltr'>ab</span> <span class='ocrx_word' id='word_1_43' title='bbox 158 551 278 588; x_wconf 90' lang='lat' dir='ltr'>Ereto</span> <span class='ocrx_word' id='word_1_44' title='bbox 298 551 492 587; x_wconf 84' lang='lat' dir='ltr'><strong>divertisse</strong></span> <span class='ocrx_word' id='word_1_45' title='bbox 520 564 565 587; x_wconf 88' lang='lat' dir='ltr'>eo</span> <span class='ocrx_word' id='word_1_46' title='bbox 592 550 864 593; x_wconf 84' lang='lat' dir='ltr'>Hannibalem,</span> <span class='ocrx_word' id='word_1_47' title='bbox 889 549 1028 586; x_wconf 84' lang='lat' dir='ltr'>tradit:</span> <span class='ocrx_word' id='word_1_48' title='bbox 1061 550 1205 597; x_wconf 85' lang='lat' dir='ltr'>iterque</span> 
     </span>
     <span class='ocr_line' id='line_1_8' title="bbox 93 615 1202 666; baseline -0.002 -14"><span class='ocrx_word' id='word_1_49' title='bbox 93 615 174 666; x_wconf 88' lang='lat' dir='ltr'>ejus</span> <span class='ocrx_word' id='word_1_50' title='bbox 201 616 247 652; x_wconf 89' lang='lat' dir='ltr'>ab</span> <span class='ocrx_word' id='word_1_51' title='bbox 270 616 408 660; x_wconf 83' lang='lat' dir='ltr'>Reate,</span> <span class='ocrx_word' id='word_1_52' title='bbox 431 617 670 665; x_wconf 80' lang='lat' dir='ltr'>Cutiliisque,</span> <span class='ocrx_word' id='word_1_53' title='bbox 692 623 729 652; x_wconf 93' lang='lat' dir='ltr'>et</span> <span class='ocrx_word' id='word_1_54' title='bbox 748 616 794 652; x_wconf 86' lang='lat' dir='ltr'>ab</span> <span class='ocrx_word' id='word_1_55' title='bbox 816 616 1015 651; x_wconf 88' lang='lat' dir='ltr'>Amiterno</span> <span class='ocrx_word' id='word_1_56' title='bbox 1036 615 1202 651; x_wconf 87' lang='lat' dir='ltr'>orditur:</span> 
     </span>
     <span class='ocr_line' id='line_1_9' title="bbox 92 680 1207 731; baseline -0.001 -15"><span class='ocrx_word' id='word_1_57' title='bbox 92 693 140 718; x_wconf 83' lang='lat' dir='ltr'>ex</span> <span class='ocrx_word' id='word_1_58' title='bbox 160 681 370 731; x_wconf 86' lang='lat' dir='ltr'>Campania</span> <span class='ocrx_word' id='word_1_59' title='bbox 398 681 438 717; x_wconf 88' lang='lat' dir='ltr'>in</span> <span class='ocrx_word' id='word_1_60' title='bbox 468 681 676 724; x_wconf 89' lang='lat' dir='ltr'>Samnium,</span> <span class='ocrx_word' id='word_1_61' title='bbox 698 681 784 717; x_wconf 89' lang='lat' dir='ltr'>inde</span> <span class='ocrx_word' id='word_1_62' title='bbox 813 681 852 717; x_wconf 92' lang='lat' dir='ltr'>in</span> <span class='ocrx_word' id='word_1_63' title='bbox 877 680 1057 728; x_wconf 89' lang='lat' dir='ltr'>Pelignos</span> <span class='ocrx_word' id='word_1_64' title='bbox 1077 692 1207 730; x_wconf 88' lang='lat' dir='ltr'>perve-</span> 
     </span>
     <span class='ocr_line' id='line_1_10' title="bbox 92 744 1207 796; baseline 0 -16"><span class='ocrx_word' id='word_1_65' title='bbox 92 745 193 781; x_wconf 81' lang='lat' dir='ltr'><strong>nisse</strong></span> <span class='ocrx_word' id='word_1_66' title='bbox 208 762 217 789; x_wconf 79' lang='lat'><em>3</em></span> <span class='ocrx_word' id='word_1_67' title='bbox 240 752 451 796; x_wconf 83' lang='lat' dir='ltr'>praeterque</span> <span class='ocrx_word' id='word_1_68' title='bbox 470 746 649 795; x_wconf 90' lang='lat' dir='ltr'>oppidum</span> <span class='ocrx_word' id='word_1_69' title='bbox 670 745 890 782; x_wconf 85' lang='lat' dir='ltr'>Sulmonem</span> <span class='ocrx_word' id='word_1_70' title='bbox 909 746 947 781; x_wconf 92' lang='lat' dir='ltr'>in</span> <span class='ocrx_word' id='word_1_71' title='bbox 966 744 1207 781; x_wconf 79' lang='lat' dir='ltr'>Marrucinos</span> 
     </span>
     <span class='ocr_line' id='line_1_11' title="bbox 93 809 1209 859; baseline 0 -15"><span class='ocrx_word' id='word_1_72' title='bbox 93 810 298 855; x_wconf 81' lang='lat' dir='ltr'>transisse3</span> <span class='ocrx_word' id='word_1_73' title='bbox 331 810 419 846; x_wconf 89' lang='lat' dir='ltr'>inde</span> <span class='ocrx_word' id='word_1_74' title='bbox 438 809 598 846; x_wconf 87' lang='lat' dir='ltr'><strong>Albensi</strong></span> <span class='ocrx_word' id='word_1_75' title='bbox 625 823 717 859; x_wconf 85' lang='lat' dir='ltr'>agro</span> <span class='ocrx_word' id='word_1_76' title='bbox 743 811 781 846; x_wconf 92' lang='lat' dir='ltr'>in</span> <span class='ocrx_word' id='word_1_77' title='bbox 807 810 972 853; x_wconf 84' lang='lat' dir='ltr'>Marsos,</span> <span class='ocrx_word' id='word_1_78' title='bbox 993 809 1081 845; x_wconf 90' lang='lat' dir='ltr'>hinc</span> <span class='ocrx_word' id='word_1_79' title='bbox 1101 809 1209 844; x_wconf 90' lang='lat' dir='ltr'>Ami-</span> 
     </span>
     <span class='ocr_line' id='line_1_12' title="bbox 93 874 1210 924; baseline 0.001 -15"><span class='ocrx_word' id='word_1_80' title='bbox 93 879 258 916; x_wconf 84' lang='lat' dir='ltr'>ternum,</span> <span class='ocrx_word' id='word_1_81' title='bbox 279 874 514 923; x_wconf 87' lang='lat' dir='ltr'>Forulosque</span> <span class='ocrx_word' id='word_1_82' title='bbox 535 875 659 911; x_wconf 75' lang='lat' dir='ltr'>vicum</span> <span class='ocrx_word' id='word_1_83' title='bbox 677 876 834 911; x_wconf 82' lang='lat' dir='ltr'>venisse.</span> <span class='ocrx_word' id='word_1_84' title='bbox 877 874 1014 924; x_wconf 82' lang='lat' dir='ltr'>Neque</span> <span class='ocrx_word' id='word_1_85' title='bbox 1032 874 1086 910; x_wconf 88' lang='lat' dir='ltr'>ibi</span> <span class='ocrx_word' id='word_1_86' title='bbox 1106 887 1210 910; x_wconf 89' lang='lat' dir='ltr'>error</span> 
     </span>
     <span class='ocr_line' id='line_1_13' title="bbox 95 938 1210 988; baseline 0.001 -15"><span class='ocrx_word' id='word_1_87' title='bbox 95 943 166 981; x_wconf 88' lang='lat' dir='ltr'>est,</span> <span class='ocrx_word' id='word_1_88' title='bbox 191 938 292 986; x_wconf 92' lang='lat' dir='ltr'>quod</span> <span class='ocrx_word' id='word_1_89' title='bbox 320 939 419 974; x_wconf 89' lang='lat' dir='ltr'>tanti</span> <span class='ocrx_word' id='word_1_90' title='bbox 447 939 633 975; x_wconf 83' lang='lat' dir='ltr'>exercitus</span> <span class='ocrx_word' id='word_1_91' title='bbox 663 940 823 988; x_wconf 88' lang='lat' dir='ltr'>vestigia</span> <span class='ocrx_word' id='word_1_92' title='bbox 851 940 951 975; x_wconf 87' lang='lat' dir='ltr'>intra</span> <span class='ocrx_word' id='word_1_93' title='bbox 978 945 1057 975; x_wconf 86' lang='lat' dir='ltr'>tam</span> <span class='ocrx_word' id='word_1_94' title='bbox 1085 938 1210 975; x_wconf 88' lang='lat' dir='ltr'>brevis</span> 
     </span>
     <span class='ocr_line' id='line_1_14' title="bbox 96 1003 1212 1052; baseline 0 -14"><span class='ocrx_word' id='word_1_95' title='bbox 96 1003 165 1039; x_wconf 86' lang='lat' dir='ltr'>aevi</span> <span class='ocrx_word' id='word_1_96' title='bbox 197 1003 418 1039; x_wconf 87' lang='lat' dir='ltr'>memoriam</span> <span class='ocrx_word' id='word_1_97' title='bbox 448 1004 644 1052; x_wconf 88' lang='lat' dir='ltr'>potuerint</span> <span class='ocrx_word' id='word_1_98' title='bbox 673 1003 884 1040; x_wconf 88' lang='lat' dir='ltr'>confundi:</span> <span class='ocrx_word' id='word_1_99' title='bbox 930 1004 1002 1039; x_wconf 87' lang='lat' dir='ltr'>isse</span> <span class='ocrx_word' id='word_1_100' title='bbox 1035 1004 1135 1039; x_wconf 88' lang='lat' dir='ltr'>enim</span> <span class='ocrx_word' id='word_1_101' title='bbox 1168 1015 1212 1038; x_wconf 84' lang='lat' dir='ltr'>ea</span> 
     </span>
     <span class='ocr_line' id='line_1_15' title="bbox 96 1067 1212 1111; baseline 0.001 -8"><span class='ocrx_word' id='word_1_102' title='bbox 96 1074 259 1104; x_wconf 89' lang='lat' dir='ltr'>constat.</span> <span class='ocrx_word' id='word_1_103' title='bbox 314 1067 483 1104; x_wconf 88' lang='lat' dir='ltr'>Tantum</span> <span class='ocrx_word' id='word_1_104' title='bbox 513 1069 550 1104; x_wconf 91' lang='lat' dir='ltr'>id</span> <span class='ocrx_word' id='word_1_105' title='bbox 578 1069 749 1111; x_wconf 86' lang='lat' dir='ltr'>interest,</span> <span class='ocrx_word' id='word_1_106' title='bbox 776 1068 971 1104; x_wconf 89' lang='lat' dir='ltr'>veneritne</span> <span class='ocrx_word' id='word_1_107' title='bbox 1001 1081 1047 1104; x_wconf 93' lang='lat' dir='ltr'>eo</span> <span class='ocrx_word' id='word_1_108' title='bbox 1077 1069 1212 1104; x_wconf 89' lang='lat' dir='ltr'>itinere</span> 
     </span>
     <span class='ocr_line' id='line_1_16' title="bbox 97 1131 1069 1182; baseline 0.002 -16"><span class='ocrx_word' id='word_1_109' title='bbox 97 1131 144 1166; x_wconf 93' lang='lat' dir='ltr'>ad</span> <span class='ocrx_word' id='word_1_110' title='bbox 162 1131 308 1173; x_wconf 88' lang='lat' dir='ltr'>urbem,</span> <span class='ocrx_word' id='word_1_111' title='bbox 330 1143 376 1167; x_wconf 91' lang='lat' dir='ltr'>an</span> <span class='ocrx_word' id='word_1_112' title='bbox 397 1131 444 1167; x_wconf 91' lang='lat' dir='ltr'>ab</span> <span class='ocrx_word' id='word_1_113' title='bbox 467 1131 557 1167; x_wconf 88' lang='lat' dir='ltr'>urbe</span> <span class='ocrx_word' id='word_1_114' title='bbox 576 1132 613 1168; x_wconf 91' lang='lat' dir='ltr'>in</span> <span class='ocrx_word' id='word_1_115' title='bbox 637 1131 885 1182; x_wconf 80' lang='lat' dir='ltr'>Campaniam</span> <span class='ocrx_word' id='word_1_116' title='bbox 904 1132 1069 1169; x_wconf 87' lang='lat' dir='ltr'>redierit.</span> 
     </span>
    </p>

    <p class='ocr_par' dir='ltr' id='par_1_4' title="bbox 98 1195 1387 2018">
     <span class='ocr_line' id='line_1_17' title="bbox 151 1195 1387 1247; baseline 0.002 -15"><span class='ocrx_word' id='word_1_117' title='bbox 151 1195 248 1232; x_wconf 87' lang='lat' dir='ltr'><strong>XII.</strong></span> <span class='ocrx_word' id='word_1_118' title='bbox 282 1196 459 1232; x_wconf 89' lang='lat' dir='ltr'>Ceterum</span> <span class='ocrx_word' id='word_1_119' title='bbox 489 1209 567 1233; x_wconf 90' lang='lat' dir='ltr'>non</span> <span class='ocrx_word' id='word_1_120' title='bbox 597 1203 780 1246; x_wconf 86' lang='lat' dir='ltr'>quantum</span> <span class='ocrx_word' id='word_1_121' title='bbox 809 1197 1026 1247; x_wconf 77' lang='lat' dir='ltr'>pertinaciae</span> <span class='ocrx_word' id='word_1_122' title='bbox 1053 1196 1099 1233; x_wconf 92' lang='lat' dir='ltr'>ad</span> <span class='ocrx_word' id='word_1_123' title='bbox 1128 1209 1212 1247; x_wconf 83' lang='lat' dir='ltr'>pre·</span> <span class='ocrx_word' id='word_1_124' title='bbox 1226 1203 1387 1243; x_wconf 78' lang='lat' dir='ltr'>ItRhegi·</span> 
     </span>
     <span class='ocr_line' id='line_1_18' title="bbox 99 1256 1295 1310; baseline 0.002 -15"><span class='ocrx_word' id='word_1_125' title='bbox 99 1260 274 1296; x_wconf 87' lang='lat' dir='ltr'>mendam</span> <span class='ocrx_word' id='word_1_126' title='bbox 303 1260 501 1296; x_wconf 86' lang='lat' dir='ltr'>obsidione</span> <span class='ocrx_word' id='word_1_127' title='bbox 533 1260 703 1310; x_wconf 88' lang='lat' dir='ltr'>Capuam</span> <span class='ocrx_word' id='word_1_128' title='bbox 734 1260 920 1297; x_wconf 86' lang='lat' dir='ltr'>Romanis</span> <span class='ocrx_word' id='word_1_129' title='bbox 950 1260 1037 1303; x_wconf 83' lang='lat' dir='ltr'>fuit,</span> <span class='ocrx_word' id='word_1_130' title='bbox 1063 1267 1211 1298; x_wconf 86' lang='lat' dir='ltr'>tantum</span> <span class='ocrx_word' id='word_1_131' title='bbox 1225 1256 1295 1278; x_wconf 74' lang='lat' dir='ltr'>um·</span> 
     </span>
     <span class='ocr_line' id='line_1_19' title="bbox 100 1322 1212 1374; baseline 0.002 -15"><span class='ocrx_word' id='word_1_132' title='bbox 100 1324 146 1359; x_wconf 90' lang='lat' dir='ltr'>ad</span> <span class='ocrx_word' id='word_1_133' title='bbox 165 1323 437 1360; x_wconf 83' lang='lat' dir='ltr'>defendendam</span> <span class='ocrx_word' id='word_1_134' title='bbox 466 1324 677 1361; x_wconf 84' lang='lat' dir='ltr'>Hannibali</span> <span class='ocrx_word' id='word_1_135' title='bbox 697 1341 703 1360; x_wconf 77' lang='lat' dir='ltr'><em>z</em></span> <span class='ocrx_word' id='word_1_136' title='bbox 736 1322 899 1374; x_wconf 84' lang='lat' dir='ltr'>namque</span> <span class='ocrx_word' id='word_1_137' title='bbox 918 1337 965 1361; x_wconf 87' lang='lat' dir='ltr'>ex</span> <span class='ocrx_word' id='word_1_138' title='bbox 987 1324 1152 1361; x_wconf 84' lang='lat' dir='ltr'>Lucanis</span> <span class='ocrx_word' id='word_1_139' title='bbox 1173 1326 1212 1361; x_wconf 89' lang='lat' dir='ltr'>in</span> 
     </span>
     <span class='ocr_line' id='line_1_20' title="bbox 98 1389 1214 1438; baseline 0 -13"><span class='ocrx_word' id='word_1_140' title='bbox 98 1389 293 1425; x_wconf 84' lang='lat' dir='ltr'>Bruttium</span> <span class='ocrx_word' id='word_1_141' title='bbox 327 1401 472 1438; x_wconf 86' lang='lat' dir='ltr'>agrum,</span> <span class='ocrx_word' id='word_1_142' title='bbox 504 1389 551 1425; x_wconf 90' lang='lat' dir='ltr'>ad</span> <span class='ocrx_word' id='word_1_143' title='bbox 583 1389 722 1425; x_wconf 88' lang='lat' dir='ltr'>fretum</span> <span class='ocrx_word' id='word_1_144' title='bbox 755 1402 843 1426; x_wconf 80' lang='lat' dir='ltr'>vero</span> <span class='ocrx_word' id='word_1_145' title='bbox 873 1402 916 1426; x_wconf 86' lang='lat' dir='ltr'>ac</span> <span class='ocrx_word' id='word_1_146' title='bbox 945 1389 1138 1438; x_wconf 89' lang='lat' dir='ltr'>Rhegium</span> <span class='ocrx_word' id='word_1_147' title='bbox 1169 1402 1214 1425; x_wconf 93' lang='lat' dir='ltr'>eo</span> 
     </span>
     <span class='ocr_line' id='line_1_21' title="bbox 99 1454 1213 1504; baseline 0.002 -16"><span class='ocrx_word' id='word_1_148' title='bbox 99 1465 209 1489; x_wconf 90' lang='lat' dir='ltr'>cursu</span> <span class='ocrx_word' id='word_1_149' title='bbox 228 1454 439 1497; x_wconf 84' lang='lat' dir='ltr'>contendit,</span> <span class='ocrx_word' id='word_1_150' title='bbox 461 1461 502 1490; x_wconf 92' lang='lat' dir='ltr'>ut</span> <span class='ocrx_word' id='word_1_151' title='bbox 528 1467 646 1504; x_wconf 88' lang='lat' dir='ltr'>prope</span> <span class='ocrx_word' id='word_1_152' title='bbox 672 1455 872 1504; x_wconf 88' lang='lat' dir='ltr'>repentino</span> <span class='ocrx_word' id='word_1_153' title='bbox 898 1454 1061 1490; x_wconf 86' lang='lat' dir='ltr'>adventu</span> <span class='ocrx_word' id='word_1_154' title='bbox 1083 1455 1213 1495; x_wconf 75' lang='lat' dir='ltr'>incau-</span> 
     </span>
     <span class='ocr_line' id='line_1_22' title="bbox 98 1517 1215 1568; baseline 0.001 -16"><span class='ocrx_word' id='word_1_155' title='bbox 98 1524 159 1553; x_wconf 92' lang='lat' dir='ltr'>tos</span> <span class='ocrx_word' id='word_1_156' title='bbox 180 1517 420 1567; x_wconf 86' lang='lat' dir='ltr'>obpresserit.</span> <span class='ocrx_word' id='word_1_157' title='bbox 480 1519 612 1568; x_wconf 82' lang='lat' dir='ltr'>Capua</span> <span class='ocrx_word' id='word_1_158' title='bbox 637 1519 706 1554; x_wconf 86' lang='lat' dir='ltr'>etsi</span> <span class='ocrx_word' id='word_1_159' title='bbox 733 1517 853 1554; x_wconf 88' lang='lat' dir='ltr'>nihilo</span> <span class='ocrx_word' id='word_1_160' title='bbox 881 1518 1032 1566; x_wconf 82' lang='lat' dir='ltr'>segnius</span> <span class='ocrx_word' id='word_1_161' title='bbox 1060 1517 1215 1553; x_wconf 86' lang='lat' dir='ltr'>obsessa</span> 
     </span>
     <span class='ocr_line' id='line_1_23' title="bbox 98 1581 1209 1630; baseline 0.001 -14"><span class='ocrx_word' id='word_1_162' title='bbox 98 1593 164 1630; x_wconf 85' lang='lat' dir='ltr'>per</span> <span class='ocrx_word' id='word_1_163' title='bbox 190 1594 254 1617; x_wconf 88' lang='lat' dir='ltr'>eos</span> <span class='ocrx_word' id='word_1_164' title='bbox 276 1582 352 1617; x_wconf 85' lang='lat' dir='ltr'>dies</span> <span class='ocrx_word' id='word_1_165' title='bbox 373 1581 509 1625; x_wconf 84' lang='lat' dir='ltr'>fuerat,</span> <span class='ocrx_word' id='word_1_166' title='bbox 532 1589 659 1618; x_wconf 88' lang='lat' dir='ltr'>tamen</span> <span class='ocrx_word' id='word_1_167' title='bbox 686 1582 886 1618; x_wconf 88' lang='lat' dir='ltr'>adventum</span> <span class='ocrx_word' id='word_1_168' title='bbox 911 1581 1035 1618; x_wconf 89' lang='lat' dir='ltr'>Flacci</span> <span class='ocrx_word' id='word_1_169' title='bbox 1067 1582 1209 1617; x_wconf 89' lang='lat' dir='ltr'>sensit:</span> 
     </span>
     <span class='ocr_line' id='line_1_24' title="bbox 99 1644 1213 1693; baseline 0 -13"><span class='ocrx_word' id='word_1_170' title='bbox 99 1652 137 1680; x_wconf 89' lang='lat' dir='ltr'>et</span> <span class='ocrx_word' id='word_1_171' title='bbox 163 1645 362 1681; x_wconf 86' lang='lat' dir='ltr'>admiratio</span> <span class='ocrx_word' id='word_1_172' title='bbox 389 1653 474 1681; x_wconf 85' lang='lat' dir='ltr'>orta</span> <span class='ocrx_word' id='word_1_173' title='bbox 499 1651 568 1688; x_wconf 90' lang='lat' dir='ltr'>est,</span> <span class='ocrx_word' id='word_1_174' title='bbox 589 1658 667 1682; x_wconf 88' lang='lat' dir='ltr'>non</span> <span class='ocrx_word' id='word_1_175' title='bbox 687 1645 799 1681; x_wconf 88' lang='lat' dir='ltr'>simul</span> <span class='ocrx_word' id='word_1_176' title='bbox 821 1657 1033 1693; x_wconf 85' lang='lat' dir='ltr'>regressum</span> <span class='ocrx_word' id='word_1_177' title='bbox 1061 1644 1213 1681; x_wconf 86' lang='lat' dir='ltr'>Hanni-</span> 
     </span>
     <span class='ocr_line' id='line_1_25' title="bbox 99 1709 1214 1760; baseline 0 -14"><span class='ocrx_word' id='word_1_178' title='bbox 99 1709 235 1746; x_wconf 88' lang='lat' dir='ltr'>balem.</span> <span class='ocrx_word' id='word_1_179' title='bbox 283 1709 376 1746; x_wconf 87' lang='lat' dir='ltr'>Inde</span> <span class='ocrx_word' id='word_1_180' title='bbox 396 1723 461 1760; x_wconf 90' lang='lat' dir='ltr'>per</span> <span class='ocrx_word' id='word_1_181' title='bbox 481 1710 684 1759; x_wconf 86' lang='lat' dir='ltr'>conloquia</span> <span class='ocrx_word' id='word_1_182' title='bbox 703 1709 985 1752; x_wconf 85' lang='lat' dir='ltr'>intellexerunt,</span> <span class='ocrx_word' id='word_1_183' title='bbox 1002 1709 1153 1745; x_wconf 88' lang='lat' dir='ltr'>relictos</span> <span class='ocrx_word' id='word_1_184' title='bbox 1174 1721 1214 1746; x_wconf 84' lang='lat' dir='ltr'>se</span> 
     </span>
     <span class='ocr_line' id='line_1_26' title="bbox 100 1773 1213 1825; baseline -0.001 -15"><span class='ocrx_word' id='word_1_185' title='bbox 100 1774 356 1823; x_wconf 85' lang='lat' dir='ltr'>desertosque,</span> <span class='ocrx_word' id='word_1_186' title='bbox 379 1782 415 1811; x_wconf 89' lang='lat' dir='ltr'>et</span> <span class='ocrx_word' id='word_1_187' title='bbox 445 1788 548 1825; x_wconf 87' lang='lat' dir='ltr'>spem</span> <span class='ocrx_word' id='word_1_188' title='bbox 579 1775 718 1825; x_wconf 83' lang='lat' dir='ltr'>Capuae</span> <span class='ocrx_word' id='word_1_189' title='bbox 744 1774 948 1810; x_wconf 87' lang='lat' dir='ltr'>retinendae</span> <span class='ocrx_word' id='word_1_190' title='bbox 978 1773 1213 1823; x_wconf 85' lang='lat' dir='ltr'>deploratam</span> 
     </span>
     <span class='ocr_line' id='line_1_27' title="bbox 100 1837 1213 1888; baseline 0 -14"><span class='ocrx_word' id='word_1_191' title='bbox 100 1838 198 1888; x_wconf 89' lang='lat' dir='ltr'>apud</span> <span class='ocrx_word' id='word_1_192' title='bbox 225 1838 365 1874; x_wconf 85' lang='lat' dir='ltr'>Poenos</span> <span class='ocrx_word' id='word_1_193' title='bbox 387 1851 477 1875; x_wconf 88' lang='lat' dir='ltr'>esse.</span> <span class='ocrx_word' id='word_1_194' title='bbox 534 1838 706 1874; x_wconf 86' lang='lat' dir='ltr'>Accessit</span> <span class='ocrx_word' id='word_1_195' title='bbox 727 1837 890 1873; x_wconf 85' lang='lat' dir='ltr'>edictum</span> <span class='ocrx_word' id='word_1_196' title='bbox 909 1837 1145 1887; x_wconf 81' lang='lat' dir='ltr'>proconsulis</span> <span class='ocrx_word' id='word_1_197' title='bbox 1166 1850 1213 1874; x_wconf 85' lang='lat' dir='ltr'>ex</span> 
     </span>
     <span class='ocr_line' id='line_1_28' title="bbox 101 1902 1211 1954; baseline -0.002 -14"><span class='ocrx_word' id='word_1_198' title='bbox 101 1903 431 1940; x_wconf 87' lang='lat' dir='ltr'>senatusconsulto</span> <span class='ocrx_word' id='word_1_199' title='bbox 451 1904 702 1954; x_wconf 88' lang='lat' dir='ltr'>propositum,</span> <span class='ocrx_word' id='word_1_200' title='bbox 716 1902 985 1951; x_wconf 82' lang='lat' dir='ltr'>vulgatumque</span> <span class='ocrx_word' id='word_1_201' title='bbox 1005 1903 1104 1952; x_wconf 87' lang='lat' dir='ltr'>apud</span> <span class='ocrx_word' id='word_1_202' title='bbox 1122 1903 1211 1939; x_wconf 85' lang='lat' dir='ltr'>hos-</span> 
     </span>
     <span class='ocr_line' id='line_1_29' title="bbox 99 1970 1212 2018; baseline -0.003 -11"><span class='ocrx_word' id='word_1_203' title='bbox 99 1978 154 2007; x_wconf 85' lang='lat' dir='ltr'>tes</span> <span class='ocrx_word' id='word_1_204' title='bbox 175 1986 182 2006; x_wconf 87' lang='lat'>:</span> <span class='ocrx_word' id='word_1_205' title='bbox 215 1976 269 2013; x_wconf 76' lang='lat' dir='ltr'>ut,</span> <span class='ocrx_word' id='word_1_206' title='bbox 291 1972 350 2018; x_wconf 78' lang='lat' dir='ltr'>qui</span> <span class='ocrx_word' id='word_1_207' title='bbox 369 1972 452 2006; x_wconf 71' lang='lat' dir='ltr'>civis</span> <span class='ocrx_word' id='word_1_208' title='bbox 473 1970 676 2018; x_wconf 80' lang='lat' dir='ltr'>Campanus</span> <span class='ocrx_word' id='word_1_209' title='bbox 696 1974 780 2005; x_wconf 78' lang='lat' dir='ltr'>ante</span> <span class='ocrx_word' id='word_1_210' title='bbox 799 1974 932 2005; x_wconf 83' lang='lat' dir='ltr'>certam</span> <span class='ocrx_word' id='word_1_211' title='bbox 952 1971 1045 2005; x_wconf 79' lang='lat' dir='ltr'>diem</span> <span class='ocrx_word' id='word_1_212' title='bbox 1066 1971 1212 2005; x_wconf 79' lang='lat' dir='ltr'>transis-</span> 
     </span>
    </p>
   </div>
   <div class='ocr_carea' id='block_1_4' title="bbox 98 2033 1405 2084">
    <p class='ocr_par' dir='ltr' id='par_1_5' title="bbox 98 2033 1405 2084">
     <span class='ocr_line' id='line_1_30' title="bbox 98 2033 1405 2084; baseline -0.002 -13"><span class='ocrx_word' id='word_1_213' title='bbox 98 2041 164 2078; x_wconf 82' lang='lat' dir='ltr'>set,</span> <span class='ocrx_word' id='word_1_214' title='bbox 184 2037 258 2071; x_wconf 73' lang='lat' dir='ltr'>sim:</span> <span class='ocrx_word' id='word_1_215' title='bbox 275 2034 417 2083; x_wconf 80' lang='lat' dir='ltr'>fraude</span> <span class='ocrx_word' id='word_1_216' title='bbox 444 2040 540 2070; x_wconf 79' lang='lat' dir='ltr'>esset.</span> <span class='ocrx_word' id='word_1_217' title='bbox 596 2034 681 2070; x_wconf 86' lang='lat' dir='ltr'>Nec</span> <span class='ocrx_word' id='word_1_218' title='bbox 707 2033 783 2069; x_wconf 89' lang='lat' dir='ltr'>ulla</span> <span class='ocrx_word' id='word_1_219' title='bbox 808 2033 910 2070; x_wconf 89' lang='lat' dir='ltr'>facta</span> <span class='ocrx_word' id='word_1_220' title='bbox 939 2040 994 2070; x_wconf 90' lang='lat' dir='ltr'>est</span> <span class='ocrx_word' id='word_1_221' title='bbox 1020 2034 1209 2076; x_wconf 87' lang='lat' dir='ltr'>transitio,</span> <span class='ocrx_word' id='word_1_222' title='bbox 1224 2044 1405 2084; x_wconf 76' lang='lat' dir='ltr'>Campano-</span> 
     </span>
    </p>
   </div>
   <div class='ocr_carea' id='block_1_5' title="bbox 99 2088 1369 2333">
    <p class='ocr_par' dir='ltr' id='par_1_6' title="bbox 99 2088 1369 2333">
     <span class='ocr_line' id='line_1_31' title="bbox 100 2088 1369 2171; baseline -0.002 -36"><span class='ocrx_word' id='word_1_223' title='bbox 100 2106 205 2136; x_wconf 87' lang='lat' dir='ltr'>metu</span> <span class='ocrx_word' id='word_1_224' title='bbox 223 2100 342 2147; x_wconf 88' lang='lat' dir='ltr'>magis</span> <span class='ocrx_word' id='word_1_225' title='bbox 364 2111 442 2142; x_wconf 89' lang='lat' dir='ltr'>eos,</span> <span class='ocrx_word' id='word_1_226' title='bbox 460 2111 572 2147; x_wconf 88' lang='lat' dir='ltr'>quam</span> <span class='ocrx_word' id='word_1_227' title='bbox 590 2098 676 2141; x_wconf 87' lang='lat' dir='ltr'>fide,</span> <span class='ocrx_word' id='word_1_228' title='bbox 694 2098 934 2143; x_wconf 72' lang='lat' dir='ltr'>continente,</span> <span class='ocrx_word' id='word_1_229' title='bbox 957 2098 1045 2146; x_wconf 90' lang='lat' dir='ltr'>quia</span> <span class='ocrx_word' id='word_1_230' title='bbox 1063 2096 1136 2148; x_wconf 91' lang='lat' dir='ltr'>maj</span> <span class='ocrx_word' id='word_1_231' title='bbox 1144 2109 1211 2133; x_wconf 89' lang='lat' dir='ltr'>ora</span> <span class='ocrx_word' id='word_1_232' title='bbox 1224 2088 1369 2171; x_wconf 49' lang='grc' dir='ltr'>Ξὲξῐῖἃῗίἰ</span> 
     </span>
     <span class='ocr_line' id='line_1_32' title="bbox 99 2162 1212 2212; baseline -0.002 -12"><span class='ocrx_word' id='word_1_233' title='bbox 99 2165 138 2201; x_wconf 90' lang='lat' dir='ltr'>in</span> <span class='ocrx_word' id='word_1_234' title='bbox 159 2163 371 2200; x_wconf 85' lang='lat' dir='ltr'>defectione</span> <span class='ocrx_word' id='word_1_235' title='bbox 392 2162 639 2212; x_wconf 88' lang='lat' dir='ltr'>deliquerant,</span> <span class='ocrx_word' id='word_1_236' title='bbox 661 2176 772 2212; x_wconf 90' lang='lat' dir='ltr'>quam</span> <span class='ocrx_word' id='word_1_237' title='bbox 792 2162 926 2212; x_wconf 86' lang='lat' dir='ltr'>quibus</span> <span class='ocrx_word' id='word_1_238' title='bbox 952 2162 1099 2211; x_wconf 85' lang='lat' dir='ltr'>ignosci</span> <span class='ocrx_word' id='word_1_239' title='bbox 1125 2173 1212 2212; x_wconf 88' lang='lat' dir='ltr'>pos-</span> 
     </span>
     <span class='ocr_line' id='line_1_33' title="bbox 101 2225 1213 2277; baseline -0.003 -13"><span class='ocrx_word' id='word_1_240' title='bbox 101 2234 169 2264; x_wconf 88' lang='lat' dir='ltr'>set.</span> <span class='ocrx_word' id='word_1_241' title='bbox 223 2228 399 2263; x_wconf 83' lang='lat' dir='ltr'>Ceterum</span> <span class='ocrx_word' id='word_1_242' title='bbox 420 2226 734 2276; x_wconf 85' lang='lat' dir='ltr'>quemadmodum</span> <span class='ocrx_word' id='word_1_243' title='bbox 754 2239 866 2263; x_wconf 90' lang='lat' dir='ltr'>nemo</span> <span class='ocrx_word' id='word_1_244' title='bbox 886 2227 1033 2277; x_wconf 87' lang='lat' dir='ltr'>privato</span> <span class='ocrx_word' id='word_1_245' title='bbox 1053 2225 1213 2263; x_wconf 87' lang='lat' dir='ltr'>consilio</span> 
     </span>
     <span class='ocr_line' id='line_1_34' title="bbox 105 2289 1214 2333; baseline -0.002 -6"><span class='ocrx_word' id='word_1_246' title='bbox 105 2291 151 2327; x_wconf 90' lang='lat' dir='ltr'>ad</span> <span class='ocrx_word' id='word_1_247' title='bbox 178 2289 329 2327; x_wconf 85' lang='lat' dir='ltr'>hostem</span> <span class='ocrx_word' id='word_1_248' title='bbox 358 2289 556 2333; x_wconf 84' lang='lat' dir='ltr'>transibat,</span> <span class='ocrx_word' id='word_1_249' title='bbox 587 2291 642 2327; x_wconf 89' lang='lat' dir='ltr'>ita</span> <span class='ocrx_word' id='word_1_250' title='bbox 669 2290 765 2326; x_wconf 89' lang='lat' dir='ltr'>nihil</span> <span class='ocrx_word' id='word_1_251' title='bbox 793 2290 955 2327; x_wconf 84' lang='lat' dir='ltr'>salutare</span> <span class='ocrx_word' id='word_1_252' title='bbox 985 2290 1023 2325; x_wconf 91' lang='lat' dir='ltr'>in</span> <span class='ocrx_word' id='word_1_253' title='bbox 1049 2289 1214 2326; x_wconf 88' lang='lat' dir='ltr'>medium</span> 
     </span>
    </p>
   </div>
   <div class='ocr_carea' id='block_1_6' title="bbox 104 2354 1211 2455">
    <p class='ocr_par' dir='ltr' id='par_1_7' title="bbox 104 2354 1211 2455">
     <span class='ocr_line' id='line_1_35' title="bbox 104 2354 1211 2406; baseline -0.001 -15"><span class='ocrx_word' id='word_1_254' title='bbox 104 2355 382 2393; x_wconf 84' lang='lat' dir='ltr'>consulebatur.</span> <span class='ocrx_word' id='word_1_255' title='bbox 454 2355 648 2392; x_wconf 84' lang='lat' dir='ltr'>Nobilitas</span> <span class='ocrx_word' id='word_1_256' title='bbox 682 2354 952 2406; x_wconf 85' lang='lat' dir='ltr'>rempublicam</span> <span class='ocrx_word' id='word_1_257' title='bbox 985 2354 1211 2398; x_wconf 82' lang='lat' dir='ltr'>deseruerat,</span> 
     </span>
     <span class='ocr_line' id='line_1_36' title="bbox 621 2418 691 2455; baseline 0 0"><span class='ocrx_word' id='word_1_258' title='bbox 621 2418 652 2455; x_wconf 94' lang='lat' dir='ltr'>Z</span> <span class='ocrx_word' id='word_1_259' title='bbox 671 2418 691 2455; x_wconf 88' lang='grc'>6</span> 
     </span>
    </p>
   </div>
  </div>
 </body>
</html>
