1527 2661
290 184 376 230 550
746 191 790 219 T.
817 192 953 221 L1v11

93 268 136 299 U·
148 270 184 301 C·
205 278 278 302 ⁵4⁴2·
292 279 427 314 clientes
444 277 573 314 habeas
585 294 596 315 .·
614 291 677 315 nec
696 282 843 328 inpensa
860 285 983 330 gravis
1001 289 1065 326 est,
1088 298 1194 333 quum
1209 298 1250 323 ex
1265 299 1307 323 ea
1325 290 1407 336 plus

90 313 132 343 A.
148 314 184 344 C.

203 321 278 346 210.

288 355 398 390 quam
423 355 492 391 pro
514 343 612 378 virili
636 349 745 392 parte
769 346 834 381 sibi
854 359 1026 395 quemque
1054 361 1180 397 capere
1204 353 1408 400 principum

283 407 419 443 vident.
477 408 607 456 Itaque
635 410 761 445 classes
794 410 921 446 habere
950 416 1056 460 atque
1088 425 1217 450 ornare
1244 417 1408 453 volumus

279 471 457 518 populum
474 471 712 508 Romanum.9
737 475 901 521 privatos
920 475 996 510 sine
1012 479 1230 514 recu-satione
1257 482 1408 528 remiges

281 537 403 572 dare?
430 537 601 573 nobismet
619 539 704 585 ipsis
724 540 885 586 primum
905 540 1128 587 imperemus.
1168 543 1323 586 Aurum,
1345 557 1404 580 ar—

278 606 439 648 gentum,
455 613 501 637 aes
514 602 696 649 signatum
712 614 815 637 omne
826 608 1005 639 senatores
1019 607 1174 641 crastino
1189 607 1247 643 die
1261 609 1298 643 in
1313 609 1404 656 pub·-

279 666 388 701 licum
410 665 660 714 conferamus:
689 668 742 702 ita
759 671 800 702 ut
824 669 975 704 annulos
997 670 1063 705 sibi
1081 671 1240 719 quisque,
1261 677 1296 708 et
1321 685 1403 709 con-

269 729 368 778 jugi,
389 735 424 766 et
454 731 583 773 liberis,
604 736 639 766 et
654 732 741 780 filio
764 731 913 775 bullam,
943 738 990 776 et,
1012 735 1135 782 quibus
1163 748 1253 772 uxor
1266 737 1405 786 filiaeve

278 802 374 839 sunt,
394 798 553 844 singulas
575 798 702 833 uncias
725 799 849 845 pondo
876 801 959 834 auri
985 801 1191 848 relinquant
1203 817 1214 847 3
1247 805 1400 851 argenti,

277 863 340 910 qui
359 862 477 898 caruli
494 862 584 897 sella
604 863 783 904 sederunt,
805 864 886 910 equi¹
903 870 1114 901 ornamenta
1132 870 1168 901 et
1187 866 1294 903 libras
1308 880 1402 915 pon-

277 926 337 968 do,
358 930 401 962 ut
417 926 576 962 salinum
591 927 838 974 patellamque
852 927 1019 963 Deorum
1034 941 1158 965 caussa
1173 929 1302 966 habere
1315 944 1401 979 pos·

273 993 372 1030 sint:
402 995 512 1029 ceteri
535 998 715 1029 senatores
735 993 863 1030 libram
882 997 1025 1042 argenti
1046 1001 1202 1040 tantum,
1223 1000 1303 1034 aeris
1326 1000 1400 1047 sig-

273 1060 354 1095 nati
376 1060 486 1108 quina
513 1060 632 1094 millia
652 1060 688 1094 in
715 1060 873 1106 singulos
889 1065 1013 1107 patres
1029 1061 1190 1109 familiae
1214 1065 1399 1112 relinqua-

274 1135 365 1160 mus.
416 1124 582 1160 Ceterum
606 1135 709 1159 omne
734 1136 878 1166 aurum,
909 1130 1111 1172 argentum,
1132 1139 1178 1163 oes
1201 1130 1397 1176 signatum,

276 1189 326 1224 ad
345 1190 549 1224 triumviros
568 1190 760 1223 mensarios
775 1190 950 1236 extemplo
965 1189 1180 1239 deferamus,
1196 1194 1297 1229 nullo
1316 1199 1401 1231 ante

273 1253 578 1289 senatusconsulto
592 1252 703 1300 facto
716 1269 728 1288 :
758 1258 798 1288 ut
817 1254 1023 1291 voluntaria
1050 1257 1208 1293 conlatio
1226 1262 1261 1293 et
1280 1264 1398 1295 certa-

272 1329 352 1352 men
372 1316 585 1363 adjuvandae
611 1316 814 1364 reipublicae
832 1319 957 1354 excitet
983 1320 1033 1354 ad
1053 1321 1296 1358 aemulandum
1315 1324 1396 1359 ani-

271 1393 345 1417 mos
377 1382 539 1429 primam
574 1382 744 1428 equestris
780 1382 926 1424 ordinis,
965 1383 1047 1419 dein
1092 1385 1240 1433 reliquae
1271 1387 1397 1434 plebis.

271 1445 379 1481 Hanc
407 1458 516 1481 unam
546 1448 655 1487 viam,
676 1447 792 1482 multa
821 1448 913 1482 inter
937 1460 999 1484 nos
1027 1450 1217 1493 conlocuti,
1239 1453 1397 1489 consules

271 1511 476 1546 invenimus.
535 1511 782 1557 Ingredimini,
813 1511 899 1547 Diis
926 1511 1011 1547 bene
1032 1511 1253 1558 juvantibus.
1303 1515 1390 1553 Res-

268 1573 415 1622 publica
435 1575 620 1609 incolumis
639 1579 673 1609 et
687 1576 852 1621 privatas
869 1587 925 1610 res
938 1575 1059 1624 facile
1076 1578 1195 1613 salvas
1216 1585 1386 1626 praestat:

267 1639 413 1687 publica
426 1640 625 1687 prodendo,
641 1644 703 1674 tua
719 1640 960 1687 nequidquam
974 1653 1098 1678 serves.
1147 1641 1192 1678 In
1208 1642 1289 1679 haec
1304 1650 1389 1681 tan-

270 1710 312 1739 to
332 1704 460 1739 animo
484 1715 711 1739 consensum
739 1710 808 1747 est,
830 1710 872 1740 ut
891 1706 1022 1753 gratiae
1050 1705 1150 1742 ultro
1170 1707 1388 1745 consulibus

76 1757 232 1830 ΞὲῙὲἒὲ·
271 1773 495 1816 agerentur:
529 1772 662 1803 senatu
689 1767 776 1803 inde
805 1768 936 1811 misso,
966 1782 1036 1818 pro
1066 1782 1104 1806 se
1134 1771 1291 1820 quisque
1320 1785 1387 1809 au-

73 1845 159 1875 latio.

269 1844 366 1874 rum,
388 1837 587 1880 argentum
611 1836 652 1866 et
679 1843 727 1866 aes
756 1831 792 1866 in
823 1831 1015 1881 publicum
1041 1833 1257 1877 conferunt,
1277 1842 1388 1873 tanto

267 1895 473 1931 certamine
493 1893 650 1943 injecto,
670 1900 710 1929 ut
729 1895 850 1944 prima
866 1895 964 1931 inter
983 1897 1124 1946 primos
1145 1899 1302 1935 nomina
1320 1912 1385 1937 sua

265 1959 405 1996 vellent
424 1960 462 1995 in
483 1959 643 2009 publicis
664 1958 802 1995 tabulis
823 1972 927 2006 esse3
961 1967 1002 1997 ut
1021 1974 1090 1998 nec
1117 1963 1301 2000 triumviri
1323 1978 1385 2001 ac-

264 2023 458 2073 cipiundo,
487 2035 557 2058 nec
578 2023 716 2058 -scribae
744 2022 946 2060 referundo
974 2024 1212 2064 subiicerent.
1269 2027 1385 2065 Hunc

264 2099 491 2122 consensum
508 2093 660 2122 senatus
678 2093 851 2135 equester
870 2087 964 2124 ordo
981 2095 1037 2124 est
1057 2097 1206 2126 secutus
1222 2106 1230 2126 :
1252 2104 1385 2142 eques-

261 2150 329 2185 tris
351 2150 508 2193 ordinis,
524 2150 665 2200 plebes.
724 2150 783 2186 Ita
803 2152 884 2187 sine
898 2151 1038 2195 edicto,
1055 2153 1136 2189 sine
1153 2156 1383 2192 coercitione

261 2215 521 2262 magistratus,
543 2227 612 2250 nec
641 2216 784 2263 remige
814 2216 852 2251 in
877 2216 1195 2267 supplementum,
1215 2232 1285 2256 nec
1314 2221 1382 2256 sti-

260 2278 400 2328 pendio
419 2279 633 2330 respublica
648 2280 775 2329 eguit:
809 2282 1025 2330 paratisque
1036 2283 1216 2320 -omnibus
1233 2284 1279 2321 ad
1299 2284 1377 2322 bel-

256 2341 350 2386 lum,
374 2343 547 2380 consules
568 2345 607 2380 in
628 2344 841 2394 provincias
863 2345 1024 2395 profecti
1045 2353 1144 2383 sunt.

1512 748 1517 758 -e
1510 683 1517 725 „1„.<
1509 574 1517 655 „.-,ffi
1510 523 1516 554 ,4-

1511 1095 1520 1288 «may-..nahm-

1510 1339 1519 1429 ->§-—1
1511 1314 1514 1319 -
1514 1295 1519 1302 2
