1527 2661
393 177 544 206 LIBER
571 177 640 205 IX.
673 175 782 205 CAP.
808 175 963 204 XXXV.
1174 175 1227 218 53

80 276 83 279 ·
117 268 180 306 est,
208 276 290 312 quo,
322 266 506 301 demortuo
538 265 676 312 collega
711 264 750 300 C.
770 263 873 300 Julio
906 274 1058 305 censore,
1090 263 1133 300 L.
1156 264 1230 299 Pa·
1246 258 1335 289 ΨΟ·
1353 266 1426 289 4⁴4·

112 329 229 375 pirius
249 328 393 371 Cursor,
414 340 456 364 ne
475 328 587 364 abiret
605 329 832 375 magistratu,
851 327 905 363 M.
929 327 1132 363 Cornelium
1147 327 1233 363 Ma-
1246 303 1284 333 A'
1300 302 1335 333 ε’
1355 308 1428 332 3οΒ’

119 392 335 439 Iuginensem
360 394 534 440 collegam
557 392 772 440 subrogavit.
818 393 869 427 Et
888 396 1019 439 quanto
1045 392 1237 427 modestior

119 457 218 492 illius
242 458 423 505 cupiditas
436 457 531 506 fuit,
553 469 662 505 quam
688 462 764 498 tua,
785 457 919 504 Appi.9
947 457 1025 492 Nec
1048 456 1154 498 solus,
1175 469 1239 492 nec

115 520 217 555 ultra
222 521 376 569 finitum
396 522 472 569 lege
497 525 636 570 tempus
655 521 699 557 L.
720 521 894 569 Papirius
915 531 1097 556 censuram
1115 521 1237 567 gessit,

120 589 241 621 tamen
263 587 439 622 neminem
464 588 610 629 invenit,
632 587 694 634 qui
717 597 753 621 se
767 590 894 634 postea
913 589 1093 621 auctorem
1117 596 1239 633 seque·

119 655 243 686 retur:
271 663 390 687 omnes
408 652 572 699 deinceps
590 662 745 687 censores
760 655 843 698 post
869 654 1019 686 mortem
1045 650 1189 697 collegae
1206 661 1243 685 se

120 716 336 762 magistratu
355 715 579 752 abdicarunt.
616 716 677 758 Te,
697 727 762 751 nec
778 716 873 763 quod
891 716 964 750 dies
982 716 1055 750 exit
1074 726 1241 757 censurae,

119 790 185 815 nec
197 779 292 827 quod
306 779 445 827 collega
460 780 676 827 magistratu
695 778 797 821 abiit,
814 790 879 814 nec
894 778 962 822 lex,
975 790 1039 814 nec
1049 779 1170 826 pudor
1185 790 1243 814 co·—

123 847 242 879 ercet:
269 844 439 879 virtutem
463 845 500 879 in
527 843 706 892 superbia,
736 844 775 878 in
802 843 972 886 audacia,
1000 844 1038 878 in
1067 847 1247 878 contemtu

124 907 291 943 Deorum
311 907 565 955 hominumque
589 909 706 955 ponis.
749 907 830 954 Ego
852 911 898 949 te,
919 907 991 955 Ap.
1015 906 1158 949 Claudi,
1178 918 1246 954 pro

122 973 228 1009 istius
251 975 486 1021 magistratus
512 971 700 1018 majestate
718 983 762 1007 ac
788 972 1016 1014 verecundia,
1043 983 1146 1019 quem
1168 982 1247 1018 ges-

124 1037 216 1080 sisti,
231 1048 304 1072 non
322 1038 429 1073 modo
447 1048 556 1073 manu
570 1037 762 1078 violatum,
774 1036 837 1072 sed
850 1047 894 1071 ne
912 1035 1015 1071 verbo
1030 1035 1171 1083 quidem
1193 1037 1248 1070 in-

126 1101 348 1138 clementiori
365 1114 389 1137 a
413 1113 470 1139 me
497 1101 723 1150 adpellatum
740 1101 894 1137 vellem:
920 1101 983 1136 sed
1001 1104 1036 1135 et
1065 1099 1151 1142 ἠως,
1173 1110 1251 1147 quce

129 1165 248 1201 adhuc
265 1167 335 1214 egi,
353 1167 559 1214 pervicacia
584 1170 649 1201 tua
673 1170 709 1201 ct
732 1165 898 1214 superbia
917 1166 1030 1212 co'e‘git
1053 1176 1109 1199 me
1130 1164 1225 1211 loqui
1237 1180 1249 1206 ,-

131 1233 181 1272 et,
205 1230 276 1264 nisi
300 1230 466 1265 AEmiliae
485 1229 554 1277 legi
568 1230 748 1277 parueris,
773 1230 811 1264 in
835 1229 980 1264 vincula
999 1229 1081 1264 duci
1097 1226 1227 1273 jubebo
1238 1244 1251 1271 ,-

129 1304 206 1335 nec,
228 1305 338 1341 quum
356 1294 410 1328 ita
428 1298 678 1341 comparatum
696 1305 720 1328 a
737 1292 929 1339 majoribus
946 1294 1005 1335 sit,
1026 1297 1080 1334 ut,
1102 1292 1254 1328 comitiis

132 1358 298 1393 censoriis
327 1358 400 1393 nisi
428 1358 499 1393 duo
531 1356 750 1407 confecerint
779 1358 939 1405 legitima
966 1358 1154 1406 suffragia,
1182 1366 1252 1391 non

130 1422 340 1457 renunciato
358 1422 486 1464 altero,
507 1422 653 1458 comitia
672 1422 899 1470 differantur,
921 1433 984 1468 ego
1012 1425 1058 1463 tc,
1081 1421 1141 1468 qui
1159 1419 1254 1456 solus

132 1497 254 1522 censor
272 1486 387 1520 creari
410 1497 482 1521 non
496 1487 622 1533 possis,
642 1485 757 1520 solum
777 1497 961 1520 censuram
977 1495 1100 1532 gerere
1114 1474 1253 1532 patiar.

136 1549 232 1587 Haec
255 1548 421 1598 taliaque
439 1562 556 1598 quum
575 1549 745 1592 dixisset,
767 1549 898 1599 prendi
921 1560 1130 1591 censorem,
1152 1553 1190 1583 et
1216 1548 1255 1583 in

136 1614 288 1651 vincula
306 1615 388 1650 duci
409 1613 538 1664 jussit.
575 1613 889 1663 Adprobantibus
918 1626 983 1650 sex
1009 1613 1171 1649 tribunis
1193 1624 1256 1648 ac-

137 1679 283 1715 tionem
312 1678 480 1728 collegae,
510 1685 586 1714 tres
616 1678 822 1728 adpellanti
847 1679 976 1728 Appio
1003 1676 1145 1714 auxilio
1173 1676 1257 1712 fue·

140 1751 229 1780 runt
242 1760 252 1789 3
275 1757 495 1793 summaque
512 1743 653 1779 invidia
669 1743 836 1779 omnium
855 1742 1030 1778 ordinum
1048 1740 1149 1777 solus
1167 1752 1256 1777 cen-

142 1820 268 1843 suram
288 1808 416 1856 gessit.

195 1871 369 1908 XXXV.
398 1870 503 1907 Dum
526 1883 570 1906 ea
599 1869 736 1906 Romae
756 1875 952 1918 geruntur,
974 1867 1058 1919 jam
1089 1867 1257 1904 Sutrium
1273 1866 1454 1916 Fabliproe·

141 1936 189 1973 ab
225 1936 397 1972 Etruscis
435 1935 703 1971 obsidebatur:
744 1934 966 1983 consulique
1002 1933 1138 1976 Fabio,
1172 1933 1257 1968 imis
1270 1910 1448 1985 ffffunsgissm

139 2000 334 2037 montibus
361 1999 514 2035 ducenti
541 1999 588 2035 ad
606 1999 801 2035 ferendam
828 2011 940 2049 opem
967 1998 1079 2034 sociis
1106 2003 1259 2033 tentan-

140 2064 281 2113 dasque
300 2064 546 2107 munitiones,
567 2064 599 2099 si
619 2077 692 2113 qua
720 2071 863 2115 posset,
885 2064 984 2100 acies
1003 2063 1173 2099 hostium
1200 2062 1259 2098 in-

141 2135 286 2165 structa
322 2128 515 2174 obcurrit3
552 2141 713 2177 quorum
750 2130 946 2177 ingentem
978 2127 1261 2164 multitudinem

141 2205 257 2242 quum
277 2192 493 2228 ostenderet
512 2192 684 2243 subjecta
710 2192 787 2228 late
811 2192 994 2243 planicies
1008 2208 1018 2237 3
1052 2189 1199 2233 consul,
1219 2196 1263 2226 ut

142 2256 229 2293 loco
249 2258 479 2307 paucitatem
506 2270 660 2293 suorum
679 2256 889 2307 adjuvaret,
909 2256 1029 2293 flectit
1054 2253 1263 2306 paullulum

143 2322 183 2357 in
212 2321 327 2358 clivos
357 2334 506 2371 agmen,
541 2324 709 2373 (aspreta
739 2327 848 2358 erant
874 2326 995 2357 strata
1025 2320 1143 2367 saxis)
1176 2318 1263 2355 inde

662 2386 742 2423 D3
