1527 2661
331 190 486 218 LIBER
511 189 655 218 XXVI.
691 189 798 217 CAP.
822 189 978 218 XVIII·
1121 188 1205 234 525

89 290 164 327 que
179 277 393 314 emittendis
413 277 510 314 clam
531 290 550 313 e
569 277 700 313 castris
717 276 1118 326 Karthaginiensibus,
1135 278 1202 316 ab·
1217 284 1259 314 U.
1269 283 1306 314 C.
1325 291 1399 316 541.

91 348 246 378 sumtae:
280 348 330 384 et,
361 347 563 390 postquam
590 339 713 390 major
741 353 825 390 pars
853 341 989 376 emissa
1017 343 1202 379 exercitus
1215 327 1307 358 A‘C‘
1324 334 1399 358 ²¹¹·

89 411 185 448 erat,
199 404 281 455 jam
300 417 349 441 ne
375 405 419 440 iis
443 405 608 454 quidem,
629 417 712 453 quae
740 404 838 441 ultro
858 405 960 441 dicta
985 412 1106 449 erant,
1127 415 1203 443 sta—

88 468 222 505 batur:
255 469 454 517 minusque
483 481 526 505 ac
554 467 678 504 minus
702 468 804 516 (cum
833 469 970 504 timore
998 469 1109 505 simul
1134 470 1205 506 fide

89 532 345 579 decrescente)
369 532 630 569 conveniebat.
672 531 759 569 Jam
775 532 893 569 ferme
912 533 1102 583 pedestres
1123 547 1205 570 om-

90 608 157 632 nes
178 596 297 646 copiae
313 602 509 632 evaserant
529 609 549 632 e
569 595 666 632 saltn
682 610 689 631 :
722 609 837 645 quum
856 597 977 646 prima
991 596 1074 633 luce
1091 598 1208 634 densa

91 658 229 696 nebula
245 659 382 696 saltum
400 673 550 697 omnem
566 673 794 711 camposque
810 661 908 696 circa
924 661 1060 697 intexit
1075 676 1082 697 z
1106 662 1206 711 quod

91 722 156 759 ubi
175 724 293 759 sensit
307 723 539 766 Hasdrubal,
555 724 674 760 mittit
690 724 737 760 ad
755 724 964 767 Neronem,
982 726 1045 774 qui
1061 726 1099 761 in
1119 738 1208 775 pos-

90 791 213 822 terum
229 787 327 822 diem
347 786 591 836 conloquium
608 788 773 824 differret
788 802 795 822 :
819 787 924 823 illum
937 788 1035 824 diem
1055 788 1207 838 religio·

93 860 174 887 sum
204 850 594 899 Karthaginiensibus
625 852 672 887 ad
701 851 889 899 agendum
918 852 1121 900 quidquam
1153 853 1208 889 rei
1254 876 1256 878 -

95 914 199 950 seriae
220 926 312 950 esse.
367 914 430 950 Ne
456 920 536 950 tum
557 914 705 962 quidem
734 921 907 964 suspecta
932 914 1058 950 fraus:
1092 927 1208 964 quum

95 977 183 1013 data
202 982 301 1013 esset
318 977 428 1013 venia
447 976 526 1027 ejus
548 977 635 1020 diei,
657 977 848 1027 extemplo
868 976 1101 1021 Hasdrubal,
1123 991 1209 1015 cum

93 1041 264 1091 equitatu
281 1041 566 1091 elephantisque
586 1042 717 1077 castris
742 1053 928 1090 egressus,
950 1042 1030 1077 sine
1051 1041 1128 1077 ullo
1147 1049 1209 1079 tu-

94 1105 216 1142 multu
235 1106 273 1141 in
293 1111 418 1141 tutum
438 1106 567 1142 evasit.
624 1105 734 1141 Hora
752 1106 870 1141 ferme
889 1113 1022 1154 quarta
1043 1106 1210 1156 dispulsa

95 1168 174 1206 sole
201 1169 341 1206 nebula
369 1170 517 1220 aperuit
535 1170 648 1213 diem,
668 1183 860 1219 vacuaque
889 1171 1054 1206 hostium
1086 1178 1209 1208 castra

95 1243 374 1283 conspexerunt
391 1234 571 1270 Romani.
627 1234 727 1270 Tum
746 1235 895 1269 demum
917 1234 1111 1277 Claudius,
1132 1235 1208 1271 Pu-

95 1297 221 1333 nicam
239 1297 407 1335 fraudem
427 1310 651 1347 agnoscens,
673 1304 714 1334 ut
739 1310 778 1334 se
798 1297 886 1334 dolo
907 1304 1058 1347 captum
1079 1300 1210 1342 sensit,

96 1361 397 1412 proficiscentem
417 1362 557 1398 institit
576 1362 694 1410 sequi,
712 1367 864 1412 paratus
882 1361 1084 1410 confligere
1105 1363 1184 1397 acie
1201 1378 1207 1398 :

98 1427 162 1463 sed
188 1427 309 1462 hostis
329 1426 566 1463 detractabat
594 1437 775 1475 pugnam,
795 1424 893 1461 levia
921 1431 1047 1461 tamen
1077 1425 1212 1475 proelia

94 1491 195 1526 inter
210 1496 418 1527 extremum
437 1490 623 1526 Punicum
639 1502 775 1538 agmen
792 1501 1114 1539 praecursoresque
1130 1489 1213 1525 Ro—

97 1568 296 1592 manorum
315 1555 468 1592 fiebant.

151 1619 306 1656 XVIII.
336 1619 442 1655 Inter
460 1620 541 1655 haec
562 1618 760 1668 Hispaniae
788 1616 934 1668 populi,
955 1630 1025 1653 nec
1045 1619 1107 1666 qui
1128 1626 1214 1668 post

96 1684 244 1720 cladem
273 1683 717 1733 acceptamedefecerant,
740 1682 916 1718 redibant
935 1682 981 1717 ad
1000 1681 1213 1725 Romanos,

98 1761 168 1785 nec
188 1748 254 1785 ulli
272 1749 361 1784 novi
382 1748 618 1784 deficiebant.
655 1747 709 1783 Et
729 1746 864 1783 Romae
886 1746 1032 1781 senatui
1052 1745 1214 1795 populo·

99 1825 185 1862 que,
206 1818 293 1863 post
315 1817 503 1861 receptam
526 1811 709 1861 Capuam,
733 1823 809 1846 non
830 1809 952 1846 Ital-iae
965 1809 1049 1859 jam
1076 1808 1213 1859 major,

100 1890 212 1926 quarn
237 1877 449 1926 Hispaniae,
471 1889 560 1911 cura
580 1882 682 1911 erat:
715 1881 753 1910 et
780 1874 986 1910 exercitum
1013 1874 1155 1922 augeri,
1178 1880 1216 1909 et

101 1943 367 1991 imperatorem
388 1941 489 1976 mitti
515 1940 711 1990 placebat:
744 1952 813 1975 nec
832 1944 975 1981 tamen,
996 1951 1107 1987 quem
1128 1939 1215 1973 mit—

99 2012 238 2049 terent,
260 2005 350 2041 satis
378 2005 602 2049 constabat3
635 2017 746 2053 quam
773 2003 879 2046 illud,
900 2002 963 2038 ubi
984 2003 1059 2038 duo
1079 2003 1215 2037 summi

100 2072 345 2120 imperatores
366 2070 466 2105 intra
485 2069 562 2105 dies
582 2069 741 2117 triginta
759 2068 996 2110 cecidissent,
1015 2067 1078 2116 qui
1098 2067 1138 2102 in
1156 2066 1215 2102 lo-

102 2148 186 2172 cum
206 2135 366 2170 duorum
381 2133 611 2175 succederet,
629 2132 927 2168 extraordinaria
942 2143 1031 2166 cura
1048 2130 1216 2178 deligen-

101 2199 190 2234 dum
209 2210 301 2234 esse.
353 2196 481 2235 Quum
500 2195 562 2232 alii
579 2195 691 2232 alium
709 2196 965 2236 nominarent,
982 2199 1215 2243 postremum
1226 2184 1369 2215 Comitia

101 2275 157 2299 eo·
169 2263 366 2298 decursum
393 2267 463 2303 est,
485 2265 526 2295 ut
554 2259 714 2310 populus
743 2257 961 2309 proconsuli
985 2257 1147 2293 creando
1175 2258 1213 2293 in
1228 2237 1302 2300 {³31⁶
1301 2237 1410 2300 ἓὲᾎη-

105 2326 331 2376 Hispaniam
353 2325 507 2361 comitia
534 2324 713 2360 haberet:
747 2323 920 2372 diemque
939 2321 1104 2358 comitiis
1124 2313 1411 2396 0011·ἓὲἑῖἑὲἰῦ
