1527 2661
312 165 397 217 406
785 177 830 205 ·r.
857 178 991 206 L1v11

117 275 160 305 U.
175 275 212 306 C.
225 282 297 306 538.
313 265 401 313 quia
419 263 507 301 belli
526 278 610 300 cum
630 264 816 300 Romanis
847 264 1001 313 gerendi
1021 264 1118 301 ratio
1146 263 1249 301 nulla
1268 263 1424 315 adpare-

115 319 157 348 Λ·
172 319 208 349 C·
224 326 298 350 ²¹4·
311 329 391 370 bat,
413 342 544 380 pacem
564 329 642 365 fieri
663 329 819 378 placuit,
842 330 1016 378 mittique
1036 342 1121 365 cum
1141 330 1193 365 eis
1214 328 1361 378 legatos
1381 329 1429 366 ad

310 405 389 429 rem
410 392 720 429 confirmandam.

364 457 523 493 XXIX.
554 457 647 492 Dies
667 457 769 492 haud
788 457 841 492 ita
862 455 970 491 multi
990 456 1298 499 intercesserunt,
1313 468 1429 505 quum

309 533 356 556 ex
375 521 579 557 Leontinis
600 521 729 570 legati,
752 520 968 570 praesidium
987 519 1124 556 finibus
1153 520 1228 555 suis
1259 527 1427 562 orantes,

307 592 517 631 venerunt3
550 599 631 634 quae
658 584 800 633 legatio
821 590 1105 634 peropportuna
1124 585 1204 621 visa
1223 584 1270 620 ad
1298 582 1428 620 multi-

305 651 476 688 tudinem
503 649 739 686 inconditam
765 662 808 684 ac
831 648 1106 684 tumultuosam
1131 647 1426 690 exonerandam,

305 716 493 764 ducesque
513 713 592 764 ejus
617 713 859 762 ablegandos.
918 713 1174 764 Hippocrates
1198 717 1340 762 praetor
1358 711 1426 747 du-

305 793 389 817 cere
410 793 455 817 eo
475 779 690 827 transfugas
707 778 837 829 jussus
857 793 864 813 z
897 779 1017 814 secuti
1036 777 1145 814 multi
1165 790 1211 813 ex
1231 788 1426 812 mercena-

303 846 368 882 riis
403 845 568 888 auxiliis,
599 850 763 893 quatuor
796 843 914 879 millia
946 850 1179 879 armatorum
1207 842 1426 879 effecerunt.

302 910 356 946 Et
375 908 614 946 mittentibus
636 915 673 943 et
692 908 815 944 missis
837 920 881 944 ea
900 907 987 944 laeta
1006 907 1198 957 expeditio
1217 906 1311 942 fuit:
1334 917 1424 941 nam

301 981 339 1011 et
360 973 447 1017 illis,
469 971 663 1022 quodjam
684 972 748 1008 diu
768 971 985 1021 cupiebant,
1006 971 1172 1007 novandi
1193 982 1249 1006 res
1271 968 1422 1006 occasio

302 1040 391 1075 data
417 1045 499 1083 est;
537 1045 573 1073 et
599 1038 652 1079 hi,
682 1037 867 1072 sentinam
897 1035 1098 1084 quamdam
1125 1033 1227 1070 urbis
1254 1034 1326 1069 rati
1356 1046 1421 1070 ex-

300 1106 491 1148 haustam,
519 1104 768 1140 laetabantur:
802 1109 969 1138 ceterum
995 1101 1215 1138 levaverunt
1239 1100 1354 1137 modo
1380 1100 1419 1135 in

301 1169 504 1219 praesentia
533 1168 636 1204 velut
667 1179 803 1217 corpus
842 1178 997 1215 aegrum,
1029 1178 1104 1214 quo
1141 1178 1232 1201 mox
1264 1165 1303 1201 in
1335 1176 1420 1213 gra—

104 1240 252 1270 Turbant
301 1235 444 1270 viorem
471 1232 645 1269 morbum
673 1231 867 1267 recideret.
926 1230 1183 1280 Hippocrates
1212 1228 1313 1265 enim
1335 1228 1421 1265 fini-

103 1291 282 1365 ssgffltggm⁵
300 1299 395 1334 tima
426 1298 632 1348 provinciae
665 1296 853 1332 Romanae
891 1296 1015 1345 primo
1045 1294 1193 1331 furtivis
1227 1293 1420 1329 excursio-

105 1370 229 1408 Hippo-
299 1362 410 1399 nibus
435 1368 582 1398 vastare
609 1361 748 1410 coepit:
782 1361 929 1401 deinde,
954 1372 1069 1408 quum
1097 1358 1144 1394 ad
1169 1357 1330 1393 tuendos
1358 1369 1419 1393 so-

104 1419 268 1495 ἓῇῑςῗάἒέ.
299 1428 444 1463 ciorum
477 1438 588 1474 agros
622 1426 779 1461 missum
812 1424 859 1460 ab
894 1425 1022 1473 Appio
1056 1422 1273 1473 praesidium
1306 1427 1418 1464 esset,

299 1490 475 1527 omnibus
494 1490 612 1539 copiis
629 1489 800 1538 inpetum
820 1489 858 1523 in
874 1488 1092 1538 obpositam
1107 1486 1312 1522 stationem
1331 1497 1418 1521 cum

297 1555 397 1591 caede
424 1553 630 1589 multorum
660 1551 762 1589 fecit.
818 1552 914 1590 Quae
942 1563 1057 1600 quum
1084 1555 1208 1585 essent
1238 1548 1419 1585 nunciata

296 1617 497 1660 Marcello,
517 1617 662 1666 legatos
687 1615 879 1665 extemplo
904 1615 1105 1664 Syracusas
1126 1613 1243 1656 misit,
1264 1612 1327 1661 qui
1347 1625 1414 1662 pa-

296 1684 349 1720 cis
371 1683 482 1719 fidem
498 1689 648 1731 ruptam
668 1693 749 1716 esse
771 1680 940 1716 dicerent
959 1693 966 1714 ε
999 1691 1068 1714 nec
1086 1677 1177 1714 belli
1201 1677 1414 1713 defuturam

296 1760 476 1797 umquam
502 1758 687 1788 caussam,
708 1745 782 1781 nisi
808 1744 1064 1795 Hippocrates
1093 1750 1206 1792 atque
1224 1741 1413 1792 Epicydes

297 1824 375 1847 non
396 1810 442 1847 ab
460 1810 653 1859 Syracusis
670 1809 798 1852 modo,
821 1809 884 1845 sed
899 1815 981 1844 tota
997 1807 1130 1858 procul
1146 1806 1287 1849 Sicilia,
1307 1805 1411 1842 able-

298 1881 489 1924 garentur.
510 1873 713 1924 EpicydeS,
730 1885 777 1908 ne
790 1879 856 1909 aut
872 1885 955 1908 reus
973 1871 1139 1908 criminis
1153 1869 1320 1906 absentis
1336 1869 1412 1905 fra-

297 1939 362 1975 tris
378 1950 542 1988 praesens
556 1944 668 1979 essct,
683 1942 747 1972 aut
764 1937 909 1972 deesset
925 1948 994 1985 pro
1007 1942 1114 1985 parte
1130 1946 1197 1970 sua
1213 1933 1409 1969 concitan-

294 2003 344 2038 do
364 2002 478 2045 bello,
500 2001 692 2052 profectus
724 2007 760 2036 et
782 2001 862 2050 ipse
891 2001 930 2036 in
950 2000 1179 2042 Leontinos,
1200 1998 1289 2047 quia
1317 1998 1408 2033 satis

295 2079 358 2102 eos
387 2067 562 2102 adversus
590 2065 773 2115 populum
793 2065 1010 2101 Romanum
1038 2064 1250 2100 concitatos
1278 2074 1408 2098 cerne-

293 2130 373 2174 bat,
395 2137 562 2167 avertere
578 2131 691 2166 etiam
713 2130 759 2166 ab
781 2130 974 2179 Syracusis
996 2129 1125 2180 coepit.
1166 2128 1265 2164 Nam
1284 2129 1335 2163 ita
1351 2139 1409 2163 eos

286 2208 415 2243 pacem
428 2196 603 2244 pepigisse
618 2208 696 2230 cum
714 2195 901 2238 Romanis,
919 2200 969 2238 ut,
988 2196 1197 2243 quicumque
1206 2193 1335 2241 populi
1346 2192 1409 2228 sub

288 2261 429 2308 regibus
438 2260 610 2310 fuissent,
629 2265 663 2296 et
676 2272 747 2295 sua>
762 2261 907 2296 ditionis
919 2265 1054 2303 essent;
1073 2271 1134 2295 nec
1143 2257 1225 2305 jam
1240 2257 1406 2294 libertate

289 2330 472 2362 contentos
490 2337 571 2369 esse,
592 2327 662 2361 nisi
681 2327 789 2361 etiam
808 2330 951 2373 regnent
979 2337 1022 2361 ac
1040 2325 1276 2361 dominentur.
1331 2322 1402 2359 Re-
