1527 2661
297 172 374 212 188
744 184 787 211 T.
812 184 943 211 nvn

99 283 191 315 uc,
210 291 281 316 534.
296 272 445 320 agmine
475 272 522 308 ad
554 278 676 308 castra
710 271 879 308 hostium
914 277 1079 313 venerat,
1114 271 1255 307 nullam
1281 272 1391 308 dimi·

98 327 138 357 A·
153 328 188 357 C·
206 333 280 359 2¹⁸·
295 337 404 373 candi
430 349 573 372 moram
593 336 758 372 facturus
775 351 782 371 ε
815 343 993 379 ceterum,
1013 336 1078 372 ubi
1098 336 1243 372 deserta
1268 337 1392 372 muni-

99 591 262 639 Hannibal

99 639 209 664 transm

97 676 206 716 Alpes.

292 407 434 442 menta,
463 413 532 436 nec
557 400 668 436 facile
697 413 735 436 se
764 406 911 436 tantum
940 412 1165 449 praegressos
1195 400 1395 436 adsecutu-

292 476 376 499 rum
395 463 518 508 videt3
551 463 597 498 ad
616 476 717 498 mare
738 476 780 498 ac
805 475 917 498 naves
944 463 1068 505 rediit,
1088 464 1205 498 tutius
1225 462 1391 499 facilius-

293 538 365 575 que
389 526 442 561 ita
461 524 700 560 descendenti
728 525 773 560 ab
793 525 953 574 Alpibus
976 525 1185 561 Hannibali
1209 525 1390 561 obcursu-

292 601 368 630 rus.
423 588 486 624 Ne
514 595 641 624 tamen
670 588 771 624 nuda
802 588 952 624 auxiliis
980 587 1165 624 Romanis
1203 588 1392 638 Hispania

293 657 404 694 esset,
422 664 533 699 quam
552 652 784 701 provinciam
800 652 954 686 sortitus
972 657 1065 693 erat,
1085 651 1154 686 Cn.
1176 651 1392 700 Scipionem

291 714 448 751 fratrem
467 727 552 751 cum
570 715 734 751 maxima
753 721 859 764 parte
879 715 1072 764 copiarum
1095 714 1269 750 adversus
1289 714 1391 750 Has-

292 777 486 814 drubalem
512 779 613 814 misit
626 794 636 823 3
669 791 746 814 non
773 778 820 814 ad
846 778 1006 814 tuendos
1036 778 1299 814 tantummodo
1327 789 1391 813 ve-

291 846 389 878 ter'es
423 843 545 878 socios
579 842 913 891 conciliandosque
940 854 1075 885 novos,
1106 842 1170 878 sed
1200 843 1314 878 etiam
1345 841 1394 877 ad

290 904 507 957 pellendum
543 906 732 955 Hispania
767 905 1066 942 Hasdrubalem:
1100 906 1179 955 ipse
1211 917 1296 941 cum
1328 905 1394 940 ad-

291 968 446 1004 modum
466 969 610 1017 exiguis
631 956 748 1018 copiis
770 969 942 1004 Genuam
961 969 1111 1018 repetit,
1133 981 1193 1011 eo,
1213 968 1276 1016 qui
1295 968 1396 1004 circa

291 1030 438 1067 Padum
463 1038 556 1075 erat,
584 1032 752 1068 exercitu
777 1031 929 1067 Italiam
956 1030 1187 1067 defensurus.
1244 1030 1396 1065 Hanni-

289 1093 360 1128 bal
372 1094 420 1130 ab
436 1093 624 1131 Druentia
639 1094 839 1145 campestri
857 1094 1020 1130 maxime
1040 1093 1174 1129 itinere
1189 1105 1274 1129 cum
1292 1092 1395 1129 bona

289 1166 384 1204 pace
402 1153 449 1190 ad
468 1154 583 1204 Alpes
607 1154 852 1192 incolentium
872 1168 916 1192 ea
939 1157 1024 1192 loca
1043 1156 1239 1192 Gallorum
1264 1169 1396 1206 perve-

290 1218 361 1254 nit.
415 1217 529 1261 Tum,
550 1231 777 1268 quamquam
804 1218 905 1255 fama
933 1221 1034 1269 prius
1067 1221 1158 1268 (qua
1184 1220 1328 1256 incerta
1356 1220 1397 1256 in

289 1280 410 1331 majus
438 1293 527 1317 vero
552 1281 641 1317 ferri
670 1282 810 1330 solent)
842 1290 1030 1333 praecepta
1058 1296 1115 1319 res
1145 1289 1238 1326 erat,
1268 1289 1397 1319 tamen

290 1358 337 1381 ex
354 1346 569 1396 propinquo
588 1346 668 1382 visa
686 1348 873 1383 montium
900 1347 1076 1390 altitudo,
1097 1348 1276 1395 nivesque
1296 1346 1394 1383 coelo

289 1421 407 1460 prope
427 1410 609 1452 inmixtae,
629 1416 729 1446 tecta
750 1411 927 1447 informia
945 1412 1112 1460 inposita
1138 1411 1307 1460 rupibus,
1327 1423 1395 1460 pe-

291 1484 381 1508 cora
392 1471 643 1522 jumentaque
661 1474 805 1509 torrida
823 1474 978 1522 frigore,
998 1475 1171 1510 homines
1192 1474 1334 1509 intonsi
1355 1479 1396 1510 et

291 1535 439 1578 inculti,
468 1536 645 1572 animalia
670 1538 910 1586 inanimaque
943 1539 1071 1574 omnia
1099 1538 1262 1586 rigentia
1291 1537 1393 1586 gelu,

291 1604 417 1634 cetera
441 1599 536 1641 visu,
558 1613 669 1647 quam
695 1601 811 1644 dictu,
832 1601 1005 1643 foediora,
1029 1608 1211 1636 terrorem
1237 1613 1395 1637 renova-

289 1667 390 1698 runt.
446 1660 690 1709 Erigentibus
707 1664 746 1699 in
765 1665 905 1713 primos
922 1677 1057 1712 agmen
1078 1664 1192 1700 clivos
1213 1664 1395 1713 adparue-

290 1732 379 1761 runt
404 1727 629 1763 inminentes
659 1728 824 1764 tumulos
854 1730 1058 1765 insidentes
1089 1729 1283 1765 montani:
1316 1729 1393 1777 qui,

290 1790 322 1825 si
350 1790 462 1826 valles
492 1790 715 1828 occultiores
745 1793 982 1835 insedissent,
1014 1794 1135 1829 coorti
1164 1794 1201 1828 in
1232 1804 1396 1841 pugnam

290 1860 458 1902 repente,
504 1854 697 1902 ingentem
740 1855 868 1903 fugam
914 1862 1151 1904 stragemque
1195 1855 1395 1891 dedissent.

291 1914 488 1951 Hannibal
517 1918 722 1954 consistere
750 1919 858 1966 signa
879 1918 1014 1967 jubet3
1048 1918 1240 1967 Gallisque
1270 1917 1317 1953 ad
1342 1918 1396 1953 vi—

292 1978 408 2014 senda
426 1978 509 2015 loca
523 1980 738 2029 praemissis,
756 1988 956 2030 postquam
974 1982 1172 2030 comperit,
1192 1981 1397 2016 transitum-

293 2052 339 2076 ea
356 2051 434 2076 non
454 2054 546 2084 esse,
568 2049 692 2078 castra
710 2044 808 2078 inter
828 2043 1055 2092 confragosa
1073 2044 1201 2079 omnia
1227 2055 1394 2092 praerup-

250 2115 255 2119 ·
294 2109 421 2151 taque,
442 2116 554 2152 quam
573 2107 833 2142 extentissima
851 2113 978 2156 potest
997 2106 1105 2149 valle,
1126 2105 1239 2141 locat.
1294 2105 1394 2141 Tum

293 2177 360 2214 per
380 2165 530 2202 eosdem
550 2166 695 2210 Gallos,
715 2168 816 2203 haud
836 2181 924 2204 sane
944 2168 1102 2204 multum
1123 2168 1252 2216 lingua
1278 2169 1393 2204 mori-

292 2227 436 2276 busque
465 2228 724 2272 abhorrentes,
745 2242 859 2278 quum
890 2243 928 2266 se
959 2231 1236 2266 inmiscuissent
1262 2230 1394 2266 conlo-

292 2291 389 2340 quiis
410 2299 690 2335 montanorum,
707 2293 861 2329 edoctus
883 2294 1043 2330 interdiu
1062 2301 1210 2330 tantum
1230 2293 1394 2330 obsideri
