1527 2661
259 199 311 241 18
718 211 764 239 T.
789 210 923 241 mvn

60 303 104 338 U.
115 304 153 337 C.
169 302 364 350 434.piant
391 312 510 344 arma,
531 313 606 350 quae
627 313 691 349 per
715 304 920 350 pactionem
948 301 1200 340 tradiderunt:
1225 302 1376 339 redeant

59 349 243 381 A'C'mg’
263 369 303 402 in
340 371 460 403 castra
487 378 578 402 sua:
609 367 782 414 quidquid
806 368 929 414 pridie
959 367 1171 410 habuerunt,
1202 379 1311 416 quam
1336 368 1377 403 in

256 432 485 479 conloquium
503 435 555 466 est
574 435 731 473 ventum,
754 431 930 468 habeant:
961 437 1035 468 tum
1054 432 1185 468 bellum
1204 437 1239 468 et
1253 431 1377 481 fortia

257 496 405 532 consilia
433 496 614 542 placeant,
637 500 720 531 tunc
746 497 888 543 sponsio
913 501 949 532 et
962 509 1038 543 pax
1064 497 1285 544 repudietur.
1318 495 1381 531 Ea

246 559 422 609 fortuna,
451 561 494 595 iis
514 560 610 601 locis,
632 571 709 606 quae
728 563 811 594 ante
824 560 928 607 pacis
946 561 1163 595 mentionem
1179 559 1378 602 habuimus,

255 636 424 673 geramus
444 623 572 659 bellum
587 639 599 658 .·
617 635 681 659 nec
697 624 853 672 populus
872 623 1058 660 Romanus
1075 625 1259 661 consulum
1272 635 1382 672 spon-

257 690 404 730 sionem,
421 699 484 723 nec
502 687 683 736 nosfiden1
698 688 827 735 populi
843 688 1000 724 Romani
1019 700 1231 725 accusemus.
1261 689 1380 724 Num-

259 765 414 802 quamne
442 764 565 788 caussa
584 752 701 800 clcfiet‚
723 765 786 788 cur
814 754 898 788 victi
913 757 1023 801 pacto
1052 765 1122 789 non
1150 753 1284 789 stetis?
1312 752 1384 788 Ob-

258 818 351 853 sicles
369 818 537 853 Porsenae
555 818 699 853 dedistis
711 834 723 861 ‚·
742 816 854 866 furto
873 830 930 854 eos
955 819 1168 854 subduxistis
1181 834 1192 854 :
1223 829 1312 853 auro
1332 818 1383 853 ci-

257 883 408 918 vitatem
427 894 450 917 a
474 882 590 918 Gallis
614 883 836 926 redemistis3
865 885 960 919 inter
979 884 1228 932 accipiendum
1254 892 1386 918 aurum

259 947 338 982 caesi
356 950 465 982 sunt:
492 958 620 994 pacem
648 947 828 983 nobiscum
850 949 1048 995 pepigistis,
1068 952 1111 983 ut
1141 947 1296 994 legiones
1322 947 1386 981 vo-

259 1011 311 1047 bis
340 1015 466 1059 captas
493 1013 781 1056 restitueremus3
812 1025 892 1049 eam
918 1025 1045 1061 pacem
1075 1013 1220 1048 irritam
1237 1010 1386 1059 facitis,

259 1079 296 1111 et
312 1087 451 1124 semper
470 1077 629 1124 aliquam
640 1076 777 1125 fraudi
793 1079 943 1125 speciem
963 1076 1060 1123 juris
1079 1077 1260 1125 inponitis.
1303 1075 1390 1111 Non

254 1139 389 1187 probat
418 1141 576 1188 pop-ulus
614 1141 801 1177 Romanus
838 1143 1076 1189 ignominiosa
1107 1153 1199 1190 pace
1237 1141 1390 1187 legiones

258 1206 454 1240 servatas?
478 1217 604 1252 pacem
641 1207 706 1242 sibi
744 1206 884 1246 habeat,
913 1207 1068 1253 legiones
1104 1210 1230 1252 captas
1262 1203 1392 1239 victori

260 1269 457 1304 restituat:
488 1268 553 1303 hoc
565 1269 658 1317 fide,
681 1268 746 1304 hoc
761 1268 975 1317 foederibus,
996 1270 1063 1306 hoc
1076 1269 1274 1317 fecialibus
1292 1279 1387 1304 cere-

263 1333 393 1369 moniis
412 1333 560 1379 dignum
589 1337 678 1367 erat.
729 1333 777 1368 Ut
807 1338 844 1368 tu
866 1336 1022 1380 quidem,
1045 1335 1142 1380 quod
1156 1333 1295 1380 petisti,
1321 1343 1391 1379 per

259 1398 468 1446 pactionem
504 1396 648 1438 habeas,
688 1400 741 1432 tot
777 1398 867 1433 cii-es
904 1398 1119 1440 incolumes5
1148 1409 1212 1444 ego
1244 1408 1388 1444 pacem,

262 1473 371 1509 quam
392 1461 485 1496 hosti
514 1460 577 1496 tibi
604 1461 817 1496 remittendo
833 1466 965 1508 pactas
991 1474 1083 1503 sum,
1115 1473 1186 1497 non
1216 1459 1367 1496 habeam
1379 1474 1392 1496 .-

262 1525 329 1560 hoc
355 1529 406 1566 tu,
438 1527 484 1560 A.
509 1524 666 1565 Corneli,
698 1523 764 1559 hoc
792 1535 864 1565 vos,
894 1523 1065 1572 feciales,
1095 1522 1194 1569 juris
1226 1522 1391 1570 gentibus

263 1588 415 1624 dicitis-:9
444 1589 523 1635 Ego
545 1599 624 1623 vero
652 1588 748 1629 istos,
769 1599 855 1634 quos
881 1589 964 1623 decli
990 1588 1184 1630 simulatis,
1204 1599 1269 1623 nec
1297 1588 1392 1623 acci-

260 1655 338 1701 pio,
359 1665 423 1688 nec
444 1653 526 1688 dedi
555 1652 732 1693 arbitror,-
763 1664 824 1687 nec
851 1664 984 1694 moror,
1007 1665 1075 1699 quo
1107 1653 1221 1687 minus
1250 1653 1286 1686 in
1306 1652 1392 1687 civi-

266 1721 378 1754 tatem
414 1717 612 1763 obligatam
648 1717 836 1764 sponsione
871 1718 1070 1758 commissa,
1097 1718 1203 1752 iratis
1233 1715 1393 1752 omnibus

265 1782 368 1823 Diis,
390 1794 540 1829 quorum
560 1781 719 1816 eluditur
738 1793 882 1821 numen,
902 1782 1064 1816 redeant.
1105 1780 1228 1816 Ger-ite
1245 1780 1391 1823 bellum,

267 1847 412 1894 quando
445 1846 508 1893 Sp.
532 1846 738 1880 Postumius
775 1846 880 1880 modo
915 1845 1074 1891 legatum
1094 1843 1270 1893 fecialem
1299 1855 1395 1891 genu.

265 1910 436 1960 perculit.
468 1909 529 1944 Ita
545 1910 616 1944 Dii
631 1909 787 1949 credent,
808 1909 1007 1944 Samnitem
1023 1910 1134 1944 civem
1152 1908 1393 1950 Postumium,

268 1985 340 2011 non
369 1975 478 2009 cii-em
498 1973 704 2009 Romanum
731 1985 814 2015 esse,
836 1978 871 2009 et
900 1985 922 2008 α
941 1972 1105 2008 Samnite
1134 1973 1289 2019 legatum
1317 1971 1393 2007 Ro-

268 2049 419 2074 manum
446 2038 643 2074 violatum:
673 2049 712 2074 eo
730 2037 828 2073 vobis
846 2035 988 2083 justum
1016 2037 1054 2071 in
1075 2048 1137 2072 nos
1154 2035 1303 2084 factum
1324 2047 1396 2072 esse

270 2101 414 2138 bellum.
457 2101 546 2137 Haec
565 2101 720 2138 ludibria
738 2102 953 2149 religionum
972 2112 1041 2136 non
1069 2101 1203 2148 pudere
1223 2102 1257 2135 in
1279 2100 1394 2135 lucem

269 2165 471 2215 proferre?
498 2171 534 2202 et
560 2168 620 2202 vix
643 2167 766 2214 pueris
784 2167 911 2214 dignas
939 2165 1105 2212 ambages
1131 2176 1228 2201 senes
1247 2177 1289 2201 ac
1308 2176 1393 2201 con-

271 2231 409 2267 sulares
426 2229 609 2279 fallendae
624 2232 718 2280 fidei
745 2232 959 2280 exquirere?
988 2231 1021 2273 Ι,
1043 2232 1162 2272 lictor,
1190 2231 1290 2266 deme
1316 2230 1395 2265 vin-

275 2295 334 2333 ela
362 2295 563 2335 Romanis:
592 2301 756 2334 moratus
782 2298 830 2333 sit
857 2308 973 2339 nerim,
998 2307 1066 2347 quo
1092 2296 1223 2338 minus,
1252 2293 1312 2332 ubi
1340 2294 1393 2332 vi=
