1527 2661
349 205 504 234 LIBER
529 203 647 232 XXV.
681 202 788 231 CAP.
814 202 886 231 XI.
1087 201 1170 245 451

10 299 11 302 ’
60 298 183 329 nentes
204 292 441 330 difficultates
461 292 659 342 exposuit:
692 303 804 339 neque
822 291 914 326 arcis
933 294 1008 326 tam
1027 291 1173 326 munitae
1184 291 1226 322 U.
1243 289 1280 321 C.
1299 298 1373 322 ⁵40.

10 355 11 358 ’
60 358 303 405 expugnandae
320 358 416 394 viam
430 368 582 399 cernere,
598 368 709 404 neque
729 357 763 391 in
784 355 962 391 obsidione
976 355 1174 401 quidquam
1185 337 1224 366 A·
1241 334 1279 366 C·
1295 341 1373 365 ²¹²·

61 422 188 459 habere
217 425 305 471 spei,
336 425 445 459 donec
476 424 572 459 mari
602 424 793 470 potiantur
821 420 946 456 hostes.
1005 418 1111 459 Quod
1145 419 1177 453 si

60 498 165 523 naves
181 488 267 530 sint,
288 488 412 536 quibus
430 491 645 523 commeatus
663 485 781 522 invehi
795 483 1020 532 prohibeant,
1041 486 1175 518 extem-

56 553 119 599 plo
135 557 200 588 aut
218 553 447 595 abscessuros,
464 557 531 588 aut
546 553 730 588 dedituros
747 562 783 586 se
801 550 926 585 hostes.
972 546 1176 583 Adsentie-

57 614 199 652 bantur
216 616 416 653 Tarentini
430 633 441 662 3
473 622 640 652 ceterum
667 615 715 659 ei,
737 615 800 664 qui
824 612 1025 650 consilium
1051 610 1176 648 adfer-

5 686 6 689 ’
57 684 129 722 ret,
150 692 262 730 opem
282 693 432 729 quoque
451 681 491 717 in
511 692 593 717 eam
611 692 691 716 rem
711 677 954 715 adferendam
974 688 1069 719 esse,
1087 688 1174 712 cen-

57 743 205 781 sebant.
253 745 412 782 Punicas
430 746 523 782 enim
541 756 647 780 naves
664 755 705 780 ex
724 743 852 779 Sicilia
869 742 1007 778 adcitas
1022 741 1060 776 id
1074 751 1176 788 posse
1188 745 1340 779 Plaustris

3 807 5 853 j
46 805 202 856 facere:
221 819 318 851 suas,
335 821 412 857 quae
423 810 504 845 sinu
519 809 645 855 exiguo
659 809 754 843 intus
769 806 912 842 inclusae
926 809 1051 847 essent,
1067 816 1176 853 quum
1187 798 1322 862 3222st-

56 871 219 908 claustra
233 877 362 920 portus
386 872 498 909 hostis
516 872 672 914 haberet,
693 882 835 919 ecquem
855 870 905 905 ad
921 869 1068 905 modum
1094 869 1177 904 inde
1188 881 1302 906 runtur
1318 876 1351 906 in

56 935 97 970 in
116 940 284 983 apertum
310 948 411 973 mare
438 936 640 973 evas-uras?
667 935 849 976 Evadent,
869 932 994 981 inquit
1023 930 1175 968 Hanni-
1188 927 1287 949 mam·

57 995 134 1035 bal.
189 999 329 1043 Multa,
351 1013 427 1049 quae
452 1001 616 1049 inpedita
633 1003 765 1036 natura
788 1002 885 1040 sunt,
906 997 1052 1033 consilio
1070 1008 1176 1045 expe·

0 1059 1 1062 ’
56 1061 218 1099 «liuntur.
270 1064 400 1101 Urbem
418 1066 456 1101 in
475 1076 600 1112 campo
618 1064 725 1100 sitam
741 1061 875 1098 habetis
887 1077 900 1098 :
924 1061 1047 1109 plwzae
1064 1065 1100 1097 et
1117 1072 1176 1097 sa·

57 1126 103 1162 tis
115 1119 207 1162 ‘zatie
223 1127 290 1164 viae
303 1133 434 1176 patent
458 1129 495 1164 in
513 1139 631 1164 omnes
645 1131 778 1175 partes.
832 1125 912 1168 Via,
934 1137 1012 1173 quae
1030 1125 1068 1160 iu
1089 1136 1178 1173 por-

59 1193 137 1226 tum
158 1203 225 1239 per
242 1192 399 1228 mediam
424 1192 545 1229 urbem
564 1193 613 1229 ad
636 1203 736 1228 mare
755 1191 963 1227 transmissa
987 1193 1051 1232 est,
1068 1189 1179 1238 plau-

55 1254 140 1290 stris
177 1255 406 1292 transveham
437 1268 544 1293 naves
572 1256 672 1292 haud
707 1267 842 1303 magna
869 1254 988 1290 mole:
1016 1258 1052 1290 et
1077 1265 1181 1291 mare

56 1322 219 1355 nostrum
236 1321 320 1364 erit,
336 1333 405 1370 quo
419 1333 513 1357 nunc
532 1320 645 1357 hostes
659 1321 878 1368 potiuntur:
897 1324 933 1355 et
950 1319 1053 1355 illinc
1068 1319 1177 1362 mari,

59 1380 144 1418 hinc
162 1386 258 1418 terra
273 1384 595 1421 circumsidebimus
609 1395 753 1420 arcem:
784 1384 892 1419 immo
910 1383 1019 1425 brevi,
1036 1387 1101 1419 aut
1117 1394 1176 1419 re·

59 1446 186 1483 lictam
214 1447 258 1483 ab
287 1449 454 1492 hostibus,
481 1454 548 1486 aut
574 1461 655 1486 cum
686 1450 772 1497 ipsis
804 1448 958 1484 hostibus
986 1449 1177 1496 capiemus.

51 1508 156 1547 'Haec
174 1512 299 1548 oratio
324 1525 403 1549 non
429 1525 534 1564 spem
560 1513 674 1550 modo
701 1512 869 1556 effectus,
890 1512 955 1548 sed
983 1512 1178 1561 ingentem

61 1574 176 1610 etiam
195 1574 299 1611 ducis
324 1576 615 1613 admirationem
632 1576 736 1613 fecit.
794 1576 1005 1612 Contracta
1030 1581 1177 1612 extem-

59 1636 125 1688 plo
161 1639 327 1688 undique
355 1639 537 1690 plaustra,
565 1640 777 1691 junctaque
806 1640 906 1676 inter
934 1652 995 1675 se:
1029 1646 1068 1675 et
1094 1652 1175 1676 ma-

59 1701 184 1738 chinae
203 1702 250 1738 ad
274 1703 533 1741 subducendas
561 1717 675 1741 naves
703 1705 880 1746 admotae,
911 1703 1176 1753 munitumque

55 1764 148 1807 iter,
168 1777 244 1814 quo
263 1765 435 1803 faciliora
450 1767 619 1818 plaustra
638 1768 836 1816 minorque
856 1765 974 1802 moles
993 1767 1030 1802 in
1050 1772 1174 1803 trans—

55 1828 118 1864 ›itu
143 1835 253 1866 esset.
309 1830 491 1868 Jumenta
516 1832 603 1868 inde
630 1837 668 1867 et
698 1831 875 1866 homines
908 1831 1110 1873 contracti,
1137 1838 1176 1867 et

62 1905 157 1942 opus
189 1894 336 1944 inpigre
363 1902 554 1945 coeptum:
586 1908 802 1946 paucosque
828 1901 916 1944 post
941 1894 1019 1931 dies
1046 1894 1174 1931 classis

63 1956 249 1994 instructa
268 1971 311 1995 ac
337 1967 470 2009 parata
489 1960 781 1996 circumvehitur
807 1972 945 2001 arcem,
967 1965 1005 1994 et
1024 1965 1112 1995 ante
1133 1972 1175 1995 os

64 2020 188 2069 ipsum
215 2029 345 2071 portus
373 2024 557 2060 anchoras
577 2024 687 2073 jacit.
744 2023 860 2059 Hunc
885 2029 1027 2058 statum
1052 2035 1177 2059 rerum

69 2083 267 2122 Hannibal
285 2086 440 2123 Tarenti
461 2087 626 2136 reliquit,
644 2099 832 2136 regressus
849 2087 928 2136 ipse
947 2087 986 2122 in
1005 2085 1177 2123 hiberna.

64 2147 255 2192 Ceterum,
277 2150 438 2187 defectio
458 2151 754 2187 Tarentinorum
770 2157 894 2186 utrum
914 2151 1040 2200 priore
1059 2162 1177 2192 auno,

64 2223 112 2247 an
145 2212 232 2255 hoe,
263 2212 366 2250 facta
402 2214 465 2256 sit,
500 2215 538 2250 in
568 2214 754 2250 diversum
784 2219 956 2250 auctores
994 2212 1174 2249 trahunt:

61 2274 187 2324 plures
207 2278 478 2327 propioresque
499 2284 609 2315 aetate
629 2279 818 2316 memoriae
839 2289 963 2315 rerum
982 2277 1057 2314 hoc
1076 2289 1177 2312 auno

64 2338 219 2376 tradunt
238 2339 393 2378 factum.
