1527 2661
370 158 522 188 LlnER
548 158 677 186 xxu.
711 157 816 185 CAP.
838 156 930 185 L11.
1119 145 1197 198 287

93 254 232 300 quinto,
251 251 384 301 inquit,
399 253 513 287 victor
526 253 561 287 in
577 250 757 298 Capitolio
769 249 975 298 epulaberis.
1022 249 1176 298 Sequere
1189 266 1201 286 .·
1215 257 1257 288 U.
1267 255 1303 288 C.
1322 261 1394 289 535„

93 328 177 352 cum
204 318 331 364 equite,
350 321 391 351 ut
417 317 517 364 prius
543 316 690 357 venisse,
712 327 818 363 quam
846 318 1046 356 venturum,
1075 315 1201 357 sciant,
1214 302 1248 332 A·
1266 301 1307 332 C·
1322 305 1396 332 ‘²¹⁶¹'

94 381 307 426 praecedam.
364 377 575 415 Hannibali
599 379 712 414 nimis
738 377 825 414 laeta
850 390 908 413 res
935 383 992 413 est
1010 377 1102 421 visa,
1123 389 1203 413 ma-

90 443 243 494 jorque,
264 455 376 492 quam
404 449 446 479 ut
475 456 558 479 eam
589 443 718 479 statim
747 451 880 492 capere
909 428 1036 478 animo
1064 448 1204 492 posset.

93 507 246 557 Itaque,
279 509 497 545 voluntatem
529 520 565 544 se
598 508 749 544 laudare
777 506 1017 550 Maharbalis,
1051 507 1126 543 ait:
1158 508 1208 543 ad

95 574 284 609 consilium
305 574 529 622 pensandum
556 574 722 621 temporis
747 584 835 620 opus
858 583 940 608 esse.
995 570 1094 607 Tum
1118 569 1207 608 Ma-

93 634 244 681 harbal,
264 639 347 674 Non
373 640 506 680 omnia,
526 639 707 679 nimirum,
728 638 843 673 eidem
862 637 933 672 Dii
951 637 1102 673 dedere:
1127 638 1206 672 vin-

92 712 173 737 cere
199 702 277 744 scis,
307 701 517 745 Hanniba&
545 702 698 737 victoria
725 702 781 736 uti
808 702 927 736 nescis.
982 699 1096 736 Mora
1125 698 1205 750 ejus

91 763 170 799 diei
189 764 279 800 satis
309 764 473 800 creditur
497 762 611 800 saluti
639 762 755 800 fuisse
784 763 868 799 urbi
897 769 1010 812 atque
1034 763 1206 813 imperio,

96 826 257 863 Postero
283 827 342 863 die
372 827 437 863 ubi
465 827 627 877 primum
655 826 806 871 inluxit,
827 827 873 863 ad
899 826 1021 877 spolia
1047 826 1208 875 legenda

95 889 309 940 foedamque
337 891 452 927 etiam
479 890 652 927 hostibus
674 889 920 941 spectandam
949 895 1115 939 stragem
1144 890 1204 926 in-

99 954 250 991 sistunt.
305 953 494 991 ,Iacebant
522 960 583 991 tot
607 953 872 991 Romanorum
897 953 1028 998 millia,
1059 954 1202 1005 pedites
1215 960 1339 1002 strages

96 1019 237 1068 passim
266 1019 498 1068 equitesque,
520 1024 561 1054 ut
580 1031 692 1068 quem
720 1019 855 1068 cuique
873 1017 952 1055 fors
982 1023 1049 1054 aut
1075 1031 1204 1069 pugna
1214 1006 1361 1080 {tc-igibus

90 1080 274 1131 junxerat
301 1088 367 1119 aut
398 1082 512 1130 fuga:
546 1082 789 1132 adsurgentes
819 1082 970 1132 quidam
1002 1094 1050 1118 ex
1079 1089 1205 1131 strage
1217 1092 1380 1124 miserabi-

97 1146 219 1182 media
237 1147 397 1189 cruenti,
418 1159 511 1196 quos
539 1147 671 1183 stricta
689 1148 877 1183 matutino
895 1146 1038 1196 frigore
1063 1147 1205 1184 excita·
1217 1135 1264 1166 HS·

98 1216 230 1246 verant
255 1210 423 1254 vulnera,
448 1211 494 1247 ab
521 1212 631 1248 hoste
658 1211 828 1263 obpressi
855 1217 954 1248 sunt.
1011 1211 1207 1250 Quosdam

100 1281 137 1309 et
168 1273 340 1324 jacentes
370 1276 473 1311 vivos
504 1276 656 1312 succisis
685 1275 888 1312 feminibus
926 1274 1208 1325 poplitibusque

96 1338 334 1381 invenerunt,
355 1340 539 1376 nudantes
567 1341 750 1376 cervicem
770 1340 1036 1390 jugulumque,
1058 1347 1095 1376 et
1120 1340 1208 1376 reli-

95 1415 212 1450 quum
244 1405 466 1452 sanguinem
497 1403 677 1453 jubentes
712 1405 874 1440 haurire.
932 1403 1083 1439 Inventi
1120 1411 1207 1440 sunt

96 1466 248 1515 quidam
274 1468 404 1503 mersis
434 1469 473 1504 in
503 1469 676 1505 effossam
713 1475 852 1504 terram
881 1468 1081 1519 capitibus,
1112 1482 1206 1518 quos

96 1530 169 1566 sibi
185 1531 286 1580 ipsos
302 1532 437 1568 fecisse
453 1533 597 1576 foveas,
615 1533 895 1582 obruentesque
915 1546 982 1569 ora
996 1532 1207 1583 superjecta

99 1593 215 1630 humo
249 1596 506 1633 interclusisse
536 1598 710 1647 spi-ritum
740 1596 956 1647 adparebat.
1013 1597 1206 1647 Praecipue

99 1660 288 1694 convertit
302 1672 433 1696 omnes
450 1661 661 1697 substratus
682 1661 851 1697 Numida
865 1668 1016 1697 mortuo
1035 1662 1206 1711 superin—

96 1720 252 1757 cubanti
272 1722 450 1760 Romano
479 1726 598 1768 vivus,
628 1738 723 1761 naso
752 1725 978 1774 auribusque
1006 1725 1202 1762 laceratis:

99 1797 227 1833 quum,
258 1787 430 1823 manibus
460 1788 505 1824 ad
524 1788 747 1838 capiendum
775 1788 895 1824 telum
924 1788 1134 1832 inutilibus,
1163 1790 1204 1826 in

97 1848 239 1886 rabiem
268 1851 323 1887 ira
342 1864 481 1896 versus,
503 1853 680 1889 laniando
700 1853 876 1889 dentibus
904 1853 1053 1889 hostem
1079 1855 1204 1904 exspi-

98 1920 227 1950 rasset.

150 1976 240 2015 LII.
271 1979 408 2029 Spoiiis
436 1980 482 2017 ad
511 1979 670 2018 multum
689 1982 761 2017 diei
790 1980 911 2026 lectis,
932 1981 1128 2018 Hannibal
1157 1982 1202 2019 ad
1215 1989 1294 2021 Bina
1310 1990 1374 2022 Ro-

1215 2043 1388 2066 manorum

1213 2082 1313 2107 castra
1327 2088 1361 2109 se

97 2118 212 2149 mum,
233 2107 389 2145 brachio
416 2109 582 2160 objecto,
602 2110 756 2147 flumine
776 2123 839 2147 eos
860 2110 1035 2147 excludit.
1090 2111 1200 2147 Cete-
1212 2120 1333 2151 dedunt

98 2181 180 2205 rum
203 2170 249 2207 ab
269 2172 459 2215 omnibus,
489 2173 633 2218 labore,
660 2173 813 2223 vigiliis,
844 2174 1058 2211 vulneribus
1087 2177 1201 2212 etiam
1211 2163 1333 2195 Viam·

97 2232 218 2277 fessis,
246 2237 428 2272 maturior
454 2238 570 2287 ipsius
597 2250 662 2288 spe
687 2238 829 2275 deditio
855 2244 912 2274 est
930 2238 1052 2275 facta:
1084 2240 1199 2288 pacti,

98 2302 141 2332 ut
168 2310 271 2335 arma
298 2307 410 2350 atque
439 2315 554 2352 equos
583 2303 791 2347 traderent,
812 2304 851 2339 in
875 2303 1001 2353 capita
1024 2302 1201 2339 Romana

96 2041 244 2078 minora
272 2043 376 2080 ducit
405 2052 527 2081 castra
556 2046 824 2096 obpugnanda,
854 2052 891 2082 et
925 2047 1093 2082 omnium
1126 2047 1202 2097 pri-
