1527 2661
252 199 309 250 64
734 209 781 238 T.
805 210 938 239 L1v11

59 306 102 335 U0
116 305 152 335 C.
167 310 394 348 445.magna
418 304 525 348 parte
545 297 796 334 Etruscorum
819 299 866 335 ad
892 297 1139 334 rebellionem
1165 296 1373 348 compulsa,

62 348 404 399 A'C·³³⁰7'tantum
433 362 640 398 exercitum
673 362 857 406 fecerant,
890 369 945 405 ut,
980 362 1113 398 relicto
1143 368 1231 411 post
1263 373 1303 397 se
1335 362 1374 396 in

59 1401 178 1432 Contra

61 1446 214 1476 Umbros.

253 428 409 465 Etruria
436 426 574 469 Decio,
596 426 643 462 ad
671 426 969 476 obpugnandam
995 426 1082 462 inde
1102 425 1271 462 Romam
1298 426 1373 461 itu-

254 505 332 534 ros,
355 490 555 540 magnifice
576 491 619 527 de
646 503 699 533 se,
721 503 764 526 ac
789 491 1012 526 contemtim
1032 490 1077 526 de
1103 489 1290 526 Romanis
1317 488 1376 525 lo-

254 564 426 606 quentes,
453 555 659 605 jactarent.
700 555 815 594 Quod
845 555 1039 605 inceptum
1073 567 1204 590 eorum
1233 553 1299 590 ubi
1329 552 1377 590 ad

254 620 419 657 Decium
440 619 634 656 consulem
662 618 849 669 perlatum
876 626 946 662 est,
969 619 1015 655 ad
1035 618 1167 655 urbem
1193 631 1239 654 ex
1258 618 1376 654 Etru-

254 686 309 722 ria
333 685 480 733 magnis
510 683 710 720 itineribus
739 685 878 734 pergit,
900 690 938 720 et
965 685 1003 719 in
1033 696 1126 732 agro
1152 682 1376 733 Pupiniensi

255 749 303 786 ad
328 749 469 785 famam
500 749 668 785 intentus
699 749 870 785 hostium
900 747 1084 784 consedit.
1125 747 1209 783 Nec
1237 746 1374 783 Romae

255 814 505 865 spernebatur
526 813 759 850 Umbrorum
784 812 950 850 bellum:
983 819 1021 849 et
1041 813 1131 862 ipsae
1158 813 1271 848 minae
1296 824 1379 847 me«

253 890 336 916 tum
357 879 527 915 fecerant
547 879 711 928 expertis
731 891 751 914 a
773 877 921 914 Gallica
941 877 1060 919 clade,
1078 889 1191 926 quam
1211 877 1379 912 intutam-

254 943 389 980 urbem
417 942 640 980 incolerent.
685 942 820 992 Itaque
840 942 956 991 legati
984 941 1032 977 ad
1051 941 1213 977 Fabium
1235 953 1375 977 consu-

254 1007 329 1044 lem
354 1007 463 1043 missi
487 1014 589 1050 sunt,
611 1014 665 1050 ut,
688 1007 718 1042 si
739 1007 829 1055 quid
858 1006 1066 1043 laxamenti
1093 1019 1115 1042 a
1140 1004 1242 1042 bello
1265 1006 1378 1042 Sam-

253 1073 392 1108 nitium
408 1078 519 1114 esset,
533 1072 572 1107 in
593 1071 793 1108 Umbriam
808 1084 969 1122 propere
984 1072 1192 1108 exercitum
1207 1071 1372 1108 duceret.

253 1135 373 1173 Dicto
393 1136 519 1186 paruit
538 1135 685 1178 consul,
707 1135 930 1184 magnisque
949 1134 1150 1171 itineribus
1176 1135 1223 1170 ad
1239 1134 1375 1171 Meva-

254 1202 372 1243 niam,
406 1200 471 1236 ubi
507 1207 589 1235 tum
622 1200 742 1249 copiae
776 1199 1011 1236 Umbrorum
1044 1205 1165 1242 erant,
1197 1200 1375 1249 perrexit.

254 1264 409 1314 Repens
441 1264 623 1300 adventus
647 1263 826 1306 consulis,
849 1276 960 1312 quem
988 1262 1122 1313 procul
1149 1263 1309 1300 Umbria
1335 1264 1374 1300 in

255 1329 412 1365 Samnio
431 1327 532 1364 bello
553 1327 628 1363 alio
649 1334 878 1378 occupatum
905 1327 1154 1370 crediderant,
1175 1327 1229 1363 ita
1248 1333 1374 1364 exter-

254 1393 331 1429 ruit
352 1392 533 1434 Umbms,
556 1398 596 1427 ut
622 1391 685 1427 alii
705 1391 957 1428 recedendum
988 1391 1034 1427 ad
1056 1391 1165 1427 mbes
1192 1392 1371 1435 munitas,

253 1457 406 1506 quidam
437 1456 689 1493 omittendum
722 1455 863 1491 bellum
894 1462 1102 1491 censerent.
1144 1455 1265 1505 Plaga
1296 1469 1377 1492 una

255 1522 506 1569 (Materinam
529 1521 600 1570 ipsi
627 1520 836 1570 adpellant)
859 1533 936 1556 non
957 1521 1148 1556 continuit
1174 1520 1288 1557 modo
1309 1533 1371 1557 ce·-

251 1594 353 1623 teros
375 1588 412 1622 in
433 1587 560 1628 armis,
583 1585 647 1621 sed
667 1584 871 1621 confestim
889 1585 934 1621 ad
955 1592 1148 1621 certamen
1167 1586 1268 1634 egit:
1292 1598 1373 1622 cas-

252 1658 311 1687 tra
330 1650 534 1686 vallantem
554 1649 715 1686 Fabium
736 1649 859 1685 adorti
881 1656 980 1686 sunt.
1021 1650 1128 1689 Quos
1150 1650 1215 1686 ubi
1235 1649 1372 1686 effusos

253 1728 361 1751 ruere
388 1716 424 1751 in
454 1716 689 1751 munimenta
719 1715 851 1751 consul
882 1716 985 1759 vidit,
1007 1722 1204 1752 revocatos
1235 1715 1373 1752 milites

253 1779 301 1815 ab
328 1792 455 1829 opere,
479 1785 591 1829 prout
616 1778 690 1815 loci
720 1786 857 1815 natura
887 1786 1110 1830 tempusque
1140 1780 1371 1830 patiebatur,

251 1844 306 1879 ita
332 1844 532 1879 instruxit:
567 1844 864 1892 cohortatusque
891 1845 1160 1894 praedicatione
1186 1857 1273 1880 vera
1299 1858 1371 1893 qua

251 1908 292 1943 in
322 1908 474 1948 Tuscis,
498 1921 571 1956 qua
601 1909 639 1943 in
675 1908 830 1944 Samnio
856 1917 1052 1958 partorum
1073 1909 1264 1952 decorum,
1293 1911 1373 1946 exi-

252 1984 366 2019 guam
394 1971 636 2020 adpendicem
663 1971 816 2007 Etrusci
845 1972 934 2008 belli
963 1972 1146 2008 conficere
1166 1971 1302 2022 jubet:
1336 1980 1373 2009 ct

252 2036 356 2071 vocis
384 2036 495 2086 inpiae
527 2049 658 2085 poenas
690 2042 882 2085 expetere,
904 2050 977 2086 qua
998 2050 1036 2072 se
1067 2036 1198 2073 urbem
1228 2037 1373 2074 Roma-

254 2113 343 2136 nam
373 2100 660 2150 obpugnaturos
696 2102 829 2136 minati
865 2108 963 2138 sunt.
1008 2102 1104 2138 Haec
1139 2108 1247 2138 tanta
1282 2110 1371 2138 sunt
1403 2105 1407 2109 '

253 2164 449 2201 alacritate
482 2165 644 2201 militum
679 2166 820 2209 audita,
862 2173 903 2202 ut
939 2167 1095 2209 clamor,
1130 2179 1198 2203 sua
1234 2174 1371 2217 sponte

252 2235 372 2271 ortus,
406 2228 626 2282 loquentem
661 2229 956 2279 interpellaverit
988 2231 1143 2267 ducem:
1181 2238 1269 2266 ante
1301 2232 1372 2267 im.-

250 2293 395 2342 periun]
417 2293 548 2329 deinde
576 2301 764 2329 concentu
785 2293 963 2331 tubarum
994 2308 1036 2331 ac
1057 2308 1238 2331 cornuum
1261 2308 1372 2331 cursu

252 2356 370 2392 effuso
401 2359 438 2393 in
466 2358 613 2394 hostem
634 2359 819 2397 feruntur.
864 2360 955 2396 Non
984 2366 1176 2408 tamquam
1205 2361 1242 2397 in
1274 2361 1372 2396 viros
