1527 2661
328 177 413 233 456
778 187 823 215 T.
852 187 984 216 L1V11

136 278 588 331 U.c‚54o.Manipula1-es
622 277 679 314 sui
716 278 879 327 primum
916 276 1248 313 transcendentem
1283 277 1439 322 fossam,

133 327 173 356 A.
191 326 302 358 C.212

137 2150 296 2191 Campani

137 2195 308 2225 Hanniba-

138 2237 206 2268 lem
222 2247 280 2268 vo-

139 2289 226 2314 cant.

309 346 415 382 'dein
434 344 535 393 legio
554 350 638 379 tota
663 350 791 378 secuta
811 349 880 378 est.
936 342 1025 378 Jam
1050 349 1088 378 et
1108 341 1254 385 consul,
1276 343 1322 378 ad
1349 355 1440 380 con-

328 415 498 460 spectum
532 406 892 456 transgredientium
918 405 1057 442 vallum
1087 413 1234 442 mutato
1264 406 1440 450 consilio,

327 473 376 512 ab
396 471 610 509 revocando
627 471 673 507 ad
691 469 906 506 incitandos
921 469 1205 519 hortandosque
1224 482 1350 506 versus
1370 471 1442 506 mi-

327 537 428 581 lites,
462 536 676 579 ostendere,
710 535 750 571 in
779 540 923 584 quanto
953 533 1168 572 discrimine
1200 546 1243 570 ac
1273 534 1442 584 periculo

327 601 537 639 fortissima
563 599 698 636 cohors
737 598 929 634 sociorum
959 604 996 633 et
1025 598 1163 634 civium
1191 596 1293 646 legio
1330 604 1442 636 esset.

328 665 465 715 Itaque
484 677 554 716 pro
574 677 612 700 se
631 664 789 713 quisque
809 674 939 699 omnes
960 674 1027 712 per
1046 675 1153 711 aequa
1179 669 1292 711 atque
1314 662 1445 712 iniqua

327 728 427 772 loca,
448 741 563 778 quum
590 727 755 776 undique
780 725 857 762 tela
880 724 1174 776 conjicerentur,
1202 738 1380 775 armaque
1406 732 1445 763 et

327 804 490 844 corpora
521 792 650 828 hostes
684 789 910 841 objicerent,
947 788 1172 840 pervadunt,
1204 789 1446 840 inrumpunt-

327 869 423 906 que:
456 855 566 893 multi
594 854 795 897 vulnerati,
824 854 938 890 etiam
968 865 1062 902 quos
1090 853 1187 889 vires
1217 854 1446 902 sanguisque

327 922 531 965 desereret,
558 928 600 958 ut
629 922 729 957 intra
757 919 896 956 vallum
925 919 1094 955 hostium
1122 918 1314 963 caderent,
1344 919 1444 955 nite-

325 985 480 1025 bantur.
536 986 661 1035 Capta
686 985 814 1033 itaque
840 989 1036 1021 momento
1065 984 1263 1033 temp01·iS‚
1285 982 1386 1019 velut
1405 983 1445 1020 in

325 1050 443 1101 plano
464 1050 550 1093 sita,
570 1062 641 1086 nec
661 1048 876 1099 permunita
898 1054 1033 1084 castra.
1091 1047 1223 1083 Caedes
1243 1047 1344 1091 inde,
1364 1060 1445 1084 non

320 1112 405 1165 jam
434 1126 563 1164 pugna
593 1118 686 1156 erat,
718 1111 894 1148 omnibus
924 1112 1025 1147 intra
1053 1109 1193 1147 vallum
1222 1111 1442 1160 permixtis:

327 1190 441 1228 supra
461 1190 525 1213 sex
545 1176 664 1213 millia
683 1176 852 1212 hostium
872 1175 1012 1218 occisa,
1033 1187 1147 1225 supra
1162 1180 1307 1224 septem
1326 1174 1446 1211 millia

327 1243 510 1293 capitum,
542 1254 628 1278 cum
656 1239 996 1277 frumentatoribus
1027 1239 1231 1290 Campanis
1265 1240 1444 1288 omnique

327 1307 584 1358 plaustrorum
605 1313 641 1343 et
654 1305 920 1357 jumentorum
935 1305 1131 1356 adparatu,
1148 1311 1280 1355 capta:
1313 1311 1353 1342 et
1371 1305 1446 1342 alia

328 1373 463 1421 ingens
484 1372 609 1422 praeda
627 1372 713 1415 fuit,
735 1384 849 1420 qnam
869 1370 1027 1414 Hanno,
1047 1369 1339 1420 populabundus
1358 1382 1445 1420 pas-

329 1438 400 1473 sim
421 1449 537 1486 quum
562 1437 666 1479 isset,
693 1449 741 1472 ex
769 1436 961 1472 sociorum
988 1434 1120 1485 populi
1149 1434 1317 1471 Romani
1345 1433 1443 1483 agris

331 1507 510 1537 traxerat.
567 1500 676 1543 Inde,
703 1498 857 1550 dejectis
885 1500 1053 1535 hostium
1080 1499 1227 1542 castris,
1246 1498 1446 1535 Beneven-

330 1571 413 1602 tum
444 1565 608 1601 reditum
645 1570 715 1608 est,
753 1564 993 1614 praedamque
1030 1563 1083 1600 ibi
1120 1563 1233 1600 ambo
1271 1562 1444 1600 consules

334 1631 442 1677 (nam
475 1636 513 1665 et
541 1629 616 1679 Ap.
638 1627 815 1665 Claudius
846 1642 891 1665 eo
924 1635 1012 1678 post
1046 1641 1187 1679 paucos
1218 1629 1294 1664 dies
1323 1627 1443 1674 venit)

331 1694 593 1737 vendiderunt,
611 1694 892 1743 diviseruntque
908 1711 914 1730 :
939 1699 977 1730 et
992 1694 1137 1737 donati,
1155 1706 1316 1742 quorum
1331 1707 1447 1744 opera

332 1766 457 1796 castra
475 1760 642 1795 hostium
665 1765 776 1809 capta
795 1765 903 1795 erant
918 1774 925 1795 :
958 1765 1047 1795 ante
1063 1758 1156 1795 alios
1174 1759 1358 1795 Accuaeus
1373 1758 1446 1795 Pe-

330 1824 472 1874 lignus,
489 1831 527 1859 et
542 1824 588 1860 T.
603 1823 789 1860 Pedanius
807 1825 980 1874 princeps
996 1825 1117 1860 tertiae
1133 1823 1307 1873 legioniS.
1337 1823 1450 1860 Han·

332 1900 384 1924 no
423 1887 470 1924 ab
509 1888 689 1924 Cominio
727 1887 873 1930 Cerito,
911 1900 987 1937 quo
1023 1888 1204 1923 nunciata
1237 1893 1446 1923 castrorum

332 1950 456 1987 clades
488 1959 558 1994 cst,
587 1964 672 1986 cum
701 1951 830 2000 paucis
850 1950 1203 1993 frumentatoribus)
1224 1963 1319 2000 quos
1348 1950 1448 1987 forte

333 2028 461 2052 secum
478 2015 677 2059 habuerat,
693 2016 792 2065 fugae
812 2016 947 2064 magis,
965 2028 1078 2066 quam
1098 2015 1257 2059 itineris,
1274 2015 1388 2052 modo
1408 2016 1449 2051 in

331 2080 505 2116 Bruttios
525 2081 648 2117 rediit.

388 2143 478 2181 XV.
507 2143 560 2180 Et
580 2144 779 2194 Campani,
797 2144 925 2180 audita
944 2156 1012 2180 sua
1030 2144 1170 2194 pariter
1185 2144 1449 2193 sociorumque

336 2208 455 2252 clade,
474 2208 622 2258 legatos
643 2209 690 2244 ad
710 2208 969 2245 Hannibalem
988 2209 1185 2253 miserunt,
1206 2210 1269 2258 qui
1289 2210 1448 2246 nuncia-

334 2282 434 2319 rent,
466 2277 553 2312 duos
578 2277 737 2313 consules
772 2277 821 2312 acl
841 2277 1081 2313 Beneventum
1110 2286 1192 2317 esse,
1221 2275 1293 2310 diei
1327 2275 1395 2310 iter
1426 2287 1450 2310 a

338 2340 490 2390 Capzea5
521 2345 663 2378 tantum
690 2352 761 2377 non
791 2341 840 2377 ad
862 2345 989 2389 portas
1007 2344 1042 2376 et
1071 2350 1188 2375 muros
1207 2338 1334 2375 bellum
1354 2350 1449 2376 esse:

1512 1628 1518 1823 ..-..-.„.-.-,--..-
1510 1538 1518 1586 *aar
1515 1484 1518 1489 „
1521 1380 1523 1403 „⁴
