1527 2661
372 213 523 241 LIBER
548 212 654 240 xxl.
687 213 793 240 CAP.
817 214 900 241 xv.
1105 201 1182 255 169

83 305 231 346 violata,
250 305 284 340 si
305 305 454 339 inermes
471 315 551 338 cum
569 302 656 337 binis
680 303 892 337 vestimentis
910 301 1026 336 velitis
1049 301 1092 336 ab
1111 302 1178 336 Sa·
1195 304 1235 333 U.
1249 304 1284 333 C.
1302 309 1373 334 534.

79 372 192 414 ganto
210 368 314 402 exire.
358 367 447 402 Haec
463 369 576 402 victor
599 365 706 400 hostis
723 366 888 412 imperat.
935 364 1035 406 Haec,
1055 376 1179 411 quam·
1193 347 1230 376 Α·
1247 347 1283 376 C*
1301 352 1373 376 ²¹⁸·

83 442 187 477 quam
215 431 287 465 sint
307 432 436 477 gravia
464 434 570 477 atque
597 429 736 471 acerba,
759 428 917 476 fortuna
944 432 1060 463 vestra
1088 428 1182 464 vobis

82 494 218 529 suadet.
275 494 450 541 Equidem
484 493 580 528 haud
605 494 762 540 despero,
792 504 899 539 quum
927 493 1084 526 omnium
1112 503 1179 539 po-

84 560 191 592 testas
218 558 250 592 ei
266 556 380 605 facta
406 558 464 598 sit,
495 557 632 603 aliquid
659 568 701 591 ex
729 556 782 591 his
813 555 914 591 rebus
943 556 1181 591 remissurum.

84 618 155 654 Sed
182 621 238 655 vel
266 619 338 655 haec
361 620 535 666 patienda
571 630 688 653 censeo
712 620 846 666 potius,
876 630 983 666 quam
1012 620 1185 653 trucidari

82 694 231 729 corpora
255 688 384 725 vestra,
404 684 487 729 rapi
512 682 675 729 trahique
700 687 784 717 ante
801 694 866 716 ora
892 686 1007 717 vestra
1026 680 1187 729 conjuges

84 758 127 781 uc
146 747 269 782 liberos
287 747 368 782 belli
377 745 462 791 jure
478 747 615 781 sinatis.

137 808 247 845 XIV.
276 809 337 844 Ad
362 809 441 845 haec
468 808 652 844 audienda
677 821 805 856 quum,
826 808 1052 844 circumfusa
1076 808 1182 857 paul-

83 871 189 908 latim
217 872 471 915 multitudine,
502 873 728 922 permixtum
754 873 901 908 senatui
927 878 1025 907 esset
1052 871 1182 921 populi

85 936 285 973 concilium
298 953 308 982 3
331 943 487 987 repente
507 937 702 986 primores,
724 937 932 972 secessione
951 935 1065 978 facta,
1089 936 1181 985 (pri-

84 1012 241 1049 usquam
278 1013 501 1050 responsum
539 1000 705 1046 daretur)
745 1005 941 1048 argentum
978 1011 1183 1048 aurumque

85 1076 210 1107 omne,
231 1077 276 1100 ex
295 1064 448 1114 publico
467 1064 689 1114 privatoque
715 1064 754 1099 in
772 1064 897 1099 forum
917 1062 1122 1105 conlatum,
1143 1064 1182 1098 in

80 1127 205 1176 ignem
227 1128 273 1164 ad
292 1128 329 1164 id
346 1129 483 1178 raptim
502 1128 645 1164 factum
672 1126 930 1176 conjicientes,
952 1127 1084 1162 eodem
1102 1125 1181 1176 ple-

82 1191 188 1239 rique
207 1197 325 1227 semet
343 1192 414 1240 ipsi
440 1191 781 1242 praecipitaverunt.
837 1192 964 1230 Quum
984 1203 1030 1226 ex
1049 1202 1095 1226 eo
1114 1202 1181 1239 pa-

84 1267 152 1289 vor
171 1266 213 1289 ac
231 1253 432 1303 trepidatio
450 1260 572 1290 totam
600 1254 728 1290 urbem
748 1254 983 1303 pervasisset,
1004 1253 1097 1288 alius
1122 1253 1181 1288 in-

83 1329 193 1366 super
210 1316 392 1351 tumultus
412 1329 457 1352 ex
474 1329 558 1352 arce
577 1317 737 1353 auditur.
783 1316 912 1351 Turris
932 1315 994 1351 diu
1007 1321 1182 1364 quassata

82 1378 316 1428 prociderat:
347 1391 485 1428 perque
521 1379 668 1414 ruinam
701 1377 779 1427 ejus
810 1379 944 1414 cohors
973 1377 1179 1413 Poenorum

81 1442 210 1491 inpetu
228 1441 330 1477 facto
350 1455 463 1490 quum
491 1443 639 1489 signum
664 1442 881 1491 imperatori
906 1441 1081 1483 dedisset,
1108 1453 1177 1476 nu-

79 1503 205 1539 datam
229 1504 454 1539 stationibus
481 1504 733 1552 custodiisque
760 1503 879 1540 solitis
907 1504 1072 1539 hostium
1099 1515 1179 1538 esse

78 1567 231 1613 urbem3
263 1581 340 1604 non
377 1569 630 1605 cunctandum
666 1570 704 1604 in
742 1568 809 1604 tali
845 1568 1044 1604 occasione
1076 1573 1177 1603 ratus

76 1630 284 1673 Hannibal,
305 1631 396 1666 totis
422 1630 562 1666 viribus
589 1631 784 1678 adgressus
810 1630 956 1673 urbem,
983 1636 1177 1666 momento

80 1695 192 1743 cepit,
214 1694 322 1741 signo
342 1694 445 1736 dato,
464 1700 506 1729 ut
525 1706 655 1729 omnes
674 1694 832 1743 puberes
854 1693 1173 1729 interficerentur:

80 1757 181 1805 quod
198 1757 395 1806 imperium
414 1757 575 1799 crudele,
595 1763 760 1792 ceterum
785 1770 902 1806 prope
927 1757 1176 1792 necessarium
1188 1772 1327 1811 Captum

80 1820 274 1867 cognitum
302 1821 384 1868 ipso
413 1826 547 1855 eventu
567 1827 634 1855 est.
672 1820 766 1873 ⁸Cui
795 1821 894 1856 enim
922 1820 1024 1870 parci
1052 1815 1309 1868 potuitSaguss·

80 1895 127 1918 ex
155 1883 213 1925 iis,
244 1884 306 1931 qui
335 1889 400 1918 aut
435 1882 568 1918 inclusi
597 1896 681 1918 cum
711 1882 934 1933 conjugibus
971 1896 1014 1918 ac
1050 1864 1270 1919 liberistum'

79 1946 210 1982 domos
237 1958 346 1995 super
373 1958 412 1981 se
440 1946 541 1995 ipsos
570 1952 915 1988 concremaverunt,
946 1952 1011 1981 aut
1043 1947 1177 1982 armati

80 2010 222 2046 nullum
252 2018 338 2046 ante
367 2010 478 2046 finem
507 2022 657 2059 pugnae‚
691 2023 802 2059 quam
830 2012 1047 2053 morientes,
1079 2011 1176 2046 fece-

15 2073 19 2111 ἶ
73 2080 161 2109 runt
173 2075 184 2109 ?

129 2137 216 2172 XV.
247 2137 408 2186 Captum
441 2137 618 2186 oppidum
655 2143 711 2172 est
746 2149 831 2172 cum
862 2136 1007 2184 ingenti
1039 2137 1174 2186 praeda.

73 2200 311 2248 Quamquam
339 2200 515 2250 pleraque
541 2200 589 2236 ab
618 2200 780 2236 dominis
800 2200 846 2236 de
873 2201 1056 2236 industria
1084 2213 1175 2236 con-

75 2269 185 2312 rupta
202 2270 322 2306 erant‚
343 2271 380 2299 et
400 2265 437 2300 in
459 2264 620 2299 caedibus
649 2265 710 2300 vix
729 2263 845 2300 ullum
865 2264 1062 2299 discrimen
1084 2270 1174 2299 aeta-

80 2325 127 2360 tis
157 2326 214 2360 ira
239 2325 392 2370 fecerat,
423 2334 459 2363 et
487 2328 625 2377 captivi
654 2327 817 2363 militum
844 2327 971 2378 praeda
998 2327 1170 2371 fuerant:

130 2387 228 2424 VoL.
259 2389 311 2425 II.
641 2390 660 2426 Ι
