1527 2661
302 237 455 266 LIBER
479 237 638 266 XXIII.
671 236 777 265 CAP.
802 236 946 265 xx1x.
1095 238 1175 281 341

71 327 248 364 bentibus
269 339 384 376 equos
403 327 502 362 inter
517 327 736 363 acerrimam
757 340 855 377 saepe
872 340 1039 378 pugnam
1059 328 1097 364 in
1118 341 1178 364 re·
1192 335 1280 366 U.C.
1300 342 1374 367 536.

71 398 220 429 centem
253 403 390 441 equum
419 403 466 426 ex
493 390 592 426 fesso
627 392 779 426 armatis
812 391 1060 428 transsultare
1097 404 1178 427 mos
1192 379 1281 409 A‘C·
1299 385 1373 410 ⁴²¹⁶·

71 463 173 494 erat:
192 462 313 494 ,tanta
331 454 511 491 velocitas
542 455 646 505 ipsis,
674 461 827 503 tamque
848 455 970 491 docile
997 469 1180 504 equorum

71 507 188 569 genus
209 525 277 555 est.
335 520 463 557 Quum
489 519 561 554 hoc
591 518 705 554 modo
725 519 900 554 instructi
930 525 1088 562 starent,
1109 520 1181 554 im-

72 590 288 634 peratorum
308 584 502 632 utriusque
521 584 638 633 partis
659 584 759 620 haud
773 584 890 620 ferme
910 584 1075 634 dispares
1097 597 1181 634 spes

71 655 200 686 erant:
234 661 322 684 nam
354 659 402 683 ne
430 646 591 683 multum
620 648 784 696 quidem,
816 654 881 684 aut
908 661 1080 691 numero,
1116 656 1183 685 aut

72 724 209 761 genere
235 710 412 752 militum,
441 710 481 745 hi
510 716 575 746 aut
604 710 659 746 illi
690 710 934 760 praestabant.
990 711 1181 748 Militibus

68 774 184 823 longe
213 775 338 823 dispar
366 774 513 809 animus
543 779 635 809 erat.
692 773 878 810 Romanis
908 775 1023 814 enim,
1050 788 1182 823 quam-

69 849 183 887 quam
202 836 334 887 procul
354 850 376 872 a
394 837 518 886 patria
535 843 764 885 pugnarent,
785 837 897 873 facile
916 845 1182 887 persuaserant

69 901 195 944 duces,
216 914 286 950 pro
306 900 419 937 Italia
442 907 555 949 atque
576 900 668 936 urbe
688 900 867 936 Romana
887 913 951 937 eos
982 915 1152 951 pugnare
1170 917 1179 938 z

68 966 211 1014 itaque,
231 963 334 1001 velut
353 964 488 1013 quibus
508 964 650 1000 reditus
667 965 706 999 in
726 965 889 1014 patriam
906 978 951 1001 eo
967 965 1183 1002 discrimine

59 1038 206 1081 'pugnae
226 1035 447 1071 verteretur,
469 1027 756 1063 obstinaverant
776 1028 926 1071 animis,
949 1029 1098 1065 vincere
1118 1036 1185 1065 aut

68 1094 178 1130 mori.
232 1093 364 1129 Minus
384 1093 596 1142 pertinaces
612 1093 713 1128 viros
733 1092 901 1128 habebat
918 1093 1038 1129 altera
1057 1094 1155 1130 acies
1172 1108 1180 1128 2

67 1169 157 1194 nam
176 1157 342 1192 maxima
365 1168 449 1205 pars
471 1155 636 1206 Hispani
656 1162 787 1192 erant:
821 1157 884 1204 qui
904 1157 1004 1193 vinci
1030 1158 1069 1192 in
1089 1157 1182 1193 His-

69 1221 198 1271 pania,
228 1233 341 1269 quam
369 1221 529 1264 victores
568 1221 606 1255 in
637 1219 788 1256 Italiam
824 1221 938 1263 trahi,
976 1221 1182 1259 malebant.

67 1285 198 1322 Primo
224 1285 339 1333 igitur
369 1296 568 1326 concursu,
590 1296 705 1332 quum
725 1285 788 1319 vix
816 1284 893 1333 pila
920 1284 1095 1334 conjecta
1123 1298 1182 1321 es-

68 1356 166 1392 sent,
187 1348 317 1384 retulit
335 1347 469 1398 pedem
484 1348 608 1383 media
627 1348 740 1390 acies,
756 1347 1081 1398 inferentibusque
1101 1362 1181 1386 sese

66 1425 206 1461 magno
227 1413 358 1462 inpetu
377 1411 562 1448 Romanis
578 1419 686 1460 terga
702 1413 825 1449 vertit.
872 1412 1007 1449 Nihilo
1027 1414 1179 1462 segnius

67 1478 106 1514 in
136 1476 314 1513 cornibus
343 1476 520 1526 proelium
548 1476 643 1512 fuit:
676 1477 766 1513 hinc
785 1476 942 1520 Poenus,
972 1478 1061 1513 hinc
1087 1478 1180 1513 Afer

65 1546 176 1589 urget
191 1555 199 1576 :
232 1546 270 1576 et
287 1539 390 1575 velut
405 1540 444 1575 in
464 1540 739 1575 circumventos
757 1540 894 1589 proelio
910 1541 1067 1590 ancipiti
1083 1554 1178 1590 pug-

65 1610 171 1640 nant.
229 1603 304 1639 Sed
323 1616 439 1652 quum
465 1603 507 1638 in
536 1604 700 1639 medium
720 1610 803 1639 tota
824 1603 907 1653 jam
927 1605 1066 1640 coisset
1094 1604 1177 1641 Ro-

64 1679 178 1703 mana
196 1668 309 1709 acies,
330 1668 420 1702 satis
440 1668 574 1702 virium
595 1667 640 1702 ad
658 1667 884 1704 dimovenda
904 1668 1072 1704 hostium
1092 1682 1176 1704 cor-

63 1743 141 1766 nua
159 1729 314 1765 habuit:
348 1730 475 1778 itaque
495 1729 570 1766 duo
591 1730 735 1765 diversa
755 1730 890 1779 proelia
905 1738 1011 1766 erant
1028 1746 1035 1766 :
1068 1738 1173 1768 utro·
1189 1745 1333 1782 Vincunt

63 1806 136 1843 que
150 1792 331 1834 Romani,
350 1799 390 1827 ut
403 1793 480 1841 qui,
498 1792 614 1842 pulsis
630 1793 782 1828 tandem
798 1794 944 1836 mediis,
963 1802 1000 1830 et
1015 1807 1174 1832 numero
1187 1789 1336 1826 Romani.

63 1863 101 1893 et
126 1857 263 1892 robore
289 1856 453 1891 virorum
484 1862 720 1905 praestarent,
752 1858 852 1893 haud
879 1858 990 1894 dubie
1019 1872 1174 1909 supera-

62 1926 162 1956 runt.
217 1919 365 1967 RIagna
379 1920 432 1955 vis
451 1920 649 1955 hominum
669 1919 720 1955 ibi
737 1921 884 1955 occisa:
918 1927 969 1964 et,
986 1922 1058 1957 nisi
1079 1922 1172 1959 His-

60 1984 149 2034 pani
178 1983 331 2019 vixdum
360 1990 536 2019 conserto
565 1983 700 2033 proelio
728 1990 808 2020 tam
837 1985 951 2021 effuse
970 1985 1171 2035 fugissent,

59 2047 237 2097 perpauci
257 2059 302 2082 ex
322 2053 404 2081 tota
419 2046 690 2095 superfuissent
709 2048 800 2084 acie.
857 2048 1053 2096 Equestris
1073 2063 1170 2100 pug-

61 2123 111 2146 na
129 2109 233 2146 nulla
252 2110 454 2146 admodum
473 2110 567 2146 fuit:
601 2112 702 2159 quia,
719 2111 831 2147 simul
849 2112 1071 2150 inclinatam
1091 2128 1168 2151 me-

62 2176 161 2214 diam
190 2177 308 2212 aciem
328 2176 453 2211 Mauri
481 2176 729 2225 Numidaeque
758 2178 948 2222 viderunt,
979 2182 1169 2231 extemplo

60 2239 151 2288 fuga
177 2239 293 2275 effusa
318 2239 419 2274 nuda
439 2252 593 2282 cornua,
624 2240 832 2290 elephantis
853 2255 1002 2291 quoque
1029 2257 1104 2293 prae
1131 2259 1170 2281 se

60 2304 168 2347 actis,
189 2303 396 2338 deseruere.
455 2303 506 2338 Et
525 2303 756 2347 Hasdrubal,
778 2317 895 2354 usque
923 2307 968 2342 ad
994 2307 1169 2345 ultimum

59 2372 234 2402 eventum
252 2378 388 2416 pugnae
412 2373 595 2409 moratus,
617 2380 636 2402 e
663 2368 787 2405 media
806 2369 906 2406 caede
927 2382 1011 2406 cum
1038 2373 1175 2420 paucis.

580 2431 658 2470 03
