1527 2661
100 278 204 308 ·U.c.

109 322 149 351 A.
164 321 201 352 C.

107 904 215 933 Praeda
232 904 281 933 in·

106 957 196 986 gens.

220 285 291 310 542.

220 330 293 353 210.

317 168 403 222 566
771 181 817 211 T.
841 182 974 215 mvn

306 269 368 311 tis,
391 269 454 317 qui
483 269 598 304 muris
630 268 730 319 pulsi
749 270 914 316 fuerant,
944 273 1160 333 refugeram
1191 275 1330 326 partim
1360 290 1425 314 coe
1471 285 1472 291 ¹
1519 270 1527 295 ἶ

306 335 453 383 piarum
469 334 514 369 ad
532 334 651 370 tumul
663 348 717 370 im
734 338 1027 385 expugnandum
1043 339 1176 383 mittit,
1190 341 1328 390 partim
1344 342 1423 391 ipse
1473 343 1475 354 ¹

305 397 351 432 ad
368 410 489 432 arcem
507 398 611 433 ducit
627 413 632 431 z
667 406 703 434 et
719 400 885 435 tumulus
907 402 1029 450 primo
1047 403 1179 452 inpetu
1199 410 1256 439 est
1276 412 1422 454 captuS,
1474 399 1478 430 ἶ

304 466 341 496 et
360 461 493 509 Mago,
512 474 634 497 arcem
652 468 811 498 conatus
825 463 1040 507 defendere,
1058 478 1173 513 quum
1190 468 1319 503 omnia
1334 468 1423 503 hos-

302 525 397 560 tium
424 524 537 574 plena
565 525 722 568 videret,
744 539 866 574 neque
896 540 999 578 spem
1033 528 1146 564 ullam
1175 542 1269 573 esse,
1297 543 1337 566 se
1365 543 1424 566 ar-

301 600 457 637 cemque
494 594 532 624 et
568 589 783 638 praesidium
818 590 972 626 dedidit.
1030 592 1170 631 Quoad
1195 593 1320 629 dedita
1356 606 1424 631 arx

302 660 373 695 est,
402 652 520 689 caedes
550 660 634 689 tota
663 654 754 690 urbe
784 655 921 704 passim
942 655 1076 701 factae3
1111 670 1179 692 nec
1211 657 1274 692 ulli
1304 657 1423 707 pube·

302 728 400 759 rum,
422 717 485 765 qui
513 717 646 753 obvius
666 718 752 760 fuit,
782 719 1031 769 parcebatur:
1064 730 1159 763 tum,
1187 722 1297 769 siguo
1318 722 1422 766 dato,

302 780 465 816 caedibus
486 781 569 817 finis
589 781 711 818 factus
729 800 735 818 ;
770 783 816 818 ad
842 784 1005 833 praedam
1027 785 1187 821 victores
1208 786 1318 828 versi,
1340 799 1421 835 quae

300 844 434 893 ingens
456 847 578 882 omnis
600 848 747 895 generis
768 848 852 884 fuit.

356 909 525 946 XLVII.
555 911 783 947 Liberorum
815 914 983 961 capitum
1012 913 1119 949 virile
1149 926 1255 949 secus
1286 914 1331 950 ad
1357 914 1421 950 de-

303 986 382 1008 cem
403 974 521 1009 millia
541 981 674 1023 capta:
708 976 808 1016 inde,
824 977 887 1023 qui
908 977 1006 1011 cives
1028 977 1150 1012 Novae
1168 977 1420 1025 Karthaginis

302 1044 423 1079 erant,
446 1037 610 1073 dimisit:
645 1037 850 1085 urbemque
870 1045 906 1074 et
927 1051 994 1074 sua
1014 1040 1157 1081 omnia,
1175 1052 1258 1088 quae
1277 1040 1421 1089 reliqua

301 1100 354 1134 eis
374 1099 513 1135 beilum
535 1100 691 1143 fecerat,
713 1102 891 1137 restituit.
951 1102 1117 1152 Opifices
1144 1103 1190 1138 ad
1210 1103 1285 1139 duo
1305 1103 1424 1140 millia

300 1164 498 1199 hominum
529 1171 660 1209 erant3
694 1178 759 1200 eos
790 1165 962 1215 publicos
983 1166 1065 1202 fore
1094 1166 1227 1216 populi
1254 1167 1422 1204 Romani

300 1229 431 1271 edixit,
453 1242 538 1264 cum
559 1242 624 1280 spe
643 1231 861 1280 propinqua
877 1231 1079 1274 libertatis,
1097 1233 1127 1267 si
1148 1232 1193 1267 ad
1214 1232 1423 1269 ministeria

299 1291 388 1327 belli
418 1293 521 1328 enise
545 1306 698 1343 operam
728 1301 944 1330 navassent.
1003 1295 1178 1331 Ceteram
1209 1295 1420 1332 multitudi-

298 1368 385 1392 nem
406 1357 615 1393 incolarum
629 1356 829 1406 juvenum,
852 1371 895 1394 ac
917 1358 1126 1394 validorum
1152 1372 1360 1404 servorum,
1380 1361 1420 1397 in

299 1419 456 1456 classem
483 1422 530 1457 ad
555 1421 859 1470 supplementum
889 1423 1074 1471 remigum
1102 1423 1226 1459 dedit:
1261 1432 1298 1459 et
1325 1436 1418 1459 aux-

297 1490 378 1519 erat
398 1484 556 1520 navibus
576 1492 665 1521 octo
685 1487 842 1535 captivis
864 1486 1032 1523 classem.
1066 1487 1189 1523 Extra
1203 1488 1302 1523 hanc
1320 1487 1417 1523 mul-

295 1551 499 1586 titudinem
526 1551 787 1600 Hispanorum
809 1551 958 1588 obsides
989 1559 1119 1588 erant:
1153 1565 1312 1600 quorum
1332 1565 1417 1602 per—

296 1615 396 1657 inde,
415 1628 458 1651 ac
478 1616 508 1650 si
529 1616 720 1651 sociorum
739 1615 850 1651 liberi
871 1623 1010 1659 essent,
1030 1629 1120 1652 cura
1135 1616 1279 1652 habita.
1318 1616 1418 1667 Cap-

297 1685 357 1714 tus
389 1685 426 1715 et
461 1680 662 1729 adparatus
702 1680 835 1728 ingens
866 1680 980 1726 belli3
1014 1680 1217 1730 catapultae
1246 1681 1418 1717 maximae

297 1741 430 1778 formae
461 1749 611 1779 centum
645 1744 792 1791 viginti,
824 1745 988 1780 minores
1020 1745 1191 1780 ducentae
1221 1745 1420 1792 octoginta

299 1812 337 1841 et
358 1819 454 1842 una:
486 1807 647 1843 ballistae
668 1807 830 1857 majores
851 1809 984 1857 viginti
1010 1815 1101 1851 tres,
1122 1809 1286 1844 minores
1307 1809 1417 1857 quin-

299 1871 483 1918 quaginta
509 1872 614 1907 duae:
651 1873 892 1922 scorpionum
922 1872 1108 1923 majorum
1139 1873 1420 1921 minorumque,

297 1941 335 1970 et
355 1948 546 1972 armorum
566 1937 818 1986 telorumque,
835 1938 970 1984 ingens
987 1949 1164 1972 numerus
1181 1950 1187 1970 :
1220 1937 1329 1985 signa
1347 1937 1417 1973 mi-

295 1998 420 2035 litaria
441 2001 684 2050 septuaginta
703 2008 876 2049 quatuor.
934 2000 986 2036 Et
1006 2000 1087 2036 auri
1113 2001 1336 2048 argentique
1356 2013 1415 2036 re-

293 2062 373 2099 lata
401 2064 447 2100 ad
467 2065 736 2114 imperatorem
763 2078 901 2113 magna
923 2065 975 2100 vis
992 2079 999 2100 :
1032 2070 1172 2114 paterae
1192 2077 1313 2100 aureae
1332 2064 1415 2100 fue-

291 2134 381 2163 runt
411 2128 583 2164 ducentae
614 2131 856 2178 septuaginta
890 2142 968 2172 sex,
989 2129 1107 2165 libras
1133 2128 1252 2165 ferme
1283 2141 1414 2165 omnes

290 2192 420 2241 pondo
436 2208 443 2228 :
478 2194 626 2242 argenti
643 2193 735 2229 facti
756 2195 971 2243 signatique
986 2195 1115 2230 decem
1133 2200 1170 2230 et
1189 2200 1278 2230 octo
1293 2193 1412 2230 millia

290 2261 329 2292 et
357 2263 528 2294 trecenta
556 2258 708 2308 pondo:
741 2271 917 2295 vasorum
950 2264 1220 2307 argenteorum
1248 2269 1409 2306 magnus

289 2332 481 2359 numerus.
538 2321 635 2359 Haec
673 2323 803 2359 omnia
841 2323 884 2360 C,
904 2321 1094 2360 Flaminio
1129 2321 1309 2372 quaestori
1345 2320 1411 2357 ad·-
