1527 2661
308 206 462 235 LIBER
486 205 619 235 xxn.
651 204 758 233 CAP.
782 202 942 233 XVIII.
1101 204 1183 246 249

81 302 118 332 et
136 294 289 331 insidias
309 307 389 331 esse
413 301 531 338 ratus,
553 300 591 330 et
610 293 656 330 ab
675 299 866 329 nocturno
891 291 1020 341 utique
1040 290 1178 329 abhor-
1192 287 1233 319 U·
1249 288 1286 318 C·
1304 293 1377 319 ⁵3⁵⁴

79 369 163 394 rens
183 358 399 400 certamine,
420 370 507 393 suos
527 356 770 393 munimentis
789 355 924 392 tenuit.
979 354 1085 390 Luce
1103 332 1230 405 pri-A‘
1246 331 1284 363 C'
1301 336 1376 368 2³7⁹

78 431 140 456 ma
157 419 225 456 sub
238 419 337 470 jugo
356 421 495 457 montis
516 419 690 470 proelium
709 418 804 463 fuit3
837 431 914 467 quo
940 417 1183 456 interclusam

77 483 124 519 ab
144 483 219 519 suis
240 482 358 520 levem
378 490 606 520 armaturam
625 482 736 518 facile
759 483 917 530 (etenim
935 494 1093 519 numero
1112 481 1181 519 ali·

75 553 255 596 quantum
276 547 524 598 praestabant)
541 546 707 583 Romani
724 553 975 596 superassent,
996 547 1069 582 nisi
1088 546 1181 583 His-

75 623 260 662 panorum
280 613 430 655 cohors,
451 612 497 648 ad
516 612 553 648 id
573 613 695 662 ipsum
710 612 865 648 remissa
883 610 930 648 ab
947 611 1180 654 Hannibale,

76 677 328 726 pervenisset:
361 689 406 712 ea
431 675 622 711 adsuetior
650 674 857 718 montibus,
885 682 923 711 et
951 675 997 711 ad
1023 688 1183 711 concur-

76 740 233 775 sandum
260 740 360 774 inter
387 751 478 775 saxa
505 751 689 788 rupesque
719 740 843 788 aptior
872 752 914 774 ac
943 738 1074 782 levior,
1095 751 1183 774 cum

76 802 277 838 velocitate
296 814 512 851 corporum,
533 808 613 837 tum
634 814 824 837 armorum
842 801 990 844 habitu,
1012 814 1182 851 campes-

75 872 170 902 trem
186 866 348 908 hostem,
366 878 516 914 gravem
533 867 646 901 armis
666 866 950 913 statariumque,
964 877 1101 915 pugnae
1116 877 1183 912 ge-

73 942 162 965 nere
180 929 290 966 facile
311 929 436 966 elusit.
494 929 555 965 Ita
568 929 860 977 haudquaquam
876 929 957 977 pari
976 929 1182 964 certamine

75 993 245 1041 digressi,
277 993 440 1042 Hispani
469 991 548 1028 fere
577 1005 708 1029 omnes
741 992 963 1034 incolumes,
997 991 1179 1035 Romani,

76 1056 220 1105 aliquot
239 1058 313 1093 suis
334 1058 494 1100 amissis,
516 1058 553 1092 in
574 1064 697 1093 castra
713 1055 1000 1092 contenderunt.
1039 1055 1180 1092 Fabius

75 1133 224 1169 quoque
243 1122 362 1157 movit
380 1128 524 1157 castra:
557 1127 886 1169 transgressusque
912 1119 1048 1156 saltum
1069 1131 1181 1168 super

75 1183 223 1227 Allifas,
254 1184 339 1220 loco
369 1184 447 1220 alto
477 1197 520 1220 ac
552 1184 700 1219 munito
730 1183 912 1219 consedit.
967 1183 1081 1226 Tum,
1114 1194 1182 1232 per

75 1247 268 1283 Samnium
288 1247 453 1283 Romam
473 1260 512 1284 se
537 1254 665 1297 petere
685 1246 879 1290 simulans,
901 1246 1099 1283 Hannibal
1119 1259 1181 1282 us-

73 1322 145 1359 que
157 1311 196 1345 in
213 1310 389 1359 Pelignos
403 1310 692 1360 populabundus
710 1311 830 1346 rediit.
876 1309 1016 1346 Fabius
1035 1310 1178 1346 medius

72 1374 171 1408 inter
190 1373 354 1409 hostium
381 1386 515 1421 agmen
543 1373 747 1422 urbemque
766 1373 930 1409 Romam
942 1372 1049 1422 jugis
1068 1374 1180 1408 duce-

72 1436 161 1481 bat3
194 1449 263 1472 nec
290 1437 489 1480 absistens,
514 1449 583 1472 nec
615 1437 874 1485 congrediens.
930 1437 990 1473 Ex
1010 1436 1180 1485 Pelignis

72 1500 213 1536 Poenus
231 1500 336 1536 flexit
355 1502 439 1543 iter,
461 1507 637 1549 retroque
652 1501 830 1550 Apuliam
849 1507 1038 1550 repetens,
1055 1500 1177 1536 Gero-

72 1564 176 1599 nium
202 1565 394 1613 pervenit;
426 1564 557 1600 urbem
587 1571 704 1607 metu,
734 1565 821 1613 quia
853 1564 1032 1614 conlapsa
1059 1565 1176 1601 ruinis

73 1639 157 1675 pars
178 1628 360 1663 moenium
389 1634 482 1670 erat,
504 1628 551 1663 ab
581 1629 656 1663 suis
678 1628 875 1665 desertam.
931 1628 1109 1664 Dictator
1138 1629 1177 1664 in
1189 1632 1333 1662 Dictator
1349 1632 1373 1661 it

72 1688 253 1725 Larinate
290 1702 382 1738 agro
419 1697 541 1726 castra
578 1692 824 1726 communiit:
860 1691 949 1727 inde
985 1701 1177 1727 sacrorum
1190 1675 1341 1705 Romam·

72 1765 204 1788 caussa
233 1752 396 1789 Romam
425 1760 635 1796 revocatuS,
662 1766 740 1790 non
769 1754 927 1803 imperio
956 1755 1082 1797 modo,
1113 1754 1179 1790 sed

74 1814 232 1851 consilio
259 1816 385 1858 etiam,
414 1828 457 1851 ac
486 1828 602 1865 prope
631 1816 804 1866 precibus
831 1829 946 1865 agens
980 1830 1064 1854 cum
1097 1830 1179 1854 ma-

8 1875 11 1921 }
73 1880 193 1927 gistro
218 1880 398 1927 equitum,
422 1885 464 1916 ut
485 1881 568 1928 plus
592 1882 752 1923 consilio,
772 1894 879 1929 quam
896 1881 1073 1930 fortunoe,
1094 1894 1176 1918 con-

58 1942 160 1992 fidat
174 1959 185 1979 :
215 1948 249 1979 et
272 1955 308 1979 se
327 1946 449 1991 potius
467 1946 605 1987 ducem,
625 1957 732 1992 quam
758 1945 1022 1993 Sempronium,
1043 1946 1177 1981 Hami-

67 2008 246 2054 niumque,
273 2009 457 2043 imitetur:
484 2020 528 2044 ne
554 2008 647 2044 nihil
673 2013 792 2044 actum
820 2014 986 2051 censeret,
1016 2014 1178 2045 extracta

66 2081 180 2117 prope
198 2075 320 2106 aestate
333 2083 400 2118 per
420 2071 697 2120 ludificationem
717 2072 849 2108 hostis:
867 2074 1022 2108 medicos
1041 2084 1177 2120 quoque

69 2133 150 2180 plus
178 2134 359 2169 interdum
388 2136 516 2181 quiete,
548 2146 655 2182 quam
686 2136 854 2171 movendo
882 2140 989 2183 atque
1021 2136 1174 2182 agendo,

68 2197 246 2245 proficere.
303 2198 415 2234 Haud
438 2210 593 2246 parvam
625 2210 701 2234 rem
730 2210 812 2241 esse,
844 2199 887 2234 ab
917 2200 1017 2234 toties
1044 2200 1178 2234 victore

74 2259 169 2307 hoste
186 2262 282 2297 vinci
309 2262 446 2305 desisse,
467 2266 503 2298 et
527 2261 571 2297 ab
598 2263 769 2299 continuis
793 2263 951 2299 cladibus
976 2262 1175 2309 respirasse}

577 2323 662 2361 M5
