1527 2661
258 419 321 472 T.
378 420 625 473 LIVII
682 421 1136 475 PATAVINI

556 571 770 610 LIBER
811 573 864 611 x.

245 843 510 888 GENUCIO‚
539 845 618 882 Ser.
641 845 822 883 Cornelio
845 846 1081 893 consulibus,
1115 848 1162 886 ab
1191 863 1256 888 ex·
1270 860 1362 892 uc,
1379 869 1453 893 450,

223 908 238 924 ⁰
264 912 381 947 ternis
411 910 529 947 ferme
557 909 666 947 bellis
704 911 825 947 otium
854 912 939 949 fuit.
981 913 1115 951 Soram
1145 904 1454 965 atqueA·C·3⁰²·

139 981 278 1018 Albam
298 977 460 1016 coloniae
479 976 662 1013 deductae.
704 976 844 1014 Albam
863 978 902 1014 in
918 977 1068 1028 AEquos
1090 991 1157 1017 sex
1174 979 1261 1017 mil-

137 1045 189 1082 lia
208 1044 433 1081 colonorum
453 1041 606 1091 scripta.
651 1040 746 1077 Sora
766 1042 846 1090 agri
866 1041 998 1079 Volsci
1016 1042 1166 1090 fuerat3
1196 1045 1262 1082 sed

139 1109 386 1161 possederant
416 1105 627 1143 Samnites:
660 1118 706 1142 eo
726 1112 890 1155 quatuor
916 1106 1036 1144 millia
1062 1108 1263 1146 hominum

139 1174 265 1211 missa.
312 1170 461 1208 Eodem
481 1182 583 1206 anno
602 1169 852 1220 Arpinatibus
873 1171 1179 1221 Trebulanisque
1209 1174 1262 1208 ci-

138 1238 235 1274 vitas
267 1236 366 1272 data.
414 1233 632 1270 Frusinates
666 1235 780 1270 tertia
811 1241 918 1285 palte
957 1236 1039 1284 agri
1076 1236 1262 1280 damnati,

138 1301 239 1352 quod
259 1299 448 1337 Hernicos
470 1298 516 1335 ab
538 1298 590 1334 eis
611 1296 836 1335 sollicitatos
857 1306 1096 1349 compertum
1112 1317 1122 1345 3
1156 1301 1261 1351 capi-

137 1372 253 1415 taque
283 1361 560 1413 conjurationis
594 1361 689 1411 ejuS‚
720 1363 931 1411 quaestione
961 1363 1009 1400 ab
1040 1364 1260 1401 consulibus

137 1443 183 1467 ex
203 1426 536 1466 senatusconsulto
557 1426 703 1469 habita,
725 1428 838 1476 virgis
861 1429 947 1464 caesi
967 1442 1010 1464 ac
1032 1430 1153 1465 securi
1173 1442 1259 1479 per·

134 1496 245 1531 cussi.
292 1493 454 1536 Tamen,
480 1504 529 1528 ne
549 1504 700 1541 prorsus
722 1492 899 1529 inbellem
927 1500 1083 1541 agerent
1100 1507 1257 1538 annum,

135 1571 251 1609 parva
271 1557 462 1607 expeditio
487 1557 527 1592 in
548 1555 709 1592 Umbria
730 1555 833 1592 facta
854 1563 936 1602 est3
969 1556 1071 1606 quod
1096 1558 1255 1594 nuncia-
1272 1567 1421 1598 Latrones
1438 1570 1471 1598 m

1267 1611 1422 1649 spelunca

137 1622 263 1665 batur,
286 1634 332 1657 ex
346 1620 540 1670 -spelunca
559 1619 719 1668 quadam
749 1621 991 1656 exclusiones
1022 1627 1254 1657 armatorum
1267 1655 1405 1694 obpressi

136 1688 176 1723 in
207 1698 317 1735 agros
338 1685 430 1722 fieri.
478 1684 524 1720 In
545 1697 628 1720 eam
651 1684 869 1734 speluncam
898 1692 1140 1736 penetratum
1169 1699 1256 1723 cum

137 1752 255 1799 signis
273 1756 352 1786 est:
386 1755 423 1784 et
443 1761 490 1784 ex
515 1760 560 1783 eo
581 1748 666 1784 loco
686 1748 849 1784 obscuro
876 1749 996 1784 multa
1016 1749 1172 1785 vulnera
1191 1763 1253 1786 ac-

137 1821 260 1864 cepta,
281 1813 518 1861 maximeque
544 1811 711 1862 lapidum
732 1814 833 1859 ictu3
867 1814 1001 1858 donec,
1024 1814 1144 1852 altero
1168 1828 1252 1866 spe-

135 1891 199 1915 cus
229 1877 309 1928 ejus
344 1890 409 1913 ore
441 1880 544 1925 (nam
574 1879 722 1927 pervius
753 1880 856 1930 erat)
882 1880 1052 1922 invento,
1084 1887 1252 1929 utraeque

134 1942 260 1979 fauces
281 1941 471 1990 congestis
501 1941 613 1989 lignis
644 1955 834 1979 accensae:
868 1944 921 1979 ita
949 1944 1050 1979 intus
1071 1943 1177 1980 fumo
1207 1956 1251 1981 ac

132 2018 272 2056 vapore
298 2006 343 2041 ad
364 2005 439 2041 duo
459 2004 577 2040 millia
605 2014 850 2050 armatorum,
872 2008 1021 2043 ruentia
1046 2008 1251 2044 novissime

132 2071 171 2107 in
200 2071 299 2120 ipsas
329 2069 512 2113 flammas,
543 2069 631 2106 dum
661 2070 817 2107 evadere
853 2071 1028 2114 tendunt,
1063 2070 1250 2112 absumta,

131 2135 273 2172 Marcis
292 2135 406 2172 Livio
426 2135 575 2179 Dentre
593 2142 631 2172 et
650 2135 810 2172 AEmilio
827 2136 1061 2179 consulibus,
1083 2137 1248 2173 redinte-
1264 2144 1306 2174 U.
1320 2143 1356 2173 C.
1370 2151 1442 2176 451.

132 2206 285 2249 gratum
302 2200 508 2249 AEquicum
524 2199 678 2237 bellum.
710 2200 926 2243 Coloniam,
948 2212 1045 2248 aegre
1060 2201 1247 2251 patientes
1262 2189 1300 2219 A·
1315 2187 1351 2219 C·
1366 2193 1438 2218 3⁰¹¹*

131 2263 234 2300 velut
253 2277 375 2301 arcem
398 2266 474 2301 suis
492 2264 628 2301 finibus
649 2265 870 2315 inpositam,
887 2277 1033 2301 summa
1052 2266 1086 2300 vi
1105 2277 1248 2315 expug-

131 2340 222 2365 nare
254 2329 396 2371 adorti,
428 2329 474 2366 ab
506 2330 596 2380 ipsis
634 2328 779 2365 colonis
811 2329 1016 2380 pelluntur.
1069 2329 1247 2366 Ceterum

648 2394 684 2429 E
705 2395 726 2429 2
