1527 2661
322 163 403 203 126
778 175 822 203 T.
849 175 978 204 mvn

126 261 476 304 U.C.458.vocatis,
508 267 545 297 et
575 262 742 297 exercitu
772 262 823 298 ibi
849 262 996 306 relicto,
1027 265 1267 300 comitiorum
1294 276 1426 301 caussa

122 312 159 340 A·
178 310 213 340 C·
231 315 304 341 ²94⁸
318 325 484 361 Romam
504 333 560 361 est
586 326 791 376 profectus.
840 328 912 363 Cui
932 328 977 364 de
997 329 1190 378 triumpho
1211 330 1339 377 agenti
1360 341 1426 364 ne-

123 522 245 551 Etruria
261 530 279 550 a
325 553 327 556 Α

120 564 286 594 Postumio

119 614 248 640 vastata.

318 395 427 439 gatus
457 390 598 434 honos,
620 397 657 426 et
686 390 736 426 ob
768 392 906 427 amissa
934 398 995 427 tot
1031 392 1149 428 millia
1181 393 1358 435 militum,
1389 398 1428 428 et

317 455 419 503 quod
439 455 607 503 captivos
629 456 710 490 sine
730 456 907 504 pactione
928 455 996 491 sub
1014 455 1150 504 jugum
1171 457 1345 493 misisset.

370 518 587 554 XXXVII.
620 517 763 554 Consul
784 517 879 554 alter
899 518 1132 562 Postumius,
1153 520 1242 568 quia
1260 520 1300 555 in
1320 520 1426 555 Sam-

313 582 456 618 nitibus
474 583 632 618 materia
647 582 736 618 belli
752 582 894 626 deerat,
911 584 949 619 in
964 583 1159 619 Etruriam
1174 584 1349 620 traducto
1362 596 1425 620 ex-

314 646 448 689 ercitu,
477 647 638 696 primum
661 652 946 696 pervastaverat
964 646 1244 683 Volsiniensem
1270 660 1424 697 agrum:

313 712 398 748 dein
419 724 504 747 cum
521 711 679 759 egressis
701 710 745 746 ad
766 711 926 747 tuendos
947 711 1039 748 fines
1059 712 1160 748 haud
1180 711 1312 761 procul
1331 725 1425 748 moe-

311 775 423 813 nibus
455 775 623 825 ipsorum
643 774 858 825 depugnat:
892 774 969 811 duo
993 776 1113 812 millia
1141 777 1353 825 octingenti
1373 776 1426 812 E-

310 846 524 877 truscorum
559 840 668 876 caesi:
702 845 846 876 ceteros
876 841 1140 891 propinquitas
1172 840 1273 877 urbis
1303 845 1428 877 tutata

311 911 380 942 est.
437 904 483 940 In
520 903 771 940 Rusellanum
810 917 943 953 agrum
981 906 1168 942 exercitus
1203 905 1422 942 traductus:

310 970 364 1007 ibi
383 982 461 1006 non
482 969 561 1018 agri
584 975 734 1005 tantum
752 970 907 1013 vastati,
928 971 993 1006 sed
1012 970 1195 1021 oppidum
1222 969 1338 1006 etiam
1358 982 1424 1006 ex-

310 1040 525 1086 pugnatum
542 1048 548 1070 z
573 1040 685 1084 capta
704 1033 864 1084 amplius
886 1034 961 1071 duo
980 1035 1099 1071 millia
1117 1035 1331 1077 hominum,
1353 1033 1424 1070 mi-

308 1112 379 1136 nus
400 1100 475 1136 duo
501 1098 620 1135 millia
640 1099 739 1135 circa
763 1111 891 1135 muros
919 1113 1026 1136 caesa.
1083 1099 1167 1136 Pax
1190 1106 1319 1135 tamen
1347 1097 1422 1134 cla-

308 1165 386 1201 rior
405 1164 616 1215 majorque,
638 1179 750 1215 quam
767 1165 910 1202 bellum
937 1167 976 1202 in
995 1166 1152 1203 Etruria
1176 1179 1222 1202 eo
1242 1178 1344 1202 anno
1361 1164 1422 1201 fu-

307 1236 402 1273 erat,
433 1237 543 1280 parta
573 1236 642 1267 est.
699 1230 793 1267 Tres
826 1230 1065 1268 validissimae
1098 1230 1224 1274 urbes,
1258 1230 1424 1267 Etruriae

306 1295 446 1345 capita,
467 1294 646 1337 Volsinii,
667 1295 838 1339 Perusia,
859 1296 1067 1339 Arretium,
1095 1308 1226 1346 pacem
1252 1295 1423 1345 petiere;

305 1364 358 1402 et,
374 1360 609 1395 vestimentis
629 1359 793 1396 militum
812 1359 1081 1410 frumentoque
1100 1361 1201 1411 pacti
1221 1372 1307 1396 cum
1327 1371 1422 1395 con·

305 1423 399 1467 sule,
422 1429 463 1459 ut
493 1424 593 1459 mitti
613 1423 778 1460 Romam
808 1431 978 1461 oratores
1008 1425 1153 1468 liceret,
1179 1424 1349 1460 inducias
1379 1423 1420 1459 in

304 1490 555 1539 quadraginta
591 1502 711 1526 annos
750 1492 1058 1540 impetraverunt:
1098 1489 1219 1526 multa
1255 1500 1419 1539 praesens

305 1554 558 1604 quingentum
579 1554 738 1590 millium
761 1556 842 1591 aeris
863 1556 901 1591 in
920 1555 1087 1604 singulas
1109 1555 1281 1590 civitates
1307 1554 1418 1603 inpo-

304 1619 389 1656 sita.
438 1618 499 1655 Ob
519 1619 632 1654 hasce
653 1632 711 1655 res
732 1625 871 1668 gestas,
894 1620 1027 1656 consul
1047 1632 1162 1669 quum
1181 1618 1416 1668 triumphum

304 1683 351 1719 ab
372 1690 519 1725 senatu,
541 1684 657 1719 moris
686 1685 808 1732 magis
828 1697 974 1726 caussa,
997 1697 1109 1733 quam
1129 1696 1194 1733 spe
1221 1683 1415 1732 inpetran-

303 1748 354 1791 di,
386 1749 556 1798 petisset,
578 1749 796 1797 videretque
824 1748 932 1790 alim,
953 1748 1055 1797 quod
1084 1748 1226 1784 tardius
1257 1746 1304 1782 ab
1325 1745 1418 1782 urbe.

303 1814 465 1857 exisset3
499 1813 608 1855 alios,
640 1814 741 1861 quod
771 1812 918 1863 injussu
937 1819 1090 1848 senatus
1120 1825 1167 1849 ex
1195 1811 1350 1847 Samnio
1376 1811 1415 1846 in

301 1875 496 1912 Etruriam
525 1877 738 1918 transisset,
769 1877 908 1926 partim
937 1888 1025 1911 suos
1056 1876 1246 1917 inimicos,
1276 1874 1414 1924 partim

301 1939 458 1988 collegae
489 1941 645 1982 amicos,
681 1940 727 1976 ad
757 1938 934 1976 solatium
967 1946 1122 1988 aequatae
1153 1938 1310 1987 repulsae
1343 1937 1415 1973 sibi

301 2017 451 2054 quoque
478 2017 617 2053 negare
638 2005 894 2054 triumphum:
928 2004 1012 2039 Non
1040 2005 1105 2045 ita,
1128 2003 1263 2051 inquit,
1288 2002 1416 2038 Patres

301 2071 502 2117 conscripti,
523 2074 646 2105 vestrae
664 2068 862 2115 majestatis
882 2070 1084 2109 meminero,
1105 2072 1146 2103 ut
1166 2079 1219 2102 me
1238 2067 1415 2102 consulem

300 2147 369 2170 esse
384 2136 569 2170 obliviscar
582 2151 593 2170 .·
622 2135 744 2170 eodem
754 2133 840 2179 jure
857 2134 1009 2181 imperii,
1027 2145 1095 2179 quo
1112 2132 1204 2168 bella
1216 2133 1320 2179 gessi,
1342 2131 1414 2166 bel-

301 2200 343 2234 lis
351 2197 516 2246 feliciter
531 2196 650 2245 gestis,
673 2197 823 2233 Samnio
850 2201 958 2243 atque
979 2196 1129 2232 Etruria
1146 2195 1313 2237 subactis,
1337 2195 1409 2230 vic—

301 2264 394 2298 toria
422 2267 457 2298 et
491 2274 579 2310 pace
603 2268 729 2310 parta,
762 2261 1002 2308 triumphabo.
1060 2260 1120 2295 Ita
1150 2264 1322 2294 senatum
1352 2270 1409 2293 re—

298 2327 421 2376 liquit.
479 2327 572 2363 Inde
602 2327 701 2362 inter
728 2326 902 2362 tribunos
930 2325 1050 2375 plebis
1071 2323 1269 2359 contentio
1300 2328 1405 2357 orta·

1511 2379 1515 2455 Ι
