<?xml version="1.0" encoding="UTF-8"?>
<!DOCTYPE html PUBLIC "-//W3C//DTD XHTML 1.0 Transitional//EN"
    "http://www.w3.org/TR/xhtml1/DTD/xhtml1-transitional.dtd">
<html xmlns="http://www.w3.org/1999/xhtml" xml:lang="en" lang="en">
 <head>
  <title>
</title>
<meta http-equiv="Content-Type" content="text/html;charset=utf-8" />
  <meta name='ocr-system' content='tesseract 3.04.00' />
  <meta name='ocr-capabilities' content='ocr_page ocr_carea ocr_par ocr_line ocrx_word'/>
</head>
<body>
  <div class='ocr_page' id='page_1' title='image "./historiarumquaes02livyuoft_0281.png"; bbox 0 0 1527 2661; ppageno 0'>
   <div class='ocr_carea' id='block_1_1' title="bbox 0 1151 9 2661">
    <p class='ocr_par' dir='ltr' id='par_1_1' title="bbox 0 1151 9 2661">
     <span class='ocr_line' id='line_1_1' title="bbox 0 1151 9 2661; baseline 0 0"><span class='ocrx_word' id='word_1_1' title='bbox 0 1151 9 2661; x_wconf 95' lang='lat' dir='ltr'><em> </em></span> 
     </span>
    </p>
   </div>
   <div class='ocr_carea' id='block_1_2' title="bbox 313 161 1198 205">
    <p class='ocr_par' dir='ltr' id='par_1_2' title="bbox 313 161 1198 205">
     <span class='ocr_line' id='line_1_2' title="bbox 313 161 1198 205; baseline -0.005 -9"><span class='ocrx_word' id='word_1_2' title='bbox 313 168 465 196; x_wconf 80' lang='lat' dir='ltr'>LIBER</span> <span class='ocrx_word' id='word_1_3' title='bbox 488 167 620 195; x_wconf 81' lang='lat' dir='ltr'><strong>xxn.</strong></span> <span class='ocrx_word' id='word_1_4' title='bbox 653 166 760 194; x_wconf 75' lang='lat' dir='ltr'>CAP.</span> <span class='ocrx_word' id='word_1_5' title='bbox 785 164 987 193; x_wconf 77' lang='lat' dir='ltr'>xxxvu.</span> <span class='ocrx_word' id='word_1_6' title='bbox 1121 161 1198 205; x_wconf 84' lang='lat'><em>271</em></span> 
     </span>
    </p>
   </div>
   <div class='ocr_carea' id='block_1_3' title="bbox 81 255 1405 2364">
    <p class='ocr_par' dir='ltr' id='par_1_3' title="bbox 81 255 1405 2364">
     <span class='ocr_line' id='line_1_3' title="bbox 93 255 1405 303; baseline -0.006 -8"><span class='ocrx_word' id='word_1_7' title='bbox 93 260 149 295; x_wconf 84' lang='lat' dir='ltr'><em>sui</em></span> <span class='ocrx_word' id='word_1_8' title='bbox 174 258 276 295; x_wconf 80' lang='lat' dir='ltr'><em>clade</em></span> <span class='ocrx_word' id='word_1_9' title='bbox 300 257 431 292; x_wconf 79' lang='lat' dir='ltr'><em>moveri</em></span> <span class='ocrx_word' id='word_1_10' title='bbox 456 257 572 302; x_wconf 79' lang='lat' dir='ltr'><em>magis</em></span> <span class='ocrx_word' id='word_1_11' title='bbox 593 256 763 303; x_wconf 86' lang='lat' dir='ltr'><em>potuerit.</em></span> <span class='ocrx_word' id='word_1_12' title='bbox 822 255 962 302; x_wconf 85' lang='lat' dir='ltr'><em>Itaque,</em></span> <span class='ocrx_word' id='word_1_13' title='bbox 988 265 1204 302; x_wconf 82' lang='lat' dir='ltr'><em>quamquam</em></span> <span class='ocrx_word' id='word_1_14' title='bbox 1216 257 1257 287; x_wconf 93' lang='lat' dir='ltr'><em>U.</em></span> <span class='ocrx_word' id='word_1_15' title='bbox 1274 256 1311 287; x_wconf 92' lang='lat' dir='ltr'><em>C.</em></span> <span class='ocrx_word' id='word_1_16' title='bbox 1330 262 1405 288; x_wconf 74' lang='lat'>5:36.</span> 
     </span>
     <span class='ocr_line' id='line_1_4' title="bbox 93 300 1392 370; baseline -0.004 -12"><span class='ocrx_word' id='word_1_17' title='bbox 93 322 203 370; x_wconf 84' lang='lat' dir='ltr'><em>probe</em></span> <span class='ocrx_word' id='word_1_18' title='bbox 219 323 322 362; x_wconf 87' lang='lat' dir='ltr'><em>sciat,</em></span> <span class='ocrx_word' id='word_1_19' title='bbox 342 320 624 367; x_wconf 71' lang='lat' dir='ltr'><em>magnitudinem</em></span> <span class='ocrx_word' id='word_1_20' title='bbox 646 320 775 368; x_wconf 88' lang='lat' dir='ltr'><em>populi</em></span> <span class='ocrx_word' id='word_1_21' title='bbox 794 318 952 354; x_wconf 85' lang='lat' dir='ltr'><em>Romani</em></span> <span class='ocrx_word' id='word_1_22' title='bbox 977 317 1205 354; x_wconf 69' lang='lat' dir='ltr'><em>admirabili-</em></span> <span class='ocrx_word' id='word_1_23' title='bbox 1214 301 1254 331; x_wconf 70' lang='lat' dir='ltr'><em>A*</em></span> <span class='ocrx_word' id='word_1_24' title='bbox 1268 300 1304 331; x_wconf 78' lang='lat' dir='ltr'><em>C·</em></span> <span class='ocrx_word' id='word_1_25' title='bbox 1319 305 1392 332; x_wconf 63' lang='lat'>‘²¹⁶’</span> 
     </span>
     <span class='ocr_line' id='line_1_5' title="bbox 96 384 1204 433; baseline -0.004 -11"><span class='ocrx_word' id='word_1_26' title='bbox 96 398 191 422; x_wconf 90' lang='lat' dir='ltr'><em>orem</em></span> <span class='ocrx_word' id='word_1_27' title='bbox 205 397 319 433; x_wconf 87' lang='lat' dir='ltr'><em>prope</em></span> <span class='ocrx_word' id='word_1_28' title='bbox 337 385 495 420; x_wconf 81' lang='lat' dir='ltr'><em>adversis·</em></span> <span class='ocrx_word' id='word_1_29' title='bbox 512 384 625 427; x_wconf 84' lang='lat' dir='ltr'><em>rebus,</em></span> <span class='ocrx_word' id='word_1_30' title='bbox 642 396 749 432; x_wconf 86' lang='lat' dir='ltr'><em>quam</em></span> <span class='ocrx_word' id='word_1_31' title='bbox 767 384 941 426; x_wconf 84' lang='lat' dir='ltr'><em>secundis,</em></span> <span class='ocrx_word' id='word_1_32' title='bbox 962 394 1032 419; x_wconf 87' lang='lat' dir='ltr'><em>esse</em></span> <span class='ocrx_word' id='word_1_33' title='bbox 1042 399 1055 426; x_wconf 92' lang='lat'><em>,·</em></span> <span class='ocrx_word' id='word_1_34' title='bbox 1085 387 1204 418; x_wconf 84' lang='lat' dir='ltr'><em>tamen</em></span> 
     </span>
     <span class='ocr_line' id='line_1_6' title="bbox 93 445 1205 498; baseline -0.004 -12"><span class='ocrx_word' id='word_1_35' title='bbox 93 461 131 486; x_wconf 83' lang='lat' dir='ltr'><em>se</em></span> <span class='ocrx_word' id='word_1_36' title='bbox 149 451 281 492; x_wconf 85' lang='lat' dir='ltr'><em>omnia,</em></span> <span class='ocrx_word' id='word_1_37' title='bbox 303 449 426 497; x_wconf 87' lang='lat' dir='ltr'><em>quibus</em></span> <span class='ocrx_word' id='word_1_38' title='bbox 444 463 466 484; x_wconf 87' lang='lat' dir='ltr'><em>a</em></span> <span class='ocrx_word' id='word_1_39' title='bbox 485 449 581 484; x_wconf 81' lang='lat' dir='ltr'><em>bonis</em></span> <span class='ocrx_word' id='word_1_40' title='bbox 594 448 833 498; x_wconf 79' lang='lat' dir='ltr'><em>fidelibusque</em></span> <span class='ocrx_word' id='word_1_41' title='bbox 855 449 958 483; x_wconf 86' lang='lat' dir='ltr'><em>sociis</em></span> <span class='ocrx_word' id='word_1_42' title='bbox 976 447 1067 482; x_wconf 84' lang='lat' dir='ltr'><em>bella</em></span> <span class='ocrx_word' id='word_1_43' title='bbox 1076 445 1205 493; x_wconf 86' lang='lat' dir='ltr'><em>juvari</em></span> 
     </span>
     <span class='ocr_line' id='line_1_7' title="bbox 92 511 1204 561; baseline -0.001 -12"><span class='ocrx_word' id='word_1_44' title='bbox 92 514 243 557; x_wconf 77' lang='lat' dir='ltr'><em>soleant,</em></span> <span class='ocrx_word' id='word_1_45' title='bbox 261 514 415 549; x_wconf 80' lang='lat' dir='ltr'><em>misisse:</em></span> <span class='ocrx_word' id='word_1_46' title='bbox 444 526 521 561; x_wconf 84' lang='lat' dir='ltr'><em>quae</em></span> <span class='ocrx_word' id='word_1_47' title='bbox 537 525 580 548; x_wconf 88' lang='lat' dir='ltr'><em>ne</em></span> <span class='ocrx_word' id='word_1_48' title='bbox 594 514 754 561; x_wconf 87' lang='lat' dir='ltr'><em>accipere</em></span> <span class='ocrx_word' id='word_1_49' title='bbox 767 511 938 555; x_wconf 85' lang='lat' dir='ltr'><em>abnuant,</em></span> <span class='ocrx_word' id='word_1_50' title='bbox 955 523 1085 559; x_wconf 84' lang='lat' dir='ltr'><em>magno</em></span> <span class='ocrx_word' id='word_1_51' title='bbox 1100 523 1204 560; x_wconf 84' lang='lat' dir='ltr'><em>opere</em></span> 
     </span>
     <span class='ocr_line' id='line_1_8' title="bbox 94 577 1203 626; baseline -0.001 -13"><span class='ocrx_word' id='word_1_52' title='bbox 94 590 130 614; x_wconf 76' lang='lat' dir='ltr'><em>se</em></span> <span class='ocrx_word' id='word_1_53' title='bbox 142 579 272 614; x_wconf 83' lang='lat' dir='ltr'><em>Patres</em></span> <span class='ocrx_word' id='word_1_54' title='bbox 286 579 499 626; x_wconf 88' lang='lat' dir='ltr'><em>conscriptos</em></span> <span class='ocrx_word' id='word_1_55' title='bbox 514 589 629 614; x_wconf 88' lang='lat' dir='ltr'><em>orare.</em></span> <span class='ocrx_word' id='word_1_56' title='bbox 657 577 746 614; x_wconf 88' lang='lat' dir='ltr'><em>Jam</em></span> <span class='ocrx_word' id='word_1_57' title='bbox 764 578 921 613; x_wconf 83' lang='lat' dir='ltr'><em>omnium</em></span> <span class='ocrx_word' id='word_1_58' title='bbox 937 577 1095 625; x_wconf 87' lang='lat' dir='ltr'><em>primum</em></span> <span class='ocrx_word' id='word_1_59' title='bbox 1114 578 1203 612; x_wconf 88' lang='lat' dir='ltr'><em>omi·</em></span> 
     </span>
     <span class='ocr_line' id='line_1_9' title="bbox 93 640 1206 691; baseline -0.001 -13"><span class='ocrx_word' id='word_1_60' title='bbox 93 644 149 678; x_wconf 82' lang='lat' dir='ltr'><em>nis</em></span> <span class='ocrx_word' id='word_1_61' title='bbox 167 655 291 678; x_wconf 80' lang='lat' dir='ltr'><em>caussa</em></span> <span class='ocrx_word' id='word_1_62' title='bbox 315 643 512 679; x_wconf 78' lang='lat' dir='ltr'><em>Victoriam</em></span> <span class='ocrx_word' id='word_1_63' title='bbox 541 655 688 679; x_wconf 80' lang='lat' dir='ltr'><em>auream</em></span> <span class='ocrx_word' id='word_1_64' title='bbox 713 643 832 691; x_wconf 88' lang='lat' dir='ltr'><em>pondo</em></span> <span class='ocrx_word' id='word_1_65' title='bbox 863 640 1057 678; x_wconf 68' lang='lat' dir='ltr'><em>trecentzi&#39;m</em></span> <span class='ocrx_word' id='word_1_66' title='bbox 1077 642 1206 689; x_wconf 84' lang='lat' dir='ltr'><em>viginti</em></span> 
     </span>
     <span class='ocr_line' id='line_1_10' title="bbox 94 706 1207 756; baseline -0.001 -13"><span class='ocrx_word' id='word_1_67' title='bbox 94 706 238 756; x_wconf 85' lang='lat' dir='ltr'><em>adferre</em></span> <span class='ocrx_word' id='word_1_68' title='bbox 255 719 352 743; x_wconf 85' lang='lat' dir='ltr'><em>sese:</em></span> <span class='ocrx_word' id='word_1_69' title='bbox 380 709 582 755; x_wconf 80' lang='lat' dir='ltr'><em>acciperent</em></span> <span class='ocrx_word' id='word_1_70' title='bbox 603 720 696 750; x_wconf 88' lang='lat' dir='ltr'><em>eam,</em></span> <span class='ocrx_word' id='word_1_71' title='bbox 717 711 953 755; x_wconf 74' lang='lat' dir='ltr'><em>tenerentque,</em></span> <span class='ocrx_word' id='word_1_72' title='bbox 980 711 1015 743; x_wconf 88' lang='lat' dir='ltr'><em>et</em></span> <span class='ocrx_word' id='word_1_73' title='bbox 1040 706 1207 742; x_wconf 80' lang='lat' dir='ltr'><em>haberent</em></span> 
     </span>
     <span class='ocr_line' id='line_1_11' title="bbox 89 771 1205 820; baseline -0.001 -13"><span class='ocrx_word' id='word_1_74' title='bbox 89 772 279 820; x_wconf 79' lang='lat' dir='ltr'><em>propriam</em></span> <span class='ocrx_word' id='word_1_75' title='bbox 299 776 333 807; x_wconf 86' lang='lat' dir='ltr'><em>et</em></span> <span class='ocrx_word' id='word_1_76' title='bbox 347 776 571 819; x_wconf 84' lang='lat' dir='ltr'><em>perpetuam.</em></span> <span class='ocrx_word' id='word_1_77' title='bbox 609 772 800 807; x_wconf 70' lang='lat' dir='ltr'><em>Advescisse</em></span> <span class='ocrx_word' id='word_1_78' title='bbox 818 772 929 807; x_wconf 79' lang='lat' dir='ltr'><em>etiam</em></span> <span class='ocrx_word' id='word_1_79' title='bbox 948 775 1105 807; x_wconf 85' lang='lat' dir='ltr'><em>trecenta</em></span> <span class='ocrx_word' id='word_1_80' title='bbox 1122 771 1205 806; x_wconf 86' lang='lat' dir='ltr'><em>mil-</em></span> 
     </span>
     <span class='ocr_line' id='line_1_12' title="bbox 96 833 1206 878; baseline 0 -8"><span class='ocrx_word' id='word_1_81' title='bbox 96 835 147 871; x_wconf 87' lang='lat' dir='ltr'><em>lia</em></span> <span class='ocrx_word' id='word_1_82' title='bbox 164 833 322 871; x_wconf 63' lang='lat' dir='ltr'><em>modizim</em></span> <span class='ocrx_word' id='word_1_83' title='bbox 342 836 467 878; x_wconf 85' lang='lat' dir='ltr'><em>tritici,</em></span> <span class='ocrx_word' id='word_1_84' title='bbox 489 836 641 871; x_wconf 85' lang='lat' dir='ltr'><em>ducenta</em></span> <span class='ocrx_word' id='word_1_85' title='bbox 658 834 794 878; x_wconf 83' lang='lat' dir='ltr'><em>hordei,</em></span> <span class='ocrx_word' id='word_1_86' title='bbox 814 846 858 871; x_wconf 91' lang='lat' dir='ltr'><em>ne</em></span> <span class='ocrx_word' id='word_1_87' title='bbox 877 839 1090 870; x_wconf 81' lang='lat' dir='ltr'><em>commeatus</em></span> <span class='ocrx_word' id='word_1_88' title='bbox 1109 834 1206 870; x_wconf 78' lang='lat' dir='ltr'><em>dees-</em></span> 
     </span>
     <span class='ocr_line' id='line_1_13' title="bbox 95 897 1205 949; baseline -0.002 -14"><span class='ocrx_word' id='word_1_89' title='bbox 95 904 198 936; x_wconf 82' lang='lat' dir='ltr'><em>sent:</em></span> <span class='ocrx_word' id='word_1_90' title='bbox 225 904 273 943; x_wconf 89' lang='lat' dir='ltr'><em>et,</em></span> <span class='ocrx_word' id='word_1_91' title='bbox 295 904 468 948; x_wconf 82' lang='lat' dir='ltr'><em>quantum</em></span> <span class='ocrx_word' id='word_1_92' title='bbox 489 905 666 948; x_wconf 67' lang='lat' dir='ltr'><em>praeterea</em></span> <span class='ocrx_word' id='word_1_93' title='bbox 692 912 779 949; x_wconf 87' lang='lat' dir='ltr'><em>opus</em></span> <span class='ocrx_word' id='word_1_94' title='bbox 802 904 900 943; x_wconf 85' lang='lat' dir='ltr'><em>esset,</em></span> <span class='ocrx_word' id='word_1_95' title='bbox 922 911 990 947; x_wconf 87' lang='lat' dir='ltr'><em>quo</em></span> <span class='ocrx_word' id='word_1_96' title='bbox 1005 897 1205 945; x_wconf 84' lang='lat' dir='ltr'><em>jussissent,</em></span> 
     </span>
     <span class='ocr_line' id='line_1_14' title="bbox 94 962 1209 1014; baseline -0.002 -14"><span class='ocrx_word' id='word_1_97' title='bbox 94 964 329 1001; x_wconf 74' lang='lat' dir='ltr'><em>subvecturos.</em></span> <span class='ocrx_word' id='word_1_98' title='bbox 385 964 508 1001; x_wconf 83' lang='lat' dir='ltr'><em>Milite</em></span> <span class='ocrx_word' id='word_1_99' title='bbox 536 970 644 1014; x_wconf 86' lang='lat' dir='ltr'><em>atque</em></span> <span class='ocrx_word' id='word_1_100' title='bbox 671 967 787 1013; x_wconf 88' lang='lat' dir='ltr'><em>equite</em></span> <span class='ocrx_word' id='word_1_101' title='bbox 814 966 916 1007; x_wconf 88' lang='lat' dir='ltr'><em>scire,</em></span> <span class='ocrx_word' id='word_1_102' title='bbox 945 965 1015 1000; x_wconf 90' lang='lat' dir='ltr'><em>nisi</em></span> <span class='ocrx_word' id='word_1_103' title='bbox 1043 962 1209 999; x_wconf 80' lang='lat' dir='ltr'><em>Romano</em></span> 
     </span>
     <span class='ocr_line' id='line_1_15' title="bbox 97 1027 1209 1079; baseline -0.002 -13"><span class='ocrx_word' id='word_1_104' title='bbox 97 1029 292 1078; x_wconf 84' lang='lat' dir='ltr'><em>Latinique</em></span> <span class='ocrx_word' id='word_1_105' title='bbox 319 1030 483 1072; x_wconf 86' lang='lat' dir='ltr'><em>nominis,</em></span> <span class='ocrx_word' id='word_1_106' title='bbox 518 1042 588 1066; x_wconf 89' lang='lat' dir='ltr'><em>non</em></span> <span class='ocrx_word' id='word_1_107' title='bbox 615 1032 670 1066; x_wconf 85' lang='lat' dir='ltr'><em>uti</em></span> <span class='ocrx_word' id='word_1_108' title='bbox 694 1030 871 1079; x_wconf 81' lang='lat' dir='ltr'><em>populum</em></span> <span class='ocrx_word' id='word_1_109' title='bbox 899 1028 1130 1065; x_wconf 87' lang='lat' dir='ltr'><em>Romanum:</em></span> <span class='ocrx_word' id='word_1_110' title='bbox 1159 1027 1209 1063; x_wconf 80' lang='lat' dir='ltr'><em>ze-</em></span> 
     </span>
     <span class='ocr_line' id='line_1_16' title="bbox 96 1094 1209 1131; baseline -0.002 -2"><span class='ocrx_word' id='word_1_111' title='bbox 96 1095 194 1130; x_wconf 86' lang='lat' dir='ltr'><em>vium</em></span> <span class='ocrx_word' id='word_1_112' title='bbox 222 1099 446 1130; x_wconf 88' lang='lat' dir='ltr'><em>armatorum</em></span> <span class='ocrx_word' id='word_1_113' title='bbox 475 1096 612 1131; x_wconf 75' lang='lat' dir='ltr'><em>auxilia</em></span> <span class='ocrx_word' id='word_1_114' title='bbox 630 1097 740 1131; x_wconf 83' lang='lat' dir='ltr'><em>etiam</em></span> <span class='ocrx_word' id='word_1_115' title='bbox 767 1099 914 1131; x_wconf 77' lang='lat' dir='ltr'><em>externa</em></span> <span class='ocrx_word' id='word_1_116' title='bbox 937 1094 1065 1129; x_wconf 88' lang='lat' dir='ltr'><em>vidisse</em></span> <span class='ocrx_word' id='word_1_117' title='bbox 1092 1094 1130 1128; x_wconf 88' lang='lat' dir='ltr'><em>in</em></span> <span class='ocrx_word' id='word_1_118' title='bbox 1148 1103 1209 1128; x_wconf 89' lang='lat' dir='ltr'><em>ca-</em></span> 
     </span>
     <span class='ocr_line' id='line_1_17' title="bbox 97 1157 1212 1207; baseline -0.002 -14"><span class='ocrx_word' id='word_1_119' title='bbox 97 1158 181 1194; x_wconf 85' lang='lat' dir='ltr'><em>stris</em></span> <span class='ocrx_word' id='word_1_120' title='bbox 200 1157 386 1194; x_wconf 88' lang='lat' dir='ltr'><em>Romanis.</em></span> <span class='ocrx_word' id='word_1_121' title='bbox 433 1159 562 1207; x_wconf 85' lang='lat' dir='ltr'><em>Itaque</em></span> <span class='ocrx_word' id='word_1_122' title='bbox 587 1161 718 1194; x_wconf 83' lang='lat' dir='ltr'><em>misisse</em></span> <span class='ocrx_word' id='word_1_123' title='bbox 745 1159 845 1193; x_wconf 87' lang='lat' dir='ltr'><em>mille</em></span> <span class='ocrx_word' id='word_1_124' title='bbox 871 1158 1143 1204; x_wconf 75' lang='lat' dir='ltr'><em>sagittariorum</em></span> <span class='ocrx_word' id='word_1_125' title='bbox 1169 1167 1212 1191; x_wconf 85' lang='lat' dir='ltr'><em>ac</em></span> 
     </span>
     <span class='ocr_line' id='line_1_18' title="bbox 85 1219 1211 1271; baseline -0.002 -13"><span class='ocrx_word' id='word_1_126' title='bbox 85 1222 335 1271; x_wconf 74' lang='lat' dir='ltr'><em>fiinclitorum,</em></span> <span class='ocrx_word' id='word_1_127' title='bbox 357 1227 481 1270; x_wconf 84' lang='lat' dir='ltr'><em>aptam</em></span> <span class='ocrx_word' id='word_1_128' title='bbox 499 1235 646 1259; x_wconf 85' lang='lat' dir='ltr'><em>manum</em></span> <span class='ocrx_word' id='word_1_129' title='bbox 665 1223 834 1259; x_wconf 82' lang='lat' dir='ltr'><em>adversus</em></span> <span class='ocrx_word' id='word_1_130' title='bbox 851 1222 1020 1258; x_wconf 86' lang='lat' dir='ltr'><em>Baliares</em></span> <span class='ocrx_word' id='word_1_131' title='bbox 1038 1233 1082 1258; x_wconf 82' lang='lat' dir='ltr'><em>ac</em></span> <span class='ocrx_word' id='word_1_132' title='bbox 1099 1219 1211 1258; x_wconf 83' lang='lat' dir='ltr'><em>Mau-</em></span> 
     </span>
     <span class='ocr_line' id='line_1_19' title="bbox 97 1277 1212 1336; baseline -0.002 -14"><span class='ocrx_word' id='word_1_133' title='bbox 97 1299 168 1330; x_wconf 85' lang='lat' dir='ltr'><em>ros,</em></span> <span class='ocrx_word' id='word_1_134' title='bbox 185 1299 432 1335; x_wconf 83' lang='lat' dir='ltr'><em>pugnacesque</em></span> <span class='ocrx_word' id='word_1_135' title='bbox 451 1288 542 1324; x_wconf 86' lang='lat' dir='ltr'><em>alias</em></span> <span class='ocrx_word' id='word_1_136' title='bbox 560 1289 685 1324; x_wconf 79' lang='lat' dir='ltr'><em>missili</em></span> <span class='ocrx_word' id='word_1_137' title='bbox 705 1288 775 1324; x_wconf 85' lang='lat' dir='ltr'><em>telo</em></span> <span class='ocrx_word' id='word_1_138' title='bbox 791 1277 932 1336; x_wconf 49' lang='lat' dir='ltr'><em>gentes(</em></span> <span class='ocrx_word' id='word_1_139' title='bbox 971 1285 1033 1322; x_wconf 89' lang='lat' dir='ltr'><em>Ad</em></span> <span class='ocrx_word' id='word_1_140' title='bbox 1052 1298 1096 1321; x_wconf 86' lang='lat' dir='ltr'><em>ea</em></span> <span class='ocrx_word' id='word_1_141' title='bbox 1110 1284 1212 1320; x_wconf 76' lang='lat' dir='ltr'><em>dona</em></span> 
     </span>
     <span class='ocr_line' id='line_1_20' title="bbox 99 1349 1213 1400; baseline -0.002 -14"><span class='ocrx_word' id='word_1_142' title='bbox 99 1350 300 1386; x_wconf 87' lang='lat' dir='ltr'><em>consilium</em></span> <span class='ocrx_word' id='word_1_143' title='bbox 319 1363 470 1400; x_wconf 87' lang='lat' dir='ltr'><em>quoque</em></span> <span class='ocrx_word' id='word_1_144' title='bbox 490 1351 695 1395; x_wconf 87' lang='lat' dir='ltr'><em>addebant,</em></span> <span class='ocrx_word' id='word_1_145' title='bbox 723 1352 771 1388; x_wconf 84' lang='lat' dir='ltr'><em>Ut</em></span> <span class='ocrx_word' id='word_1_146' title='bbox 786 1356 934 1400; x_wconf 82' lang='lat' dir='ltr'><em>praetor,</em></span> <span class='ocrx_word' id='word_1_147' title='bbox 956 1351 1013 1386; x_wconf 87' lang='lat' dir='ltr'><em>cui</em></span> <span class='ocrx_word' id='word_1_148' title='bbox 1025 1349 1213 1398; x_wconf 87' lang='lat' dir='ltr'><em>provincia</em></span> 
     </span>
     <span class='ocr_line' id='line_1_21' title="bbox 99 1413 1215 1464; baseline -0.002 -13"><span class='ocrx_word' id='word_1_149' title='bbox 99 1415 227 1451; x_wconf 84' lang='lat' dir='ltr'><em>Sicilia</em></span> <span class='ocrx_word' id='word_1_150' title='bbox 255 1417 432 1458; x_wconf 79' lang='lat' dir='ltr'><em>evenisset,</em></span> <span class='ocrx_word' id='word_1_151' title='bbox 453 1416 597 1451; x_wconf 70' lang='lat' dir='ltr'><em>classem</em></span> <span class='ocrx_word' id='word_1_152' title='bbox 626 1417 664 1451; x_wconf 87' lang='lat' dir='ltr'><em>in</em></span> <span class='ocrx_word' id='word_1_153' title='bbox 683 1415 850 1464; x_wconf 85' lang='lat' dir='ltr'><em>Africam</em></span> <span class='ocrx_word' id='word_1_154' title='bbox 880 1413 1084 1461; x_wconf 85' lang='lat' dir='ltr'><em>trajiceret,·</em></span> <span class='ocrx_word' id='word_1_155' title='bbox 1112 1418 1154 1450; x_wconf 87' lang='lat' dir='ltr'><em>ut</em></span> <span class='ocrx_word' id='word_1_156' title='bbox 1178 1418 1215 1450; x_wconf 87' lang='lat' dir='ltr'><em>et</em></span> 
     </span>
     <span class='ocr_line' id='line_1_22' title="bbox 99 1479 1214 1528; baseline -0.001 -12"><span class='ocrx_word' id='word_1_157' title='bbox 99 1479 212 1516; x_wconf 82' lang='lat' dir='ltr'><em>hostes</em></span> <span class='ocrx_word' id='word_1_158' title='bbox 230 1482 266 1517; x_wconf 88' lang='lat' dir='ltr'><em>in</em></span> <span class='ocrx_word' id='word_1_159' title='bbox 286 1486 383 1518; x_wconf 87' lang='lat' dir='ltr'><em>terra</em></span> <span class='ocrx_word' id='word_1_160' title='bbox 395 1493 460 1517; x_wconf 86' lang='lat' dir='ltr'><em>sua</em></span> <span class='ocrx_word' id='word_1_161' title='bbox 476 1481 605 1517; x_wconf 84' lang='lat' dir='ltr'><em>bellum</em></span> <span class='ocrx_word' id='word_1_162' title='bbox 620 1481 800 1524; x_wconf 84' lang='lat' dir='ltr'><em>haberent,</em></span> <span class='ocrx_word' id='word_1_163' title='bbox 816 1482 1002 1528; x_wconf 83' lang='lat' dir='ltr'><em>minusque</em></span> <span class='ocrx_word' id='word_1_164' title='bbox 1017 1480 1214 1516; x_wconf 75' lang='lat' dir='ltr'><em>laxamenti</em></span> 
     </span>
     <span class='ocr_line' id='line_1_23' title="bbox 100 1542 1213 1582; baseline -0.002 -2"><span class='ocrx_word' id='word_1_165' title='bbox 100 1545 246 1580; x_wconf 86' lang='lat' dir='ltr'><em>daretur</em></span> <span class='ocrx_word' id='word_1_166' title='bbox 264 1547 308 1581; x_wconf 85' lang='lat' dir='ltr'><em>iis</em></span> <span class='ocrx_word' id='word_1_167' title='bbox 326 1546 375 1581; x_wconf 85' lang='lat' dir='ltr'><em>ad</em></span> <span class='ocrx_word' id='word_1_168' title='bbox 394 1546 533 1582; x_wconf 76' lang='lat' dir='ltr'><em>auxilia</em></span> <span class='ocrx_word' id='word_1_169' title='bbox 550 1545 751 1582; x_wconf 85' lang='lat' dir='ltr'><em>Hannibali</em></span> <span class='ocrx_word' id='word_1_170' title='bbox 769 1545 1021 1581; x_wconf 84' lang='lat' dir='ltr'><em>submittenda.</em></span> <span class='ocrx_word' id='word_1_171' title='bbox 1071 1542 1133 1579; x_wconf 89' lang='lat' dir='ltr'><em>Ab</em></span> <span class='ocrx_word' id='word_1_172' title='bbox 1153 1555 1213 1579; x_wconf 86' lang='lat' dir='ltr'><em>se-</em></span> 
     </span>
     <span class='ocr_line' id='line_1_24' title="bbox 99 1609 1212 1659; baseline 0 -16"><span class='ocrx_word' id='word_1_173' title='bbox 99 1614 193 1644; x_wconf 87' lang='lat' dir='ltr'><em>natu</em></span> <span class='ocrx_word' id='word_1_174' title='bbox 212 1609 266 1644; x_wconf 86' lang='lat' dir='ltr'><em>ita</em></span> <span class='ocrx_word' id='word_1_175' title='bbox 294 1622 515 1659; x_wconf 85' lang='lat' dir='ltr'><em>responsum</em></span> <span class='ocrx_word' id='word_1_176' title='bbox 544 1609 625 1658; x_wconf 86' lang='lat' dir='ltr'><em>regi</em></span> <span class='ocrx_word' id='word_1_177' title='bbox 654 1615 737 1646; x_wconf 87' lang='lat' dir='ltr'><em>est:</em></span> <span class='ocrx_word' id='word_1_178' title='bbox 776 1610 900 1646; x_wconf 87' lang='lat' dir='ltr'><em>Virum</em></span> <span class='ocrx_word' id='word_1_179' title='bbox 919 1609 1048 1645; x_wconf 85' lang='lat' dir='ltr'><em>bonum</em></span> <span class='ocrx_word' id='word_1_180' title='bbox 1075 1609 1212 1656; x_wconf 83' lang='lat' dir='ltr'><em>egregi-</em></span> 
     </span>
     <span class='ocr_line' id='line_1_25' title="bbox 100 1674 1213 1722; baseline 0.001 -15"><span class='ocrx_word' id='word_1_181' title='bbox 100 1684 230 1719; x_wconf 81' lang='lat' dir='ltr'><em>umque</em></span> <span class='ocrx_word' id='word_1_182' title='bbox 247 1675 380 1709; x_wconf 87' lang='lat' dir='ltr'><em>socium</em></span> <span class='ocrx_word' id='word_1_183' title='bbox 398 1674 594 1710; x_wconf 87' lang='lat' dir='ltr'><em>Hieronem</em></span> <span class='ocrx_word' id='word_1_184' title='bbox 613 1686 696 1717; x_wconf 87' lang='lat' dir='ltr'><em>esse,</em></span> <span class='ocrx_word' id='word_1_185' title='bbox 717 1679 824 1722; x_wconf 88' lang='lat' dir='ltr'><em>atque</em></span> <span class='ocrx_word' id='word_1_186' title='bbox 841 1686 912 1709; x_wconf 85' lang='lat' dir='ltr'><em>uno</em></span> <span class='ocrx_word' id='word_1_187' title='bbox 933 1677 1064 1715; x_wconf 86' lang='lat' dir='ltr'><em>tenore,</em></span> <span class='ocrx_word' id='word_1_188' title='bbox 1085 1684 1127 1708; x_wconf 82' lang='lat' dir='ltr'><em>ex</em></span> <span class='ocrx_word' id='word_1_189' title='bbox 1145 1684 1213 1720; x_wconf 88' lang='lat' dir='ltr'><em>quo</em></span> 
     </span>
     <span class='ocr_line' id='line_1_26' title="bbox 101 1738 1215 1787; baseline 0.001 -15"><span class='ocrx_word' id='word_1_190' title='bbox 101 1738 141 1772; x_wconf 86' lang='lat' dir='ltr'><em>in</em></span> <span class='ocrx_word' id='word_1_191' title='bbox 160 1738 357 1773; x_wconf 86' lang='lat' dir='ltr'><em>amicitiam</em></span> <span class='ocrx_word' id='word_1_192' title='bbox 372 1739 502 1787; x_wconf 85' lang='lat' dir='ltr'><em>populi</em></span> <span class='ocrx_word' id='word_1_193' title='bbox 521 1738 678 1774; x_wconf 87' lang='lat' dir='ltr'><em>Romani</em></span> <span class='ocrx_word' id='word_1_194' title='bbox 696 1741 846 1781; x_wconf 83' lang='lat' dir='ltr'><em>venerit,</em></span> <span class='ocrx_word' id='word_1_195' title='bbox 855 1739 972 1787; x_wconf 86' lang='lat' dir='ltr'><em>fidem</em></span> <span class='ocrx_word' id='word_1_196' title='bbox 991 1738 1150 1780; x_wconf 84' lang='lat' dir='ltr'><em>coluisse,</em></span> <span class='ocrx_word' id='word_1_197' title='bbox 1170 1749 1215 1773; x_wconf 86' lang='lat' dir='ltr'><em>ac</em></span> 
     </span>
     <span class='ocr_line' id='line_1_27' title="bbox 101 1800 1212 1852; baseline 0.002 -16"><span class='ocrx_word' id='word_1_198' title='bbox 101 1813 175 1837; x_wconf 87' lang='lat' dir='ltr'><em>rem</em></span> <span class='ocrx_word' id='word_1_199' title='bbox 197 1801 398 1837; x_wconf 83' lang='lat' dir='ltr'><em>Romanam</em></span> <span class='ocrx_word' id='word_1_200' title='bbox 418 1804 512 1838; x_wconf 90' lang='lat' dir='ltr'><em>omni</em></span> <span class='ocrx_word' id='word_1_201' title='bbox 539 1808 697 1851; x_wconf 84' lang='lat' dir='ltr'><em>ternpore</em></span> <span class='ocrx_word' id='word_1_202' title='bbox 712 1816 755 1839; x_wconf 87' lang='lat' dir='ltr'><em>ac</em></span> <span class='ocrx_word' id='word_1_203' title='bbox 774 1804 850 1839; x_wconf 91' lang='lat' dir='ltr'><em>loco</em></span> <span class='ocrx_word' id='word_1_204' title='bbox 874 1803 1040 1852; x_wconf 71' lang='lat' dir='ltr'><em>munifice</em></span> <span class='ocrx_word' id='word_1_205' title='bbox 1056 1800 1212 1848; x_wconf 80' lang='lat' dir='ltr'><em>adjuvis-</em></span> 
     </span>
     <span class='ocr_line' id='line_1_28' title="bbox 101 1866 1214 1916; baseline 0.003 -16"><span class='ocrx_word' id='word_1_206' title='bbox 101 1876 164 1901; x_wconf 83' lang='lat' dir='ltr'><em>se:</em></span> <span class='ocrx_word' id='word_1_207' title='bbox 193 1866 243 1907; x_wconf 87' lang='lat' dir='ltr'><em>id,</em></span> <span class='ocrx_word' id='word_1_208' title='bbox 257 1867 407 1913; x_wconf 84' lang='lat' dir='ltr'><em>perinde</em></span> <span class='ocrx_word' id='word_1_209' title='bbox 422 1878 465 1902; x_wconf 87' lang='lat' dir='ltr'><em>ac</em></span> <span class='ocrx_word' id='word_1_210' title='bbox 481 1867 634 1910; x_wconf 84' lang='lat' dir='ltr'><em>deberet,</em></span> <span class='ocrx_word' id='word_1_211' title='bbox 650 1871 798 1914; x_wconf 85' lang='lat' dir='ltr'><em>gratum</em></span> <span class='ocrx_word' id='word_1_212' title='bbox 809 1867 944 1916; x_wconf 86' lang='lat' dir='ltr'><em>populo</em></span> <span class='ocrx_word' id='word_1_213' title='bbox 959 1866 1121 1902; x_wconf 89' lang='lat' dir='ltr'><em>Romano</em></span> <span class='ocrx_word' id='word_1_214' title='bbox 1129 1877 1214 1903; x_wconf 87' lang='lat' dir='ltr'><em>esse.</em></span> 
     </span>
     <span class='ocr_line' id='line_1_29' title="bbox 102 1930 1215 1979; baseline 0.002 -15"><span class='ocrx_word' id='word_1_215' title='bbox 102 1930 245 1965; x_wconf 84' lang='lat' dir='ltr'><em>Aurum</em></span> <span class='ocrx_word' id='word_1_216' title='bbox 263 1934 297 1965; x_wconf 90' lang='lat' dir='ltr'><em>et</em></span> <span class='ocrx_word' id='word_1_217' title='bbox 322 1943 345 1966; x_wconf 90' lang='lat' dir='ltr'><em>a</em></span> <span class='ocrx_word' id='word_1_218' title='bbox 364 1931 563 1967; x_wconf 86' lang='lat' dir='ltr'><em>civitatibus</em></span> <span class='ocrx_word' id='word_1_219' title='bbox 582 1931 790 1979; x_wconf 85' lang='lat' dir='ltr'><em>quibusdam</em></span> <span class='ocrx_word' id='word_1_220' title='bbox 816 1932 994 1974; x_wconf 86' lang='lat' dir='ltr'><em>adlatum,</em></span> <span class='ocrx_word' id='word_1_221' title='bbox 1012 1932 1136 1978; x_wconf 86' lang='lat' dir='ltr'><em>gratia</em></span> <span class='ocrx_word' id='word_1_222' title='bbox 1161 1932 1215 1967; x_wconf 85' lang='lat' dir='ltr'><em>rei</em></span> 
     </span>
     <span class='ocr_line' id='line_1_30' title="bbox 102 1996 1214 2044; baseline 0.002 -15"><span class='ocrx_word' id='word_1_223' title='bbox 102 1998 262 2041; x_wconf 70' lang='lat' dir='ltr'><em>accepta,</em></span> <span class='ocrx_word' id='word_1_224' title='bbox 282 2006 353 2030; x_wconf 88' lang='lat' dir='ltr'><em>non</em></span> <span class='ocrx_word' id='word_1_225' title='bbox 372 1997 545 2043; x_wconf 83' lang='lat' dir='ltr'><em>accepisse</em></span> <span class='ocrx_word' id='word_1_226' title='bbox 559 1996 733 2044; x_wconf 86' lang='lat' dir='ltr'><em>populum</em></span> <span class='ocrx_word' id='word_1_227' title='bbox 753 1996 968 2032; x_wconf 85' lang='lat' dir='ltr'><em>Romanum.</em></span> <span class='ocrx_word' id='word_1_228' title='bbox 1021 1996 1214 2032; x_wconf 85' lang='lat' dir='ltr'><em>Victoriam</em></span> 
     </span>
     <span class='ocr_line' id='line_1_31' title="bbox 103 2060 1215 2108; baseline 0.001 -14"><span class='ocrx_word' id='word_1_229' title='bbox 103 2070 273 2106; x_wconf 86' lang='lat' dir='ltr'><em>omenque</em></span> <span class='ocrx_word' id='word_1_230' title='bbox 301 2061 484 2107; x_wconf 66' lang='grc' dir='ltr'><em>πείρετε,-</em></span> <span class='ocrx_word' id='word_1_231' title='bbox 512 2061 697 2108; x_wconf 84' lang='lat' dir='ltr'><em>sedemque</em></span> <span class='ocrx_word' id='word_1_232' title='bbox 725 2062 756 2096; x_wconf 86' lang='lat' dir='ltr'><em>ei</em></span> <span class='ocrx_word' id='word_1_233' title='bbox 782 2073 819 2096; x_wconf 89' lang='lat' dir='ltr'><em>se</em></span> <span class='ocrx_word' id='word_1_234' title='bbox 837 2061 948 2096; x_wconf 84' lang='lat' dir='ltr'><em>Divoe</em></span> <span class='ocrx_word' id='word_1_235' title='bbox 973 2061 1072 2102; x_wconf 84' lang='lat' dir='ltr'><em>dare,</em></span> <span class='ocrx_word' id='word_1_236' title='bbox 1093 2060 1215 2095; x_wconf 82' lang='lat' dir='ltr'><em>dicare</em></span> 
     </span>
     <span class='ocr_line' id='line_1_32' title="bbox 105 2121 1216 2172; baseline 0.001 -15"><span class='ocrx_word' id='word_1_237' title='bbox 105 2121 338 2170; x_wconf 85' lang='lat' dir='ltr'><em>Capitolium,</em></span> <span class='ocrx_word' id='word_1_238' title='bbox 361 2124 530 2171; x_wconf 87' lang='lat' dir='ltr'><em>templum</em></span> <span class='ocrx_word' id='word_1_239' title='bbox 544 2124 647 2160; x_wconf 81' lang='lat' dir='ltr'><em>Jovis</em></span> <span class='ocrx_word' id='word_1_240' title='bbox 661 2125 798 2172; x_wconf 89' lang='lat' dir='ltr'><em>Optimi</em></span> <span class='ocrx_word' id='word_1_241' title='bbox 812 2124 969 2160; x_wconf 66' lang='lat' dir='ltr'><em>Maximi</em></span> <span class='ocrx_word' id='word_1_242' title='bbox 981 2139 994 2160; x_wconf 90' lang='lat'><em>.·</em></span> <span class='ocrx_word' id='word_1_243' title='bbox 1021 2125 1059 2159; x_wconf 87' lang='lat' dir='ltr'><em>in</em></span> <span class='ocrx_word' id='word_1_244' title='bbox 1078 2135 1121 2159; x_wconf 87' lang='lat' dir='ltr'><em>ea</em></span> <span class='ocrx_word' id='word_1_245' title='bbox 1135 2134 1216 2158; x_wconf 87' lang='lat' dir='ltr'><em>arce</em></span> 
     </span>
     <span class='ocr_line' id='line_1_33' title="bbox 105 2186 1218 2236; baseline 0 -15"><span class='ocrx_word' id='word_1_246' title='bbox 105 2186 200 2222; x_wconf 85' lang='lat' dir='ltr'><em>urbis</em></span> <span class='ocrx_word' id='word_1_247' title='bbox 219 2186 391 2223; x_wconf 81' lang='lat' dir='ltr'><em>Romanae</em></span> <span class='ocrx_word' id='word_1_248' title='bbox 418 2193 611 2230; x_wconf 87' lang='lat' dir='ltr'><em>sacratam,</em></span> <span class='ocrx_word' id='word_1_249' title='bbox 641 2189 817 2224; x_wconf 85' lang='lat' dir='ltr'><em>volentem</em></span> <span class='ocrx_word' id='word_1_250' title='bbox 844 2189 1124 2236; x_wconf 88' lang='lat' dir='ltr'><em>propitiamque,</em></span> <span class='ocrx_word' id='word_1_251' title='bbox 1142 2187 1218 2235; x_wconf 89' lang='lat' dir='ltr'><em>fir-</em></span> 
     </span>
     <span class='ocr_line' id='line_1_34' title="bbox 104 2250 1217 2300; baseline -0.001 -15"><span class='ocrx_word' id='word_1_252' title='bbox 104 2262 200 2285; x_wconf 84' lang='lat' dir='ltr'><em>mam</em></span> <span class='ocrx_word' id='word_1_253' title='bbox 219 2263 262 2286; x_wconf 91' lang='lat' dir='ltr'><em>ac</em></span> <span class='ocrx_word' id='word_1_254' title='bbox 289 2251 453 2287; x_wconf 88' lang='lat' dir='ltr'><em>stabilem</em></span> <span class='ocrx_word' id='word_1_255' title='bbox 471 2251 560 2300; x_wconf 87' lang='lat' dir='ltr'><em>fore</em></span> <span class='ocrx_word' id='word_1_256' title='bbox 588 2253 722 2300; x_wconf 85' lang='lat' dir='ltr'><em>populo</em></span> <span class='ocrx_word' id='word_1_257' title='bbox 741 2253 919 2289; x_wconf 88' lang='lat' dir='ltr'><em>Romano.</em></span> <span class='ocrx_word' id='word_1_258' title='bbox 975 2250 1217 2292; x_wconf 86' lang='lat' dir='ltr'><em>Funditores,</em></span> 
     </span>
     <span class='ocr_line' id='line_1_35' title="bbox 81 2313 1217 2364; baseline 0.003 -17"><span class='ocrx_word' id='word_1_259' title='bbox 81 2344 83 2347; x_wconf 85' lang='lat'><em>.</em></span> <span class='ocrx_word' id='word_1_260' title='bbox 106 2313 383 2364; x_wconf 82' lang='lat' dir='ltr'><em>sagittariique,</em></span> <span class='ocrx_word' id='word_1_261' title='bbox 422 2322 460 2352; x_wconf 89' lang='lat' dir='ltr'><em>et</em></span> <span class='ocrx_word' id='word_1_262' title='bbox 497 2314 730 2352; x_wconf 81' lang='lat' dir='ltr'><em>frumentum</em></span> <span class='ocrx_word' id='word_1_263' title='bbox 765 2317 950 2353; x_wconf 86' lang='lat' dir='ltr'><em>traditum</em></span> <span class='ocrx_word' id='word_1_264' title='bbox 987 2313 1217 2351; x_wconf 74' lang='lat' dir='ltr'><em>consulibus.</em></span> 
     </span>
    </p>
   </div>
   <div class='ocr_carea' id='block_1_4' title="bbox 628 2379 713 2417">
    <p class='ocr_par' dir='ltr' id='par_1_4' title="bbox 628 2379 713 2417">
     <span class='ocr_line' id='line_1_36' title="bbox 628 2379 713 2417; baseline -0.012 0"><span class='ocrx_word' id='word_1_265' title='bbox 628 2379 713 2417; x_wconf 85' lang='lat' dir='ltr'><em>N4</em></span> 
     </span>
    </p>
   </div>
  </div>
 </body>
</html>
