1527 2661
322 178 403 219 166
778 191 824 220 Τ.
853 192 987 221 mvn

123 275 216 308 U-C·
234 283 308 309 ⁵34·
321 277 575 329 operibusque
599 277 781 322 habebat,
801 293 1010 330 paucorum
1037 280 1083 317 iis
1103 280 1249 318 dierum
1268 282 1433 332 quietem

121 320 213 352 A.c.
230 328 305 354 218.

89 2144 242 2185 Sagunti-

92 2198 211 2219 norum

90 2239 242 2264 constan-

91 2276 145 2306 tia.

317 343 435 387 dedit,
457 343 687 380 stationibus
717 343 764 380 ad
787 345 999 381 custodiam
1028 346 1225 382 vinearum
1251 346 1432 384 aliorum-

314 421 388 458 que
408 421 566 458 operum
586 408 779 458 dispositis
796 424 803 445 ε
836 409 990 447 interim
1010 411 1157 448 animos
1179 424 1310 448 eorum
1328 424 1431 461 nunc

311 474 369 525 ira
388 474 427 509 in
455 474 585 509 hostes
606 473 853 516 stimulando,
874 487 977 511 nunc
1002 488 1068 525 spe
1098 477 1339 526 praemiorum
1367 488 1429 512 ac-

310 538 450 574 cendit.
509 536 565 573 Ut
583 549 673 572 vero
699 549 768 587 pro
789 538 974 574 concione
994 540 1160 589 praedam
1180 545 1300 590 captae
1325 539 1429 576 urbis

311 602 431 638 edixit
450 600 614 637 militum
633 600 729 644 fore,
751 601 846 638 adeo
869 603 1018 639 accensi
1038 615 1170 640 omnes
1197 609 1299 647 sunt,
1320 609 1377 646 ut,
1397 604 1430 640 si

310 664 505 716 extemplo
531 665 682 714 signum
701 665 831 701 datum
852 672 963 710 esset,
984 666 1090 703 nulla
1117 667 1154 703 vi
1172 668 1297 704 resisti
1324 667 1429 703 vide-

308 736 414 767 retur
432 742 556 781 posse.
615 729 818 780 Saguntini
838 736 880 767 ut
909 744 931 767 a
950 731 1094 781 proeliis
1115 732 1282 782 quietem
1304 731 1427 769 habu-

306 801 430 838 erant,
451 807 521 831 nec
539 793 783 838 lacessentes,
799 807 870 832 nec
888 794 1054 832 lacessiti
1073 809 1140 846 per
1159 795 1306 845 aliquot
1320 796 1398 833 dies
1412 812 1424 842 5

305 859 362 896 ita
390 871 469 895 non
505 864 633 901 nocte,
670 871 749 894 non
786 858 847 895 die
883 872 1062 909 umquam
1099 865 1340 896 cessaverant
1375 859 1424 897 ab

305 936 434 974 opere,
456 929 498 959 ut
523 935 666 959 novum
694 935 845 960 murum
865 923 913 960 ab
933 937 977 961 ea
1006 930 1128 975 parte,
1149 937 1225 974 qua
1252 923 1423 975 patefac-

302 994 387 1024 tum
405 986 588 1038 oppidum
618 987 736 1023 ruinis
766 993 862 1031 erat,
883 987 1095 1025 reficerent.
1151 988 1247 1025 Inde
1273 987 1423 1039 obpug-

302 1053 410 1090 natio
430 1065 494 1089 eos
515 1051 712 1101 aliquanto
729 1053 910 1096 atrocior,
925 1065 1039 1102 quam
1059 1059 1162 1097 ante,
1182 1053 1317 1090 adorta
1336 1059 1417 1090 est:

300 1130 386 1162 nec,
401 1130 475 1167 qua
493 1117 657 1168 primum
673 1122 738 1153 aut
753 1117 995 1167 potissimum
1010 1124 1119 1169 parte
1133 1118 1278 1154 ferrent
1293 1130 1421 1169 opem,

303 1184 440 1232 (quum
476 1181 607 1217 onmia
642 1180 756 1216 variis
793 1180 1021 1218 clamoribus
1060 1182 1289 1232 streperent)
1329 1182 1421 1219 satis

298 1248 395 1283 scire
414 1250 606 1296 poterant.
664 1243 753 1296 Ipse
776 1244 990 1290 Hannibal,
1012 1258 1087 1296 qua
1110 1247 1224 1282 turris
1250 1245 1418 1291 mobilis,

297 1311 429 1347 omnia
460 1309 699 1346 munimenta
727 1308 831 1346 urbis
865 1322 1047 1361 superans
1077 1309 1294 1354 altitudine,
1327 1323 1417 1360 age-

295 1375 424 1419 batur,
451 1375 629 1412 hortator
664 1374 817 1411 aderat:
850 1387 933 1424 quae
964 1388 1082 1425 quum
1114 1375 1281 1419 admota,
1312 1381 1417 1412 cata-

296 1440 413 1492 pultis
450 1439 688 1488 ballistisque
723 1451 791 1489 per
827 1441 958 1476 onmia
996 1439 1170 1476 tabulata
1206 1440 1415 1491 dispositis,

294 1518 424 1543 muros
458 1504 719 1541 defensoribus
749 1504 954 1551 nudasset3
986 1511 1068 1541 tum
1104 1503 1317 1548 Hannibal,
1348 1517 1414 1542 oc-

295 1570 488 1606 casionem
513 1575 632 1611 ratus,
653 1568 884 1617 quingentos
912 1568 1031 1604 ferme
1049 1568 1165 1605 Afros
1192 1581 1279 1605 cum
1304 1567 1412 1606 dola-

293 1633 371 1670 bris
407 1633 453 1669 ad
485 1631 743 1668 subruendum
780 1631 827 1668 ab
865 1633 944 1668 imo
980 1645 1131 1668 murum
1166 1633 1309 1669 mittit:
1340 1645 1411 1671 nec

293 1705 376 1736 erat
394 1696 543 1735 difficile
572 1709 682 1747 opuS,
703 1697 805 1745 quod
834 1703 1018 1733 caementa
1045 1710 1125 1733 non
1154 1696 1257 1734 calce
1276 1697 1411 1734 durata

292 1769 416 1806 erant,
437 1762 503 1798 sed
528 1760 699 1797 interlita
726 1760 823 1804 luto,
843 1767 1043 1799 structurae
1073 1762 1239 1811 antiquae
1258 1774 1409 1811 genere.

292 1827 429 1875 Itaque
454 1826 581 1869 latius,
602 1838 715 1874 quam
741 1825 963 1870 caederetur,
983 1825 1141 1862 ruebat:
1174 1838 1316 1876 perque
1341 1839 1409 1877 pa-

290 1891 413 1928 tentia
432 1891 549 1927 ruinis
571 1891 724 1939 agmina
743 1896 978 1928 armatorum
998 1891 1037 1927 in
1058 1890 1190 1927 urbem
1206 1890 1408 1930 vadebant.

289 1955 439 1992 Locum
459 1967 609 2003 quoque
630 1955 773 1991 editum
793 1956 949 2005 capiunt
967 1970 975 1991 ε
1009 1954 1246 2005 conlatisque
1271 1967 1318 1992 eo
1344 1968 1407 1992 ca-

289 2019 446 2071 tapultis
466 2019 717 2068 ballistisque,
738 2025 781 2055 ut
800 2018 996 2055 castellum
1016 2020 1054 2056 in
1084 2020 1167 2069 ipsa
1185 2018 1278 2056 urbe
1302 2019 1406 2056 velut

288 2096 414 2122 arcem
442 2084 692 2121 inminentem
719 2084 919 2128 haberent,
939 2097 1049 2120 muro
1078 2083 1337 2120 circumdant:
1369 2090 1407 2121 et

286 2148 487 2198 Saguntini
507 2160 657 2184 murum
677 2148 895 2184 interiorem
915 2147 962 2184 ab
982 2147 1152 2184 nondum
1171 2153 1283 2198 capta
1301 2147 1405 2185 urbis

286 2220 393 2266 parte
413 2213 567 2250 ducunt.
630 2212 834 2262 Utrimque
861 2226 1007 2249 summa
1030 2213 1067 2248 vi
1087 2218 1125 2248 et
1153 2212 1343 2256 muniunt,
1365 2219 1404 2249 et

285 2284 483 2330 pugnant:
516 2277 594 2322 sed,
625 2277 808 2314 interiora
840 2278 998 2320 tuendo,
1033 2277 1221 2313 minorem
1252 2277 1292 2313 in
1321 2276 1399 2313 dies

285 2343 419 2380 urbem
438 2344 641 2392 Saguntini
660 2342 819 2380 faciunt.
877 2341 997 2379 Simul
1013 2342 1148 2379 crescit
1167 2342 1298 2393 inopia
1317 2354 1397 2379 om-
