<?xml version="1.0" encoding="UTF-8"?>
<!DOCTYPE html PUBLIC "-//W3C//DTD XHTML 1.0 Transitional//EN"
    "http://www.w3.org/TR/xhtml1/DTD/xhtml1-transitional.dtd">
<html xmlns="http://www.w3.org/1999/xhtml" xml:lang="en" lang="en">
 <head>
  <title>
</title>
<meta http-equiv="Content-Type" content="text/html;charset=utf-8" />
  <meta name='ocr-system' content='tesseract 3.04.00' />
  <meta name='ocr-capabilities' content='ocr_page ocr_carea ocr_par ocr_line ocrx_word'/>
</head>
<body>
  <div class='ocr_page' id='page_1' title='image "./historiarumquaes02livyuoft/historiarumquaes02livyuoft_0292.png"; bbox 0 0 1527 2661; ppageno 0'>
   <div class='ocr_carea' id='block_1_1' title="bbox 312 197 971 241">
    <p class='ocr_par' dir='ltr' id='par_1_1' title="bbox 312 197 971 241">
     <span class='ocr_line' id='line_1_1' title="bbox 312 197 971 241; baseline -0.003 0"><span class='ocrx_word' id='word_1_1' title='bbox 312 197 393 241; x_wconf 81' lang='lat'>282</span> <span class='ocrx_word' id='word_1_2' title='bbox 772 210 816 238; x_wconf 86' lang='lat' dir='ltr'>T.</span> <span class='ocrx_word' id='word_1_3' title='bbox 841 211 971 240; x_wconf 73' lang='lat' dir='ltr'>mvn</span> 
     </span>
    </p>
   </div>
   <div class='ocr_carea' id='block_1_2' title="bbox 115 298 1415 414">
    <p class='ocr_par' dir='ltr' id='par_1_2' title="bbox 115 298 1415 414">
     <span class='ocr_line' id='line_1_2' title="bbox 115 298 1415 349; baseline 0.006 -17"><span class='ocrx_word' id='word_1_4' title='bbox 115 308 155 339; x_wconf 72' lang='grc' dir='ltr'>υ,</span> <span class='ocrx_word' id='word_1_5' title='bbox 171 309 206 339; x_wconf 71' lang='grc' dir='ltr'>ο,</span> <span class='ocrx_word' id='word_1_6' title='bbox 224 299 456 348; x_wconf 79' lang='lat' dir='ltr'>535,utrique</span> <span class='ocrx_word' id='word_1_7' title='bbox 481 299 579 349; x_wconf 87' lang='lat' dir='ltr'>parti</span> <span class='ocrx_word' id='word_1_8' title='bbox 608 298 781 348; x_wconf 84' lang='lat' dir='ltr'>obliquus</span> <span class='ocrx_word' id='word_1_9' title='bbox 809 306 902 342; x_wconf 84' lang='lat' dir='ltr'>erat,</span> <span class='ocrx_word' id='word_1_10' title='bbox 928 299 1113 335; x_wconf 77' lang='lat' dir='ltr'>Romanis</span> <span class='ocrx_word' id='word_1_11' title='bbox 1139 302 1177 336; x_wconf 87' lang='lat' dir='ltr'>in</span> <span class='ocrx_word' id='word_1_12' title='bbox 1206 303 1415 346; x_wconf 61' lang='lat' dir='ltr'>meridiemy</span> 
     </span>
     <span class='ocr_line' id='line_1_3' title="bbox 115 353 1413 414; baseline 0.003 -14"><span class='ocrx_word' id='word_1_13' title='bbox 115 354 156 383; x_wconf 74' lang='lat' dir='ltr'>A·</span> <span class='ocrx_word' id='word_1_14' title='bbox 170 353 206 384; x_wconf 77' lang='lat' dir='ltr'>C‘</span> <span class='ocrx_word' id='word_1_15' title='bbox 222 358 435 400; x_wconf 74' lang='lat' dir='ltr'>216&#39;Poenis</span> <span class='ocrx_word' id='word_1_16' title='bbox 455 364 494 400; x_wconf 93' lang='lat' dir='ltr'>in</span> <span class='ocrx_word' id='word_1_17' title='bbox 514 364 809 414; x_wconf 82' lang='lat' dir='ltr'>septentrionem</span> <span class='ocrx_word' id='word_1_18' title='bbox 829 365 942 400; x_wconf 85' lang='lat' dir='ltr'>versis</span> <span class='ocrx_word' id='word_1_19' title='bbox 959 379 966 399; x_wconf 75' lang='grc' dir='ltr'><strong><em>ε</em></strong></span> <span class='ocrx_word' id='word_1_20' title='bbox 999 372 1145 408; x_wconf 81' lang='lat' dir='ltr'>ventus,</span> <span class='ocrx_word' id='word_1_21' title='bbox 1166 366 1413 414; x_wconf 85' lang='lat' dir='ltr'>(Vulturnum</span> 
     </span>
    </p>
   </div>
   <div class='ocr_carea' id='block_1_3' title="bbox 113 622 266 741">
    <p class='ocr_par' dir='ltr' id='par_1_3' title="bbox 113 622 266 741">
     <span class='ocr_line' id='line_1_4' title="bbox 113 622 266 654; baseline 0.007 -1"><span class='ocrx_word' id='word_1_22' title='bbox 113 622 266 654; x_wconf 77' lang='lat' dir='ltr'>Proelium</span> 
     </span>
     <span class='ocr_line' id='line_1_5' title="bbox 114 667 251 698; baseline 0.015 -2"><span class='ocrx_word' id='word_1_23' title='bbox 114 668 154 697; x_wconf 80' lang='lat' dir='ltr'>ad</span> <span class='ocrx_word' id='word_1_24' title='bbox 170 667 251 698; x_wconf 84' lang='lat' dir='ltr'>Can-</span> 
     </span>
     <span class='ocr_line' id='line_1_6' title="bbox 113 719 179 741; baseline 0.03 -2"><span class='ocrx_word' id='word_1_25' title='bbox 113 719 179 741; x_wconf 80' lang='lat' dir='ltr'>nas.</span> 
     </span>
    </p>
   </div>
   <div class='ocr_carea' id='block_1_4' title="bbox 303 428 1417 1058">
    <p class='ocr_par' dir='ltr' id='par_1_4' title="bbox 305 428 1414 592">
     <span class='ocr_line' id='line_1_7' title="bbox 305 428 1414 477; baseline 0.002 -13"><span class='ocrx_word' id='word_1_26' title='bbox 305 428 440 465; x_wconf 86' lang='lat' dir='ltr'>incolae</span> <span class='ocrx_word' id='word_1_27' title='bbox 465 429 629 477; x_wconf 82' lang='lat' dir='ltr'>regionis</span> <span class='ocrx_word' id='word_1_28' title='bbox 651 429 804 475; x_wconf 84' lang='lat' dir='ltr'>vocant)</span> <span class='ocrx_word' id='word_1_29' title='bbox 827 428 1000 464; x_wconf 86' lang='lat' dir='ltr'>adversus</span> <span class='ocrx_word' id='word_1_30' title='bbox 1029 428 1215 466; x_wconf 80' lang='lat' dir='ltr'>Romanis</span> <span class='ocrx_word' id='word_1_31' title='bbox 1244 437 1414 474; x_wconf 73' lang='lat' dir='ltr'>coortus,</span> 
     </span>
     <span class='ocr_line' id='line_1_8' title="bbox 305 491 1412 544; baseline 0.003 -16"><span class='ocrx_word' id='word_1_32' title='bbox 305 492 426 528; x_wconf 89' lang='lat' dir='ltr'>multo</span> <span class='ocrx_word' id='word_1_33' title='bbox 446 491 597 542; x_wconf 90' lang='lat' dir='ltr'>pulvere</span> <span class='ocrx_word' id='word_1_34' title='bbox 614 492 653 528; x_wconf 90' lang='lat' dir='ltr'>in</span> <span class='ocrx_word' id='word_1_35' title='bbox 672 493 752 542; x_wconf 82' lang='lat' dir='ltr'>ipsa</span> <span class='ocrx_word' id='word_1_36' title='bbox 773 505 838 527; x_wconf 84' lang='lat' dir='ltr'>ora</span> <span class='ocrx_word' id='word_1_37' title='bbox 860 492 1043 528; x_wconf 89' lang='lat' dir='ltr'>volvendo</span> <span class='ocrx_word' id='word_1_38' title='bbox 1062 501 1305 544; x_wconf 86' lang='lat' dir='ltr'>prospectum</span> <span class='ocrx_word' id='word_1_39' title='bbox 1325 495 1412 531; x_wconf 81' lang='lat' dir='ltr'>ade-</span> 
     </span>
     <span class='ocr_line' id='line_1_9' title="bbox 307 557 389 592; baseline -0.012 0"><span class='ocrx_word' id='word_1_40' title='bbox 307 557 389 592; x_wconf 87' lang='lat' dir='ltr'>mit.</span> 
     </span>
    </p>

    <p class='ocr_par' dir='ltr' id='par_1_5' title="bbox 303 618 1417 1058">
     <span class='ocr_line' id='line_1_10' title="bbox 359 618 1412 670; baseline 0.001 -14"><span class='ocrx_word' id='word_1_41' title='bbox 359 618 528 656; x_wconf 86' lang='lat' dir='ltr'>XLVII.</span> <span class='ocrx_word' id='word_1_42' title='bbox 559 618 733 655; x_wconf 87' lang='lat' dir='ltr'>Clamore</span> <span class='ocrx_word' id='word_1_43' title='bbox 753 619 916 663; x_wconf 77' lang='lat' dir='ltr'>sublato,</span> <span class='ocrx_word' id='word_1_44' title='bbox 937 633 1160 670; x_wconf 78' lang='lat' dir='ltr'>procursum</span> <span class='ocrx_word' id='word_1_45' title='bbox 1179 620 1226 657; x_wconf 86' lang='lat' dir='ltr'>ab</span> <span class='ocrx_word' id='word_1_46' title='bbox 1247 620 1412 664; x_wconf 83' lang='lat' dir='ltr'>auxiliis,</span> 
     </span>
     <span class='ocr_line' id='line_1_11' title="bbox 306 686 1417 737; baseline 0 -15"><span class='ocrx_word' id='word_1_47' title='bbox 306 692 345 723; x_wconf 89' lang='lat' dir='ltr'>et</span> <span class='ocrx_word' id='word_1_48' title='bbox 372 699 501 737; x_wconf 87' lang='lat' dir='ltr'>pugna</span> <span class='ocrx_word' id='word_1_49' title='bbox 525 686 667 723; x_wconf 87' lang='lat' dir='ltr'>levibus</span> <span class='ocrx_word' id='word_1_50' title='bbox 698 687 859 736; x_wconf 87' lang='lat' dir='ltr'>primum</span> <span class='ocrx_word' id='word_1_51' title='bbox 885 687 995 722; x_wconf 85' lang='lat' dir='ltr'>armis</span> <span class='ocrx_word' id='word_1_52' title='bbox 1025 687 1249 723; x_wconf 86' lang='lat' dir='ltr'>commissa:</span> <span class='ocrx_word' id='word_1_53' title='bbox 1282 687 1417 723; x_wconf 87' lang='lat' dir='ltr'>deinde</span> 
     </span>
     <span class='ocr_line' id='line_1_12' title="bbox 305 750 1415 801; baseline -0.001 -13"><span class='ocrx_word' id='word_1_54' title='bbox 305 752 476 801; x_wconf 88' lang='lat' dir='ltr'>equitum</span> <span class='ocrx_word' id='word_1_55' title='bbox 513 751 710 788; x_wconf 84' lang='lat' dir='ltr'>Gallorum</span> <span class='ocrx_word' id='word_1_56' title='bbox 750 751 1083 800; x_wconf 82' lang='lat' dir='ltr'>Hispanorumque</span> <span class='ocrx_word' id='word_1_57' title='bbox 1124 750 1258 787; x_wconf 88' lang='lat' dir='ltr'>laevum</span> <span class='ocrx_word' id='word_1_58' title='bbox 1296 763 1415 787; x_wconf 87' lang='lat' dir='ltr'>cornu</span> 
     </span>
     <span class='ocr_line' id='line_1_13' title="bbox 305 814 1416 863; baseline -0.001 -12"><span class='ocrx_word' id='word_1_59' title='bbox 305 828 393 852; x_wconf 89' lang='lat' dir='ltr'>cum</span> <span class='ocrx_word' id='word_1_60' title='bbox 429 816 562 852; x_wconf 83' lang='lat' dir='ltr'>dextro</span> <span class='ocrx_word' id='word_1_61' title='bbox 594 815 772 851; x_wconf 76' lang='lat' dir='ltr'>Romano</span> <span class='ocrx_word' id='word_1_62' title='bbox 805 815 1010 857; x_wconf 83' lang='lat' dir='ltr'>concurrit,</span> <span class='ocrx_word' id='word_1_63' title='bbox 1044 815 1199 850; x_wconf 88' lang='lat' dir='ltr'>minime</span> <span class='ocrx_word' id='word_1_64' title='bbox 1231 814 1416 863; x_wconf 86' lang='lat' dir='ltr'>equestris</span> 
     </span>
     <span class='ocr_line' id='line_1_14' title="bbox 304 879 1416 931; baseline -0.001 -15"><span class='ocrx_word' id='word_1_65' title='bbox 304 892 410 917; x_wconf 90' lang='lat' dir='ltr'>more</span> <span class='ocrx_word' id='word_1_66' title='bbox 429 894 584 931; x_wconf 70' lang='lat' dir='ltr'>pugnae:</span> <span class='ocrx_word' id='word_1_67' title='bbox 607 879 794 916; x_wconf 85' lang='lat' dir='ltr'>frontibus</span> <span class='ocrx_word' id='word_1_68' title='bbox 812 880 911 915; x_wconf 85' lang='lat' dir='ltr'>enim</span> <span class='ocrx_word' id='word_1_69' title='bbox 931 879 1093 917; x_wconf 87' lang='lat' dir='ltr'>adversis</span> <span class='ocrx_word' id='word_1_70' title='bbox 1115 879 1416 915; x_wconf 73' lang='lat' dir='ltr'>concurrendum</span> 
     </span>
     <span class='ocr_line' id='line_1_15' title="bbox 304 942 1417 994; baseline -0.002 -14"><span class='ocrx_word' id='word_1_71' title='bbox 304 951 399 988; x_wconf 87' lang='lat' dir='ltr'>erat,</span> <span class='ocrx_word' id='word_1_72' title='bbox 421 946 522 994; x_wconf 89' lang='lat' dir='ltr'>quia,</span> <span class='ocrx_word' id='word_1_73' title='bbox 548 943 652 981; x_wconf 88' lang='lat' dir='ltr'>nullo</span> <span class='ocrx_word' id='word_1_74' title='bbox 673 944 771 980; x_wconf 85' lang='lat' dir='ltr'>circa</span> <span class='ocrx_word' id='word_1_75' title='bbox 796 943 842 979; x_wconf 87' lang='lat' dir='ltr'>ad</span> <span class='ocrx_word' id='word_1_76' title='bbox 863 943 1097 992; x_wconf 82' lang='lat' dir='ltr'>evagandum</span> <span class='ocrx_word' id='word_1_77' title='bbox 1122 943 1255 979; x_wconf 83' lang='lat' dir='ltr'>relicto</span> <span class='ocrx_word' id='word_1_78' title='bbox 1275 942 1417 993; x_wconf 88' lang='lat' dir='ltr'>spatio,</span> 
     </span>
     <span class='ocr_line' id='line_1_16' title="bbox 303 1007 1416 1058; baseline -0.003 -13"><span class='ocrx_word' id='word_1_79' title='bbox 303 1007 394 1045; x_wconf 86' lang='lat' dir='ltr'>hinc</span> <span class='ocrx_word' id='word_1_80' title='bbox 414 1010 548 1049; x_wconf 86' lang='lat' dir='ltr'>amnis,</span> <span class='ocrx_word' id='word_1_81' title='bbox 570 1008 658 1043; x_wconf 88' lang='lat' dir='ltr'>hinc</span> <span class='ocrx_word' id='word_1_82' title='bbox 678 1008 845 1058; x_wconf 88' lang='lat' dir='ltr'>peditum</span> <span class='ocrx_word' id='word_1_83' title='bbox 872 1009 969 1044; x_wconf 83' lang='lat' dir='ltr'>acies</span> <span class='ocrx_word' id='word_1_84' title='bbox 991 1007 1217 1043; x_wconf 81' lang='lat' dir='ltr'>claudebant</span> <span class='ocrx_word' id='word_1_85' title='bbox 1236 1008 1273 1043; x_wconf 89' lang='lat' dir='ltr'>in</span> <span class='ocrx_word' id='word_1_86' title='bbox 1295 1007 1416 1043; x_wconf 88' lang='lat' dir='ltr'>direc-</span> 
     </span>
    </p>
   </div>
   <div class='ocr_carea' id='block_1_5' title="bbox 304 1072 1475 1128">
    <p class='ocr_par' dir='ltr' id='par_1_6' title="bbox 304 1072 1475 1128">
     <span class='ocr_line' id='line_1_17' title="bbox 304 1072 1475 1128; baseline -0.001 -19"><span class='ocrx_word' id='word_1_87' title='bbox 304 1078 388 1109; x_wconf 84' lang='lat' dir='ltr'>tum</span> <span class='ocrx_word' id='word_1_88' title='bbox 409 1073 596 1121; x_wconf 83' lang='lat' dir='ltr'>utrimque</span> <span class='ocrx_word' id='word_1_89' title='bbox 614 1072 791 1109; x_wconf 83' lang='lat' dir='ltr'>nitentes.</span> <span class='ocrx_word' id='word_1_90' title='bbox 849 1073 1044 1110; x_wconf 85' lang='lat' dir='ltr'>Stantibus</span> <span class='ocrx_word' id='word_1_91' title='bbox 1065 1087 1108 1110; x_wconf 83' lang='lat' dir='ltr'>ac</span> <span class='ocrx_word' id='word_1_92' title='bbox 1129 1074 1308 1110; x_wconf 87' lang='lat' dir='ltr'>confertis</span> <span class='ocrx_word' id='word_1_93' title='bbox 1329 1084 1418 1123; x_wconf 91' lang='lat' dir='ltr'>pos·</span> <span class='ocrx_word' id='word_1_94' title='bbox 1469 1122 1475 1128; x_wconf 24' lang='grc' dir='ltr'>Ο</span> 
     </span>
    </p>
   </div>
   <div class='ocr_carea' id='block_1_6' title="bbox 303 1135 1425 2401">
    <p class='ocr_par' dir='ltr' id='par_1_7' title="bbox 303 1135 1425 2401">
     <span class='ocr_line' id='line_1_18' title="bbox 303 1135 1420 1187; baseline 0.001 -15"><span class='ocrx_word' id='word_1_95' title='bbox 303 1142 427 1173; x_wconf 72' lang='lat' dir='ltr'>tremo</span> <span class='ocrx_word' id='word_1_96' title='bbox 454 1135 567 1172; x_wconf 86' lang='lat' dir='ltr'>turba</span> <span class='ocrx_word' id='word_1_97' title='bbox 595 1136 714 1186; x_wconf 88' lang='lat' dir='ltr'>equis,</span> <span class='ocrx_word' id='word_1_98' title='bbox 740 1137 796 1173; x_wconf 82' lang='lat' dir='ltr'>vir</span> <span class='ocrx_word' id='word_1_99' title='bbox 821 1138 942 1174; x_wconf 88' lang='lat' dir='ltr'>virum</span> <span class='ocrx_word' id='word_1_100' title='bbox 971 1137 1165 1187; x_wconf 84' lang='lat' dir='ltr'>amplexus</span> <span class='ocrx_word' id='word_1_101' title='bbox 1195 1136 1420 1174; x_wconf 83' lang='lat' dir='ltr'>detrahebat</span> 
     </span>
     <span class='ocr_line' id='line_1_19' title="bbox 305 1200 1422 1252; baseline 0.001 -15"><span class='ocrx_word' id='word_1_102' title='bbox 305 1213 425 1250; x_wconf 87' lang='lat' dir='ltr'>equo:</span> <span class='ocrx_word' id='word_1_103' title='bbox 458 1201 631 1251; x_wconf 86' lang='lat' dir='ltr'>pedestre</span> <span class='ocrx_word' id='word_1_104' title='bbox 659 1214 798 1250; x_wconf 84' lang='lat' dir='ltr'>magna</span> <span class='ocrx_word' id='word_1_105' title='bbox 817 1200 900 1252; x_wconf 87' lang='lat' dir='ltr'>jam</span> <span class='ocrx_word' id='word_1_106' title='bbox 927 1215 971 1238; x_wconf 87' lang='lat' dir='ltr'>ex</span> <span class='ocrx_word' id='word_1_107' title='bbox 992 1208 1099 1252; x_wconf 84' lang='lat' dir='ltr'>parte</span> <span class='ocrx_word' id='word_1_108' title='bbox 1125 1207 1316 1238; x_wconf 85' lang='lat' dir='ltr'>certamen</span> <span class='ocrx_word' id='word_1_109' title='bbox 1340 1201 1422 1238; x_wconf 60' lang='lat' dir='ltr'>fac»</span> 
     </span>
     <span class='ocr_line' id='line_1_20' title="bbox 305 1265 1418 1316; baseline 0.001 -15"><span class='ocrx_word' id='word_1_110' title='bbox 305 1270 387 1301; x_wconf 88' lang='lat' dir='ltr'>tum</span> <span class='ocrx_word' id='word_1_111' title='bbox 416 1271 522 1301; x_wconf 87' lang='lat' dir='ltr'>erat:</span> <span class='ocrx_word' id='word_1_112' title='bbox 563 1265 683 1302; x_wconf 86' lang='lat' dir='ltr'>acrius</span> <span class='ocrx_word' id='word_1_113' title='bbox 712 1272 855 1310; x_wconf 86' lang='lat' dir='ltr'>tamen,</span> <span class='ocrx_word' id='word_1_114' title='bbox 883 1278 995 1315; x_wconf 91' lang='lat' dir='ltr'>quam</span> <span class='ocrx_word' id='word_1_115' title='bbox 1023 1266 1178 1309; x_wconf 87' lang='lat' dir='ltr'>diutius,</span> <span class='ocrx_word' id='word_1_116' title='bbox 1207 1271 1418 1316; x_wconf 87' lang='lat' dir='ltr'>pugnatum</span> 
     </span>
     <span class='ocr_line' id='line_1_21' title="bbox 306 1328 1420 1379; baseline 0 -14"><span class='ocrx_word' id='word_1_117' title='bbox 306 1335 365 1365; x_wconf 84' lang='lat' dir='ltr'>est</span> <span class='ocrx_word' id='word_1_118' title='bbox 381 1346 391 1375; x_wconf 75' lang='lat'>5</span> <span class='ocrx_word' id='word_1_119' title='bbox 423 1328 596 1379; x_wconf 87' lang='lat' dir='ltr'>pulsique</span> <span class='ocrx_word' id='word_1_120' title='bbox 620 1329 788 1366; x_wconf 83' lang='lat' dir='ltr'>Romani</span> <span class='ocrx_word' id='word_1_121' title='bbox 817 1330 960 1379; x_wconf 89' lang='lat' dir='ltr'>equites</span> <span class='ocrx_word' id='word_1_122' title='bbox 988 1336 1096 1379; x_wconf 85' lang='lat' dir='ltr'>terga</span> <span class='ocrx_word' id='word_1_123' title='bbox 1120 1335 1284 1366; x_wconf 82' lang='lat' dir='ltr'>vertunt.</span> <span class='ocrx_word' id='word_1_124' title='bbox 1342 1328 1420 1366; x_wconf 89' lang='lat' dir='ltr'>Sub</span> 
     </span>
     <span class='ocr_line' id='line_1_22' title="bbox 305 1393 1413 1444; baseline 0 -15"><span class='ocrx_word' id='word_1_125' title='bbox 305 1395 490 1443; x_wconf 87' lang='lat' dir='ltr'>equestris</span> <span class='ocrx_word' id='word_1_126' title='bbox 505 1394 617 1430; x_wconf 87' lang='lat' dir='ltr'>finem</span> <span class='ocrx_word' id='word_1_127' title='bbox 632 1394 846 1431; x_wconf 84' lang='lat' dir='ltr'>certaminis</span> <span class='ocrx_word' id='word_1_128' title='bbox 863 1399 996 1430; x_wconf 82' lang='lat' dir='ltr'>coorta</span> <span class='ocrx_word' id='word_1_129' title='bbox 1011 1400 1067 1430; x_wconf 84' lang='lat' dir='ltr'>est</span> <span class='ocrx_word' id='word_1_130' title='bbox 1083 1393 1252 1444; x_wconf 86' lang='lat' dir='ltr'>peditum</span> <span class='ocrx_word' id='word_1_131' title='bbox 1266 1405 1413 1444; x_wconf 87' lang='lat' dir='ltr'>pugna:</span> 
     </span>
     <span class='ocr_line' id='line_1_23' title="bbox 304 1458 1419 1509; baseline -0.001 -14"><span class='ocrx_word' id='word_1_132' title='bbox 304 1459 429 1509; x_wconf 83' lang='lat' dir='ltr'>primo</span> <span class='ocrx_word' id='word_1_133' title='bbox 449 1465 486 1494; x_wconf 89' lang='lat' dir='ltr'>et</span> <span class='ocrx_word' id='word_1_134' title='bbox 505 1459 644 1495; x_wconf 88' lang='lat' dir='ltr'>viribus</span> <span class='ocrx_word' id='word_1_135' title='bbox 665 1465 703 1495; x_wconf 91' lang='lat' dir='ltr'>et</span> <span class='ocrx_word' id='word_1_136' title='bbox 728 1459 862 1495; x_wconf 87' lang='lat' dir='ltr'>animis</span> <span class='ocrx_word' id='word_1_137' title='bbox 882 1471 990 1509; x_wconf 82' lang='lat' dir='ltr'>pares</span> <span class='ocrx_word' id='word_1_138' title='bbox 1018 1458 1247 1494; x_wconf 74' lang='lat' dir='ltr'>constabant</span> <span class='ocrx_word' id='word_1_139' title='bbox 1269 1458 1419 1494; x_wconf 77' lang='lat' dir='ltr'>ordines</span> 
     </span>
     <span class='ocr_line' id='line_1_24' title="bbox 306 1522 1413 1574; baseline 0.001 -16"><span class='ocrx_word' id='word_1_140' title='bbox 306 1522 426 1560; x_wconf 85' lang='lat' dir='ltr'>Gallis</span> <span class='ocrx_word' id='word_1_141' title='bbox 446 1523 728 1574; x_wconf 89' lang='lat' dir='ltr'>Hispanisque:</span> <span class='ocrx_word' id='word_1_142' title='bbox 766 1524 921 1560; x_wconf 86' lang='lat' dir='ltr'>tandem</span> <span class='ocrx_word' id='word_1_143' title='bbox 946 1523 1127 1566; x_wconf 82' lang='lat' dir='ltr'>Romani,</span> <span class='ocrx_word' id='word_1_144' title='bbox 1148 1522 1212 1558; x_wconf 85' lang='lat' dir='ltr'>diu</span> <span class='ocrx_word' id='word_1_145' title='bbox 1241 1535 1284 1558; x_wconf 82' lang='lat' dir='ltr'>ac</span> <span class='ocrx_word' id='word_1_146' title='bbox 1314 1534 1413 1572; x_wconf 87' lang='lat' dir='ltr'>saepe</span> 
     </span>
     <span class='ocr_line' id='line_1_25' title="bbox 305 1587 1416 1638; baseline 0 -14"><span class='ocrx_word' id='word_1_147' title='bbox 305 1588 468 1632; x_wconf 80' lang='lat' dir='ltr'>connisi,</span> <span class='ocrx_word' id='word_1_148' title='bbox 491 1601 596 1637; x_wconf 81' lang='lat' dir='ltr'>aequa</span> <span class='ocrx_word' id='word_1_149' title='bbox 606 1588 732 1625; x_wconf 90' lang='lat' dir='ltr'>fronte</span> <span class='ocrx_word' id='word_1_150' title='bbox 753 1590 907 1638; x_wconf 87' lang='lat' dir='ltr'>acieque</span> <span class='ocrx_word' id='word_1_151' title='bbox 926 1588 1041 1624; x_wconf 84' lang='lat' dir='ltr'>densa</span> <span class='ocrx_word' id='word_1_152' title='bbox 1061 1587 1230 1638; x_wconf 89' lang='lat' dir='ltr'>inpulere</span> <span class='ocrx_word' id='word_1_153' title='bbox 1246 1587 1416 1624; x_wconf 86' lang='lat' dir='ltr'>hostium</span> 
     </span>
     <span class='ocr_line' id='line_1_26' title="bbox 306 1652 1418 1703; baseline -0.001 -15"><span class='ocrx_word' id='word_1_154' title='bbox 306 1665 469 1689; x_wconf 88' lang='lat' dir='ltr'>cuneum</span> <span class='ocrx_word' id='word_1_155' title='bbox 493 1654 604 1689; x_wconf 87' lang='lat' dir='ltr'>nimis</span> <span class='ocrx_word' id='word_1_156' title='bbox 624 1660 790 1696; x_wconf 85' lang='lat' dir='ltr'>tenuem,</span> <span class='ocrx_word' id='word_1_157' title='bbox 820 1666 938 1702; x_wconf 87' lang='lat' dir='ltr'>eoque</span> <span class='ocrx_word' id='word_1_158' title='bbox 957 1666 1090 1703; x_wconf 86' lang='lat' dir='ltr'>parum</span> <span class='ocrx_word' id='word_1_159' title='bbox 1110 1652 1288 1695; x_wconf 87' lang='lat' dir='ltr'>validum,</span> <span class='ocrx_word' id='word_1_160' title='bbox 1316 1665 1339 1688; x_wconf 83' lang='lat' dir='ltr'>a</span> <span class='ocrx_word' id='word_1_161' title='bbox 1358 1664 1418 1687; x_wconf 92' lang='lat' dir='ltr'>ce-</span> 
     </span>
     <span class='ocr_line' id='line_1_27' title="bbox 306 1715 1420 1766; baseline -0.001 -14"><span class='ocrx_word' id='word_1_162' title='bbox 306 1722 389 1752; x_wconf 87' lang='lat' dir='ltr'>tera</span> <span class='ocrx_word' id='word_1_163' title='bbox 414 1718 690 1766; x_wconf 88' lang='lat' dir='ltr'>prominentem</span> <span class='ocrx_word' id='word_1_164' title='bbox 721 1718 826 1754; x_wconf 86' lang='lat' dir='ltr'>acie:</span> <span class='ocrx_word' id='word_1_165' title='bbox 860 1716 1016 1766; x_wconf 86' lang='lat' dir='ltr'>inpulsis</span> <span class='ocrx_word' id='word_1_166' title='bbox 1047 1715 1180 1752; x_wconf 89' lang='lat' dir='ltr'>deinde</span> <span class='ocrx_word' id='word_1_167' title='bbox 1206 1728 1250 1751; x_wconf 91' lang='lat' dir='ltr'>ac</span> <span class='ocrx_word' id='word_1_168' title='bbox 1275 1715 1420 1766; x_wconf 83' lang='lat' dir='ltr'>trepide</span> 
     </span>
     <span class='ocr_line' id='line_1_28' title="bbox 307 1770 1425 1832; baseline -0.001 -15"><span class='ocrx_word' id='word_1_169' title='bbox 307 1781 556 1818; x_wconf 86' lang='lat' dir='ltr'>referentibus</span> <span class='ocrx_word' id='word_1_170' title='bbox 589 1783 722 1832; x_wconf 86' lang='lat' dir='ltr'>pedem</span> <span class='ocrx_word' id='word_1_171' title='bbox 758 1783 955 1818; x_wconf 80' lang='lat' dir='ltr'>insistere:</span> <span class='ocrx_word' id='word_1_172' title='bbox 1000 1794 1043 1817; x_wconf 89' lang='lat' dir='ltr'>ac</span> <span class='ocrx_word' id='word_1_173' title='bbox 1077 1787 1208 1816; x_wconf 89' lang='lat' dir='ltr'>tenore</span> <span class='ocrx_word' id='word_1_174' title='bbox 1246 1770 1326 1816; x_wconf 76' lang='lat' dir='ltr'>uno</span> <span class='ocrx_word' id='word_1_175' title='bbox 1354 1793 1425 1830; x_wconf 85' lang='lat' dir='ltr'>per</span> 
     </span>
     <span class='ocr_line' id='line_1_29' title="bbox 307 1845 1421 1897; baseline -0.001 -16"><span class='ocrx_word' id='word_1_176' title='bbox 307 1857 472 1897; x_wconf 83' lang='lat' dir='ltr'>praeceps</span> <span class='ocrx_word' id='word_1_177' title='bbox 502 1859 640 1896; x_wconf 92' lang='lat' dir='ltr'>pavore</span> <span class='ocrx_word' id='word_1_178' title='bbox 666 1847 893 1896; x_wconf 79' lang='lat' dir='ltr'>fugientium</span> <span class='ocrx_word' id='word_1_179' title='bbox 923 1858 1058 1894; x_wconf 83' lang='lat' dir='ltr'>agmen</span> <span class='ocrx_word' id='word_1_180' title='bbox 1088 1845 1127 1880; x_wconf 91' lang='lat' dir='ltr'>in</span> <span class='ocrx_word' id='word_1_181' title='bbox 1157 1845 1318 1881; x_wconf 90' lang='lat' dir='ltr'>mediam</span> <span class='ocrx_word' id='word_1_182' title='bbox 1344 1845 1421 1895; x_wconf 89' lang='lat' dir='ltr'>pri—</span> 
     </span>
     <span class='ocr_line' id='line_1_30' title="bbox 307 1909 1424 1961; baseline 0 -16"><span class='ocrx_word' id='word_1_183' title='bbox 307 1922 411 1946; x_wconf 89' lang='lat' dir='ltr'>mum</span> <span class='ocrx_word' id='word_1_184' title='bbox 443 1912 562 1948; x_wconf 87' lang='lat' dir='ltr'>aciem</span> <span class='ocrx_word' id='word_1_185' title='bbox 595 1911 716 1954; x_wconf 82' lang='lat' dir='ltr'>inlati,</span> <span class='ocrx_word' id='word_1_186' title='bbox 750 1917 957 1961; x_wconf 81' lang='lat' dir='ltr'>postremo,</span> <span class='ocrx_word' id='word_1_187' title='bbox 991 1910 1097 1946; x_wconf 88' lang='lat' dir='ltr'>nullo</span> <span class='ocrx_word' id='word_1_188' title='bbox 1130 1910 1341 1952; x_wconf 80' lang='lat' dir='ltr'>resistente,</span> <span class='ocrx_word' id='word_1_189' title='bbox 1375 1909 1424 1945; x_wconf 85' lang='lat' dir='ltr'>ad</span> 
     </span>
     <span class='ocr_line' id='line_1_31' title="bbox 307 1973 1421 2025; baseline 0 -16"><span class='ocrx_word' id='word_1_190' title='bbox 307 1973 474 2010; x_wconf 87' lang='lat' dir='ltr'>subsidia</span> <span class='ocrx_word' id='word_1_191' title='bbox 492 1975 670 2011; x_wconf 90' lang='lat' dir='ltr'>Afrorum</span> <span class='ocrx_word' id='word_1_192' title='bbox 691 1982 964 2025; x_wconf 78' lang='lat' dir='ltr'>pervenerunt3</span> <span class='ocrx_word' id='word_1_193' title='bbox 997 1975 1060 2023; x_wconf 88' lang='lat' dir='ltr'>qui</span> <span class='ocrx_word' id='word_1_194' title='bbox 1081 1974 1268 2022; x_wconf 84' lang='lat' dir='ltr'>utrimque</span> <span class='ocrx_word' id='word_1_195' title='bbox 1288 1974 1421 2009; x_wconf 82' lang='lat' dir='ltr'>reduc·</span> 
     </span>
     <span class='ocr_line' id='line_1_32' title="bbox 307 2037 1418 2086; baseline -0.001 -14"><span class='ocrx_word' id='word_1_196' title='bbox 307 2037 356 2073; x_wconf 85' lang='lat' dir='ltr'>tis</span> <span class='ocrx_word' id='word_1_197' title='bbox 386 2037 452 2073; x_wconf 87' lang='lat' dir='ltr'>alis</span> <span class='ocrx_word' id='word_1_198' title='bbox 482 2039 745 2080; x_wconf 79' lang='lat' dir='ltr'>constiterant,</span> <span class='ocrx_word' id='word_1_199' title='bbox 780 2038 915 2080; x_wconf 84' lang='lat' dir='ltr'>media,</span> <span class='ocrx_word' id='word_1_200' title='bbox 947 2051 1019 2086; x_wconf 84' lang='lat' dir='ltr'>qua</span> <span class='ocrx_word' id='word_1_201' title='bbox 1049 2037 1149 2073; x_wconf 83' lang='lat' dir='ltr'>Galli</span> <span class='ocrx_word' id='word_1_202' title='bbox 1179 2037 1418 2086; x_wconf 82' lang='lat' dir='ltr'>Hispanique</span> 
     </span>
     <span class='ocr_line' id='line_1_33' title="bbox 308 2100 1417 2151; baseline -0.002 -15"><span class='ocrx_word' id='word_1_203' title='bbox 308 2107 505 2144; x_wconf 86' lang='lat' dir='ltr'>steterant,</span> <span class='ocrx_word' id='word_1_204' title='bbox 533 2101 766 2150; x_wconf 85' lang='lat' dir='ltr'>aliquantum</span> <span class='ocrx_word' id='word_1_205' title='bbox 793 2102 1031 2151; x_wconf 86' lang='lat' dir='ltr'>prominente</span> <span class='ocrx_word' id='word_1_206' title='bbox 1051 2101 1156 2136; x_wconf 85' lang='lat' dir='ltr'>acie:</span> <span class='ocrx_word' id='word_1_207' title='bbox 1188 2100 1252 2148; x_wconf 89' lang='lat' dir='ltr'>qui</span> <span class='ocrx_word' id='word_1_208' title='bbox 1278 2112 1417 2135; x_wconf 86' lang='lat' dir='ltr'>cuneus</span> 
     </span>
     <span class='ocr_line' id='line_1_34' title="bbox 308 2164 1414 2215; baseline -0.002 -14"><span class='ocrx_word' id='word_1_209' title='bbox 308 2175 350 2201; x_wconf 83' lang='lat' dir='ltr'>ut</span> <span class='ocrx_word' id='word_1_210' title='bbox 373 2165 498 2215; x_wconf 88' lang='lat' dir='ltr'>pulsus</span> <span class='ocrx_word' id='word_1_211' title='bbox 526 2167 686 2215; x_wconf 69' lang='lat' dir='ltr'>aequavit</span> <span class='ocrx_word' id='word_1_212' title='bbox 706 2166 870 2202; x_wconf 84' lang='lat' dir='ltr'>frontem</span> <span class='ocrx_word' id='word_1_213' title='bbox 896 2166 1070 2215; x_wconf 86' lang='lat' dir='ltr'>primum,</span> <span class='ocrx_word' id='word_1_214' title='bbox 1093 2164 1225 2200; x_wconf 83' lang='lat' dir='ltr'>deinde</span> <span class='ocrx_word' id='word_1_215' title='bbox 1254 2164 1414 2200; x_wconf 85' lang='lat' dir='ltr'>nitendo</span> 
     </span>
     <span class='ocr_line' id='line_1_35' title="bbox 309 2228 1419 2278; baseline -0.002 -13"><span class='ocrx_word' id='word_1_216' title='bbox 309 2230 422 2265; x_wconf 84' lang='lat' dir='ltr'>etiam</span> <span class='ocrx_word' id='word_1_217' title='bbox 449 2230 571 2266; x_wconf 81' lang='lat' dir='ltr'>sinum</span> <span class='ocrx_word' id='word_1_218' title='bbox 598 2232 636 2266; x_wconf 89' lang='lat' dir='ltr'>in</span> <span class='ocrx_word' id='word_1_219' title='bbox 661 2231 784 2267; x_wconf 86' lang='lat' dir='ltr'>medio</span> <span class='ocrx_word' id='word_1_220' title='bbox 803 2230 918 2273; x_wconf 87' lang='lat' dir='ltr'>dedit,</span> <span class='ocrx_word' id='word_1_221' title='bbox 946 2230 1030 2266; x_wconf 91' lang='lat' dir='ltr'>Afri</span> <span class='ocrx_word' id='word_1_222' title='bbox 1052 2230 1150 2265; x_wconf 87' lang='lat' dir='ltr'>circa</span> <span class='ocrx_word' id='word_1_223' title='bbox 1167 2228 1249 2278; x_wconf 88' lang='lat' dir='ltr'>jam</span> <span class='ocrx_word' id='word_1_224' title='bbox 1276 2241 1419 2264; x_wconf 83' lang='lat' dir='ltr'>cornua</span> 
     </span>
     <span class='ocr_line' id='line_1_36' title="bbox 308 2292 1415 2344; baseline -0.003 -14"><span class='ocrx_word' id='word_1_225' title='bbox 308 2293 476 2330; x_wconf 82' lang='lat' dir='ltr'>fecerant</span> <span class='ocrx_word' id='word_1_226' title='bbox 492 2311 501 2340; x_wconf 79' lang='lat'>3</span> <span class='ocrx_word' id='word_1_227' title='bbox 526 2295 834 2344; x_wconf 85' lang='lat' dir='ltr'>inruentibusque</span> <span class='ocrx_word' id='word_1_228' title='bbox 857 2296 1007 2330; x_wconf 83' lang='lat' dir='ltr'>incaute</span> <span class='ocrx_word' id='word_1_229' title='bbox 1026 2295 1064 2330; x_wconf 91' lang='lat' dir='ltr'>in</span> <span class='ocrx_word' id='word_1_230' title='bbox 1085 2294 1247 2329; x_wconf 86' lang='lat' dir='ltr'>medium</span> <span class='ocrx_word' id='word_1_231' title='bbox 1270 2292 1415 2328; x_wconf 77' lang='lat' dir='ltr'>Roma-</span> 
     </span>
     <span class='ocr_line' id='line_1_37' title="bbox 310 2355 1420 2401; baseline 0.001 -7"><span class='ocrx_word' id='word_1_232' title='bbox 310 2358 382 2401; x_wconf 72' lang='lat' dir='ltr'>nis.</span> <span class='ocrx_word' id='word_1_233' title='bbox 414 2359 689 2397; x_wconf 84' lang='lat' dir='ltr'>circumdedere</span> <span class='ocrx_word' id='word_1_234' title='bbox 719 2358 823 2395; x_wconf 74' lang='lat' dir='ltr'>alas:</span> <span class='ocrx_word' id='word_1_235' title='bbox 863 2371 967 2400; x_wconf 82' lang='lat' dir='ltr'>mox,</span> <span class='ocrx_word' id='word_1_236' title='bbox 998 2370 1138 2395; x_wconf 87' lang='lat' dir='ltr'>cornua</span> <span class='ocrx_word' id='word_1_237' title='bbox 1169 2355 1420 2400; x_wconf 49' lang='lat' dir='ltr'>extendendo&gt;</span> 
     </span>
    </p>
   </div>
   <div class='ocr_carea' id='block_1_7' title="bbox 1517 52 1525 1814">
    <p class='ocr_par' dir='ltr' id='par_1_8' title="bbox 1517 52 1525 1814">
     <span class='ocr_line' id='line_1_38' title="bbox 1517 52 1525 1814; baseline 0 0"><span class='ocrx_word' id='word_1_238' title='bbox 1517 52 1525 1814; x_wconf 95' lang='lat' dir='ltr'> </span> 
     </span>
    </p>
   </div>
  </div>
 </body>
</html>
