1527 2661
362 155 514 199 cmm<
540 166 695 196 xxrsr.
730 165 820 194 CAP
847 166 952 195 ΧΠ.
1129 166 1211 209 323

102 261 202 298 ribus
240 261 413 309 imperat,
445 262 486 293 ut
512 269 597 293 eum
623 269 662 293 se
679 256 803 298 adire,
822 256 972 304 quotics
1009 254 1113 299 velit,
1146 268 1213 305 pa-

105 326 261 361 tiantur.

157 388 267 425 XVI.
298 387 384 423 Hac
411 385 589 421 comitate
608 383 782 420 Marcelli
802 383 938 420 ferocis
959 382 1110 433 juvenis
1135 384 1216 419 ani-

105 466 186 490 mus
207 452 301 489 adeo
322 458 379 488 est
404 449 586 492 mollitus,
607 455 649 485 ut
674 461 787 485 nemo
807 449 894 484 inde
921 449 1112 484 sociorum
1138 460 1217 484 rem

104 517 321 554 Romanam
346 517 482 553 fortius
510 528 552 551 ac
574 515 716 551 fidelius
737 514 893 564 juverit.
951 516 1078 554 Quum
1105 514 1215 551 Han-

103 582 207 618 nibal
227 582 273 618 ad
298 587 426 631 portas
447 586 558 622 esset,
584 579 743 627 (Nolam
763 580 864 615 enim
889 591 1018 615 rursus
1045 592 1067 615 a
1085 579 1216 617 Nuce-

104 646 160 681 ria
177 652 348 682 moverat
368 646 507 690 castra)
529 645 732 695 plebesque
751 644 906 681 Nolana
926 645 972 681 de
998 645 1149 694 integro
1169 645 1216 682 ad

106 710 357 746 defectionem
379 715 579 759 spectaret,
596 709 800 745 Marcellus
822 709 890 745 sub
904 709 1107 746 adventum
1126 710 1217 746 hos-

107 774 202 809 tium
228 774 329 809 intra
354 786 481 809 muros
509 786 547 809 se
574 774 738 823 recepit3
771 787 850 809 non
870 774 1000 809 castris
1030 780 1217 818 metuens,

107 837 171 874 sed
197 850 246 873 ne
271 838 473 887 prodendae
502 838 601 874 urbis
621 838 861 874 occasionem
889 838 1001 874 nimis
1029 837 1156 874 multis
1179 839 1218 875 in

108 915 191 939 eam
220 902 491 938 inminentibus
519 903 634 938 daret.
692 901 834 937 Instrui
859 901 994 938 deinde
1031 901 1220 951 utrimque

109 967 206 1003 acies
227 973 375 1017 coeptae,
396 966 659 1003 Romanorum
680 979 749 1016 pro
772 965 960 1002 moenibus
981 965 1107 1009 Nolae,
1129 966 1218 1003 Poe-

106 1043 243 1068 norum
263 1037 351 1068 ante
371 1038 493 1068 castra
512 1044 601 1067 sua:
634 1030 769 1080 proelia
787 1030 877 1067 hine
903 1043 1018 1080 parva
1036 1031 1136 1067 inter
1156 1044 1218 1067 ur-

106 1094 194 1131 bem
221 1101 430 1143 castraque,
458 1100 496 1130 et
515 1095 619 1130 vario
646 1100 782 1130 eventu
802 1094 966 1130 fiebant:
1000 1095 1088 1143 quia
1107 1094 1218 1131 duces

107 1170 177 1194 nec
202 1158 402 1208 prohibere
428 1171 567 1208 paucos
589 1164 729 1194 temere
758 1163 1022 1208 provocanteS,
1044 1171 1112 1194 nec
1133 1158 1220 1194 dare

109 1222 261 1270 signum
278 1222 458 1257 universae
475 1234 611 1271 pugnae
629 1221 818 1257 volebant.
876 1221 922 1257 In
938 1222 1010 1257 hac
1030 1222 1222 1259 cotidiana

110 1284 270 1321 duorum
301 1285 533 1321 exercituum
563 1285 727 1320 statione
760 1286 947 1334 principes
977 1285 1220 1322 Nolanorum

108 1348 292 1384 nunciant
320 1347 519 1391 Marcello,
542 1348 731 1384 Nocturna
757 1350 944 1397 conloquia
973 1351 1066 1385 inter
1082 1350 1221 1397 plebem

108 1425 152 1448 ac
171 1412 298 1448 Poenos
315 1413 426 1462 fieri3
454 1417 804 1461 statutumwewsse,
834 1418 887 1455 ut,
917 1426 1026 1461 quum
1053 1414 1222 1450 Romana

109 1478 201 1513 acies
217 1489 353 1524 egressa
368 1479 483 1525 portis
502 1479 582 1519 iret,
605 1479 847 1525 inpedimenta
861 1490 983 1514 eorum
1002 1491 1045 1514 ac
1060 1481 1222 1515 sarcinas

109 1541 318 1588 diriperent,
349 1541 555 1576 clauderent
583 1542 709 1577 deinde
732 1547 871 1589 portas,
902 1554 1088 1590 murosque
1117 1555 1219 1579 occu-

105 1610 249 1654 parent,
269 1610 323 1647 ut,
339 1610 499 1653 potentes
517 1618 637 1641 rerum
654 1619 801 1642 suarum
819 1611 926 1654 atque
945 1607 1051 1649 urbis,
1072 1607 1222 1643 Poenzcm

110 1670 193 1705 inde
206 1681 275 1717 pro
295 1669 459 1705 Romano
478 1672 688 1717 acciperent.
738 1670 833 1706 Haec
849 1670 911 1706 ubi
933 1671 1113 1706 nunciata
1133 1678 1221 1707 sunt

110 1731 310 1775 Marcello,
345 1733 579 1768 conlaudatis
615 1733 852 1770 senatoribus
885 1734 1062 1778 Nolanis,
1097 1736 1218 1784 prius-

111 1808 224 1844 quam
243 1795 375 1844 aliquis
396 1802 520 1831 motus
545 1797 645 1832 intus
667 1797 842 1840 oriretur,
864 1797 1055 1833 fortunam
1083 1811 1220 1848 pugna}

111 1859 271 1908 experiri
292 1859 435 1895 statuit.
475 1859 536 1895 Ad
555 1866 629 1895 tres
650 1866 778 1909 portas
799 1862 836 1896 in
859 1861 988 1896 hostes
1009 1874 1131 1897 versas
1152 1863 1219 1898 tri-

111 1923 252 1973 partito
287 1923 492 1958 exercitum
521 1924 723 1960 instruxit:
757 1925 1013 1974 inpedimenta
1043 1925 1220 1975 subsequi

103 1985 243 2036 jussit;
277 1986 426 2022 calones
454 1986 624 2036 lixasque
645 1993 682 2023 et
712 1988 896 2024 invalidos
923 1989 1059 2025 milites
1083 1989 1220 2026 vallum

108 2049 228 2086 ferre:
260 2051 383 2086 media
416 2057 528 2100 porta
559 2051 698 2088 robora
726 2052 919 2101 legionum
956 2062 993 2089 et
1020 2054 1218 2089 Romanos

109 2114 268 2163 equiteS,
289 2115 432 2151 duabus
454 2116 552 2151 cirea
576 2116 695 2165 portis
716 2129 835 2153 novos
865 2118 1002 2153 milites
1024 2118 1220 2167 levemque

111 2185 340 2214 armaturam
359 2192 402 2214 ac
422 2180 612 2214 sociorum
627 2180 771 2228 equites
789 2182 934 2217 statuit.
975 2181 1119 2217 Nolani
1138 2194 1219 2217 mu-

110 2252 170 2276 ros
190 2247 392 2290 portasque
413 2243 514 2278 adire
534 2243 663 2288 vetiti3
698 2243 936 2292 subsidiaque
957 2245 1144 2280 destinata
1162 2245 1219 2280 in—

68 2353 70 2355 ·
108 2303 330 2353 pedimentis
351 2305 451 2349 data,
474 2318 534 2349 ne,
556 2308 749 2355 occupatis
770 2308 906 2358 proelio
928 2308 1156 2357 legionibuS,
1180 2310 1216 2345 in

629 2369 700 2407 1³6

1227 257 1269 288 U.
1280 256 1317 287 C.
1337 261 1410 288 536.

1228 301 1267 330 A.
1281 298 1318 330 C.
1335 305 1410 331 ⁴216.

1231 524 1394 556 Hannibal

1228 569 1265 599 ad
1283 569 1416 600 Nolam.

1234 1740 1409 1790 Marcellus

1232 1790 1342 1814 vincit.
