1527 2661
103 275 192 306 U.C.
212 280 284 309 537-

103 318 192 350 A.C.
211 326 285 351 215.

102 529 266 569 Scipiones

102 574 186 602 trina
202 573 271 602 Poe-

101 625 222 646 nOsUssl

101 666 203 688 CaSU'S.
219 667 270 688 CR·

101 702 206 743 pium.

297 170 380 224 368
757 184 801 212 T.
826 184 957 213 mvn

297 281 368 305 nec
388 281 492 306 secus
514 282 626 319 quam
652 270 680 306 si
703 283 748 306 ex
769 270 952 320 opulento
973 270 1119 315 aerario,
1141 278 1182 308 ut
1203 272 1407 321 quondam,

299 332 500 370 alerentur.
557 334 686 372 Quum
714 334 755 369 hi
776 341 1007 370 commeatus
1028 342 1226 378 venerunt,
1248 335 1412 384 minu-gi

297 397 479 447 oppidum
505 397 551 433 ab
571 397 829 439 Hasdrubale,
851 410 894 433 ac
920 398 1105 447 Magone,
1127 407 1165 435 et
1190 399 1410 435 Hamilcare

297 460 524 497 Bomilcaris
555 460 649 503 filio,
680 461 728 497 ob
760 461 1012 498 defectionem
1042 463 1088 498 ad
1116 462 1316 499 Romanos
1345 463 1415 498 ob-

297 524 550 575 pugnabatur.
607 525 714 560 Inter
745 525 827 561 haec
856 527 957 561 trina
988 532 1111 563 castra
1138 528 1307 563 hostium
1333 526 1415 562 Sci-

297 591 445 640 piones,
466 602 581 638 quum
607 589 646 624 in
673 588 805 625 urbem
833 590 1024 625 sociorum
1050 603 1190 639 magno
1210 591 1415 626 certamine

299 667 342 690 ac
361 661 487 702 strage
507 653 774 689 obsistentium
794 655 1067 704 pervenissent,
1084 654 1331 697 frumentum,
1348 666 1415 690 cu-

290 717 356 768 jus
390 718 520 767 inopia
550 724 643 761 erat,
675 717 930 753 advexerunt:
963 717 1228 767 cohortatique
1257 717 1416 768 oppida-

292 794 382 825 -nos,
403 788 445 817 ut
465 781 597 817 eodem
620 782 748 818 animo
775 782 917 817 moenia
935 787 1164 825 tutarentur,
1186 794 1261 830 quo
1287 794 1356 831 pro
1376 794 1416 818 se

295 852 531 896 pugnantem
556 844 775 881 Romanum
805 845 1012 881 exercitum
1031 845 1224 889 vidissent,
1256 846 1301 882 ad
1333 858 1416 882 cas-

295 917 357 947 tra
375 911 542 946 maxima
560 909 830 959 obpugnanda,
849 910 984 959 quibus
1001 909 1221 946 Hasdrubal
1238 916 1416 960 praeerat,

297 975 451 1011 ducunt.
507 974 656 1011 Eodem
672 981 710 1010 et
729 974 804 1010 duo
821 974 949 1018 duces,
967 980 1005 1010 et
1020 974 1095 1011 duo
1111 974 1297 1011 exercitus
1314 973 1418 1011 Kar-

296 1032 609 1088 thaginiensium,
630 1039 685 1075 ibi
704 1052 782 1075 rem
804 1051 989 1075 summam
1008 1040 1070 1088 agi
1091 1045 1302 1083 cernentes,
1323 1051 1417 1076 con-

296 1110 495 1140 venerunt.
552 1103 688 1152 Itaque
706 1104 905 1153 eruptione
921 1116 941 1139 e
958 1104 1089 1140 castris
1105 1110 1318 1154 pugnatum
1333 1109 1414 1141 est:

292 1168 496 1215 sexaginta
524 1166 694 1203 hostium
724 1166 844 1203 millia
872 1179 918 1203 eo
940 1167 1000 1202 die
1029 1168 1070 1203 in
1099 1179 1230 1217 pugna
1248 1167 1417 1211 fuerunt,

294 1231 486 1269 sexdecim
505 1231 654 1267 circiter
672 1230 860 1268 Romanis
877 1246 884 1267 :
918 1238 1048 1267 tamen
1069 1231 1166 1267 adeo
1186 1231 1288 1267 haud
1303 1231 1420 1269 dubia

296 1296 457 1331 victoria
482 1294 569 1338 fuit,
600 1302 644 1331 ut
672 1295 796 1345 plures
830 1308 1006 1338 numero,
1038 1308 1152 1344 quam
1173 1295 1258 1345 'ipsi
1293 1300 1417 1339 erant,

291 1358 465 1395 Romani
491 1359 659 1395 hostium
685 1355 919 1395 deciderint:
952 1361 1124 1409 ceperint
1153 1359 1314 1410 amplius
1343 1359 1418 1394 tria

296 1423 418 1462 millia
435 1423 649 1466 hominum,
670 1423 798 1473 paullo
818 1424 941 1459 minus
962 1423 1065 1459 mille
1085 1435 1282 1472 equorum,
1301 1423 1419 1458 unde-

290 1488 500 1537 sexaginta
543 1487 722 1524 militaria
759 1488 882 1535 signa,
928 1487 1138 1537 elephantis
1176 1488 1342 1537 quinque
1378 1487 1419 1522 in

296 1553 437 1604 proelio
457 1553 616 1590 occisis:
649 1552 836 1600 trinisque
864 1553 997 1588 castris
1025 1564 1070 1588 eo
1090 1552 1151 1588 die
1176 1552 1290 1602 potiti
1317 1557 1420 1588 sunt.

301 1617 469 1666 Illiturgi
484 1617 683 1653 obsidione
701 1615 880 1659 liberato,
895 1616 941 1652 ad
958 1615 1105 1652 Intibili
1121 1615 1421 1666 obpugnandum

301 1681 439 1719 Punici
470 1681 658 1718 exercitus
689 1680 869 1723 traducti,
904 1680 1086 1730 suppletis
1106 1681 1225 1730 copiis
1257 1692 1303 1716 ex
1332 1691 1421 1730 pro·

301 1741 454 1788 vincia,'
475 1753 517 1781 ut
537 1758 620 1794 quae
648 1745 813 1780 maxime
834 1745 1004 1780 omnium
1033 1743 1123 1780 belli
1152 1743 1275 1786 avida,
1305 1743 1420 1779 modo

302 1810 431 1860 praeda
450 1816 515 1846 aut
530 1821 671 1845 merces
689 1815 801 1851 esset,
820 1814 858 1844 et
873 1815 954 1843 tum
967 1807 1170 1858 juventute
1190 1807 1421 1844 abundante.

302 1873 448 1911 Iterum
468 1874 585 1922 signis
602 1872 778 1914 conlatis,
797 1872 927 1909 eadem
947 1872 1101 1907 fortuna
1121 1872 1317 1920 utriusque
1335 1883 1422 1920 par-

303 1938 351 1973 tis
372 1944 606 1987 pugnatum:
639 1949 752 1984 supra
776 1936 957 1971 tredecim
977 1935 1095 1971 millia
1120 1936 1289 1971 hostium
1310 1947 1420 1976 caesa,

303 2015 418 2052 supra
436 2002 510 2037 duo
531 2006 654 2050 capta,
677 2012 761 2035 cun]
789 2000 906 2047 signis
927 1999 1073 2035 duobus
1102 2005 1139 2034 et
1158 1998 1420 2047 quadraginta,

304 2073 345 2102 et
362 2077 499 2101 novem
525 2063 747 2112 elephantis,
804 2062 903 2098 Tum
923 2075 1011 2098 vero
1033 2074 1162 2097 omues
1190 2073 1306 2111 prope
1327 2060 1421 2095 His-

304 2130 429 2181 paniae
464 2125 596 2179 populi
631 2127 679 2163 ad
714 2126 912 2162 Romanos
949 2126 1190 2162 defecerunt:
1227 2123 1422 2172 multoque

307 2193 469 2244 majores
490 2206 535 2229 ea
559 2197 689 2228 aestate
716 2191 756 2228 in
783 2190 987 2241 Hispania,
1009 2202 1121 2240 quam
1149 2189 1185 2224 in
1214 2187 1341 2230 Italia,
1364 2200 1420 2224 res

309 2267 441 2309 gestae.
