1507 2630
372 205 529 235 LIBER
553 205 622 234 1x.
655 203 762 233 CAP.
787 203 845 232 11.
1131 199 1161 246 5

50 292 156 332 (linas
175 294 337 332 brevior.
382 294 456 331 Sed
483 295 537 330 ita
564 300 675 330 natus
695 292 799 329 locus
831 297 910 327 est:
944 289 1061 327 saltus
1082 290 1157 327 duo
1174 290 1263 321 U·C-
1281 294 1356 320 ⁴3³·

50 359 117 396 alti
143 360 294 408 angusti
324 359 527 408 silvosique
555 364 656 400 sunt,
678 356 871 392 montibus
893 356 992 391 circa
1022 368 1156 405 perpe·
1173 336 1213 365 A·
1229 333 1266 364 C'
1283 338 1356 364 ‘³¹⁹'

50 424 124 460 tuis
154 424 253 460 inter
281 436 320 459 se
349 422 500 473 juncti:
526 421 633 472 jacet
668 422 768 457 inter
797 431 860 456 eos
899 420 990 456 satis
1027 426 1161 470 patens

50 487 197 524 clausus
218 488 256 523 in
277 487 401 524 medio
421 498 588 536 campus,
610 484 788 521 herbidus
818 495 1072 532 aquosusque,
1094 496 1165 533 per*

51 564 162 601 quem
182 552 344 588 medium
374 552 446 586 iter
475 556 544 586 est.
587 549 660 585 Sed
690 555 792 591 ante,
814 560 926 596 quam
955 548 1084 584 venias
1115 548 1164 584 ad

51 628 151 658 eum,
172 614 357 651 intrandae
378 614 507 664 primae
528 614 713 661 angustiae
734 618 844 648 sunt:
878 617 915 648 et
935 619 1000 647 aut
1020 611 1165 656 eadem,

51 691 126 728 qua
144 684 182 714 te
202 678 465 720 insinuaveris,
486 683 589 712 retro
608 677 669 712 via
688 675 916 725 repetenda3
950 683 1029 719 aut,
1051 677 1079 712 si
1111 678 1167 713 ire

50 756 165 794 porro
185 755 333 793 pergas,
354 754 420 791 per
449 741 565 778 alium
585 741 722 778 saltum
753 741 932 777 artiorem
960 741 1169 790 inpeditio-

51 820 204 856 remque
233 807 479 843 evadendum.
536 806 582 842 In
612 818 698 842 eum
718 818 893 855 campum
921 806 982 840 via
1001 804 1075 841 alia
1103 818 1171 856 per

56 885 185 908 cavam
215 884 359 921 rupem,
389 871 572 914 Romani,
593 871 757 906 demisso
791 870 956 919 agmine,
980 883 1095 919 quum
1122 871 1171 907 ad

55 935 147 972 alias
177 937 370 984 angustias
404 936 578 986 protinus
616 941 833 984 pergerent,
863 941 989 984 septas
1020 934 1171 984 dejectu

55 998 248 1043 arborum,
270 1012 523 1048 saxorumque
543 1000 756 1047 ingentium
773 998 1015 1048 objacentem
1031 998 1171 1035 molem

55 1064 256 1100 invenere:
290 1077 405 1114 quum
433 1064 536 1101 fraus
573 1063 723 1100 hostilis
758 1064 1008 1113 adparuisset,
1040 1065 1170 1114 praesi-
1185 1053 1296 1129 ξίἓὲἰε
1311 1093 1375 1126 1οώ

57 1127 160 1164 dium
181 1129 293 1164 etiam
315 1130 353 1165 in
373 1142 522 1165 summo
542 1129 641 1165 saltu
662 1129 907 1179 conspicitur.
949 1129 1068 1165 Citati
1088 1129 1174 1166 inde
1189 1109 1343 1173 gomani.

57 1198 175 1235 1·etr0‚
204 1206 279 1242 qua
307 1201 504 1236 venerant,
535 1200 699 1243 pergunt
736 1200 907 1238 repetet-e
935 1195 1058 1226 vinmt
1092 1207 1177 1229 eam

57 1265 208 1303 quoque
229 1251 394 1286 clausam
425 1263 493 1285 sua
516 1257 626 1286 obice
655 1253 843 1300 armisque
873 1254 1093 1290 inveniunt:
1127 1256 1179 1291 si-

58 1323 166 1354 stunt
193 1316 281 1352 inde
311 1315 471 1364 gradum
501 1316 581 1351 sine
612 1315 722 1351 ullius
752 1317 936 1366 imperio:
971 1323 1180 1367 stuporque

60 1383 232 1419 omnium
260 1381 424 1423 animos,
456 1393 499 1416 ac
528 1380 632 1416 velut
659 1387 793 1431 torpor
822 1383 974 1431 quidam
1004 1383 1182 1420 insolitus

58 1446 230 1484 membra
249 1452 376 1482 tenet:
410 1446 680 1494 intuentesque
705 1446 768 1482 alii
799 1446 893 1482 alios
923 1448 1056 1495 (quum
1086 1448 1181 1484 alte-

59 1523 144 1547 rum
165 1511 322 1559 quisque
341 1518 556 1559 compotem
578 1511 698 1558 magis
719 1510 856 1545 mentis
878 1522 921 1545 ac
942 1511 1092 1547 consilii
1112 1512 1181 1548 du—

63 1576 209 1618 cerent)
234 1574 296 1610 diu
325 1574 525 1610 inmobiles
556 1573 681 1610 silent.
728 1573 880 1610 Deinde
910 1574 973 1611 ubi
1004 1577 1183 1625 praetoria

62 1640 262 1679 consulum
293 1641 385 1689 erigi
418 1641 556 1683 videre,
587 1648 625 1676 et
654 1641 830 1689 expedire
860 1641 1044 1689 quosdam
1074 1641 1184 1679 utilia

63 1706 184 1755 operi,
205 1717 433 1753 quamquam
465 1703 629 1740 ludibrio
658 1704 740 1740 fore
769 1705 998 1747 munientes,
1026 1705 1183 1754 perditis

64 1768 176 1805 rebus
206 1781 250 1803 ac
277 1780 343 1817 spe
373 1768 478 1803 omni
508 1767 673 1810 ademta,
701 1768 932 1814 cernebant5
966 1775 1109 1812 tamen,
1135 1782 1185 1805 ne

65 1830 214 1881 culpam
234 1830 342 1866 malis
363 1831 556 1874 adderent,
577 1844 646 1881 pro
667 1844 706 1867 se
723 1833 893 1881 quisque,
915 1845 984 1868 nec
1003 1833 1184 1870 hortante

65 1894 144 1930 ullo
178 1906 247 1930 nec
281 1894 505 1943 imperante,
544 1896 591 1931 ad
627 1897 872 1933 muniendum
909 1898 1021 1941 versi,
1060 1903 1186 1933 castra

65 1963 221 2007 propter
258 1970 394 2006 aquam
431 1958 530 1994 vallo
564 1960 822 2006 circumdant5
856 1972 923 1996 sua
960 1962 1031 2010 ipsi
1069 1974 1188 2012 opera

65 2019 310 2069 laboremque
347 2022 495 2057 irritum
527 2024 796 2072 (praeterquam
824 2024 926 2072 quod
963 2025 1092 2060 hostes
1123 2037 1185 2060 su-

65 2083 181 2134 perbe
210 2084 474 2134 increpabant)
498 2098 583 2122 cum
612 2087 817 2123 miserabili
839 2087 1079 2123 confessione
1106 2087 1186 2124 elu-

65 2147 207 2184 dentes.
253 2148 314 2184 Ad
334 2148 506 2184 consules
526 2156 698 2192 moestos,
720 2163 767 2186 ne
787 2151 1015 2187 advocantes
1037 2152 1188 2200 quidem

69 2210 107 2246 in
128 2210 347 2255 (consilium,
372 2214 542 2261 (quando
571 2226 641 2250 nec
671 2215 834 2251 consilio
854 2227 925 2252 nec
955 2215 1098 2252 auxilio
1128 2216 1187 2251 lo-

71 2287 135 2310 cus
155 2277 269 2321 esset)
291 2289 359 2313 sua
388 2286 525 2327 sponte
553 2278 670 2326 legati
691 2293 734 2315 ac
763 2279 907 2316 tribuni
929 2281 1185 2316 conveniunt:

71 2337 282 2389 militesque
319 2342 366 2378 ad
402 2343 623 2392 praetorium
659 2345 771 2386 versi,
810 2357 936 2394 opem,
975 2357 1089 2394 quam
1127 2345 1188 2381 vix

595 2406 669 2443 B3
