1527 2661
291 162 376 204 520
753 163 797 192 T.
823 163 954 193 mvn

99 255 192 286 U-C.
210 253 382 289 541.inde
411 254 526 290 misso
555 255 745 299 convivio,
766 255 906 292 dextris
932 257 1032 292 inter
1058 267 1096 291 sc
1123 256 1233 299 datis,
1255 255 1407 293 ultimo-

97 299 190 330 A‘C‘
209 307 369 368 211‘que
400 317 614 367 complexu,
642 318 956 354 conlacrimantes
986 331 1094 354 snum
1121 320 1327 369 patriaeque
1346 333 1407 356 ca-

293 396 390 426 sum,
411 383 488 425 alii,
512 389 552 418 ut
581 383 712 419 eodem
743 395 838 430 rogo
868 389 1138 425 cremarentur,
1163 390 1405 429 1nanserunt5

293 448 355 484 alii
376 448 508 484 domos
530 447 686 495 digressi
713 453 812 483 sunt.
870 446 1030 497 Inpletae
1050 447 1143 483 cibis
1163 448 1328 496 vinoque
1346 461 1408 484 ve-

292 525 350 548 nae
372 513 495 548 minus
516 511 706 548 efficacem
732 512 771 547 in
794 512 1019 547 maturanda
1038 518 1160 547 morte
1179 512 1253 547 vim
1273 513 1409 548 veneni

293 576 488 612 fecerunt:
522 575 650 624 itaque
679 582 832 611 noctem
860 581 983 611 totam
1008 575 1177 625 plerique
1205 588 1350 618 eorum,
1371 582 1410 612 et

294 640 367 676 diei
387 640 620 688 insequentis
641 646 787 689 partem
803 652 917 689 quum
938 640 1102 675 animam
1118 640 1303 688 egissent3
1327 652 1410 676 om-

294 716 360 739 nes
391 710 533 746 tamen,
560 704 778 753 priusquam
808 703 1043 752 aperirentur
1070 703 1244 738 hostibus
1274 709 1408 753 portae,

292 768 545 817 exspirarunt.
602 767 764 803 Postero
784 767 843 803 die
863 773 974 817 porta
992 767 1114 810 Jovis,
1131 780 1213 816 quae
1234 768 1408 803 adversus

292 840 416 868 castra
441 831 620 867 Romana
647 838 740 874 erat,
765 830 875 880 jussu
902 830 1138 880 proconsulis
1165 838 1296 880 aperta
1323 838 1406 869 est:

291 911 335 934 ea
356 898 575 933 intromissa
602 896 703 945 legio
729 908 805 931 una
831 901 868 931 et
894 895 976 931 duae
1004 894 1086 938 alae,
1108 908 1193 931 cnm
1213 896 1257 932 C.
1273 896 1408 933 Fulvio

289 962 429 1011 legato.
488 961 538 1004 Is,
572 974 687 1010 quum
716 960 887 996 omnium
918 960 1081 1009 primum
1111 973 1215 995 arma
1243 960 1407 1009 telaque,

89 1029 236 1079 §apuam
290 1040 373 1075 quae
395 1027 534 1075 Capuae
556 1031 677 1067 erant,
698 1025 743 1061 ad
763 1038 802 1061 se
822 1024 1051 1061 conferenda
1077 1032 1257 1068 curasset,
1279 1033 1407 1063 custo-

89 1075 356 1148 ffiffrfet‘gffi‘gjdiis
388 1090 433 1125 ad
464 1101 594 1125 omnes
622 1096 750 1138 portas
781 1088 988 1137 dispositis,
1019 1101 1066 1123 ne
1096 1089 1177 1137 quis
1213 1090 1314 1125 exire
1341 1096 1409 1126 aut

90 1161 134 1190 ni.
288 1154 410 1189 emitti
430 1159 571 1203 posset,
590 1152 804 1201 praesidium
825 1152 1010 1187 Punicum
1030 1153 1330 1201 comprehendit,
1348 1167 1407 1190 se-

289 1224 422 1254 natum
442 1218 679 1266 Campanum
704 1217 759 1252 ire
787 1217 824 1251 in
851 1223 974 1252 castra
994 1216 1038 1251 ad
1058 1216 1303 1266 imperatores
1323 1218 1406 1255 Ro-

289 1294 421 1318 manos
449 1280 566 1331 jussit
584 1296 590 1315 :
632 1293 708 1330 quo
741 1293 857 1329 quum
886 1281 1089 1322 venissent,
1124 1281 1315 1332 extemplo
1347 1283 1406 1319 his

289 1346 465 1383 omnibus
496 1354 639 1382 catenae
668 1344 832 1394 injectae‚
857 1344 1030 1395 jussique
1050 1345 1097 1381 ad
1116 1353 1321 1395 quaestores
1341 1347 1405 1383 de-

288 1411 400 1453 ferre,
429 1411 529 1459 quod
559 1410 639 1446 auri
669 1410 890 1458 argentique
919 1409 1129 1446 haberent:
1166 1411 1245 1446 auri
1275 1412 1405 1460 pondo

287 1475 531 1525 septuaginta
559 1474 646 1516 fuit,
678 1474 826 1523 argenti
855 1475 929 1510 tria
959 1474 1077 1510 millia
1105 1475 1235 1524 pondo
1267 1482 1305 1511 et
1335 1476 1403 1513 du-

287 1545 420 1575 centa:
454 1545 646 1574 senatores
673 1539 838 1587 quinque
865 1545 902 1574 et
929 1539 1064 1587 viginti
1084 1539 1193 1575 Cales
1214 1540 1253 1575 in
1274 1547 1401 1577 custo-

286 1603 400 1645 diam,
422 1603 707 1651 duodetriginta
725 1602 898 1638 Teanum
917 1603 1044 1638 missi:
1074 1616 1235 1651 quorum
1252 1604 1296 1640 de
1317 1617 1400 1641 sen-

286 1668 407 1704 tentia
426 1668 589 1703 maxime
609 1667 794 1702 descitum
814 1667 861 1703 ab
881 1667 1067 1703 Romanis
1089 1668 1302 1705 constabat.

339 1731 429 1767 XV.
454 1730 516 1767 De
535 1731 721 1782 supplicio
739 1731 923 1782 Campani
939 1738 1090 1768 senatus
1111 1732 1402 1782 haudquaquam

287 1795 384 1831 inter
417 1795 592 1831 Fulvium
626 1794 902 1844 Claudiumque
936 1795 1198 1832 conveniebat.
1264 1796 1401 1834 Facilis

284 1859 517 1909 inpetrandae
538 1860 655 1895 veniae
681 1859 875 1903 Claudius,
896 1859 1031 1896 Fulvio
1059 1860 1403 1899 durior-sententia

285 1931 377 1959 erat.
434 1923 571 1971 Itaque
589 1923 735 1973 Appius
756 1923 922 1960 Romam
941 1924 988 1960 ad
1009 1930 1181 1960 senatum
1201 1925 1399 1963 arbitrium

285 1988 365 2038 ejus
398 1989 452 2024 rei
485 1994 607 2024 totum
638 1987 859 2038 rejiciebat:
903 1989 1175 2038 percunctandi
1206 1991 1321 2027 etiam
1350 2006 1399 2028 ae-

285 2064 400 2100 quum
421 2063 501 2088 esse
519 2058 748 2101 potestatem
770 2053 849 2088 fieri
869 2053 1059 2095 Patribus,
1076 2066 1166 2089 num
1187 2057 1397 2091 communi-

285 2122 434 2151 cassent
460 2115 619 2152 consilia
646 2129 730 2152 cum
758 2116 944 2166 aliquibus
968 2119 1158 2154 sociorum
1176 2118 1307 2155 Latini
1327 2132 1397 2156 no-

284 2180 396 2216 minis
416 2180 707 2230 municipiorum
724 2195 731 2216 :
764 2187 802 2217 et
820 2194 910 2217 num
927 2194 999 2231 ope
1016 2194 1146 2218 eorum
1164 2183 1204 2218 in
1222 2182 1323 2219 bello
1337 2183 1398 2220 fo-

283 2251 371 2279 rent
383 2250 421 2280 et
436 2244 729 2295 municipiorum
744 2244 801 2296 adj
809 2246 874 2282 uti.
913 2247 960 2282 Id
977 2259 1060 2283 vero
1076 2248 1219 2283 minime
1233 2251 1396 2285 commit-

283 2309 429 2345 tendum
447 2320 531 2353 esse,
551 2307 704 2346 Fulvius
724 2309 861 2355 dicere,
878 2315 919 2347 ut
936 2312 1218 2349 sollicitarentur
1237 2314 1396 2349 crimini-
