1527 2661
119 850 161 880 U.
177 850 212 880 C.
228 854 299 881 536.

120 894 208 924 A.C.
226 898 299 924 216.

425 400 487 451 T.
544 400 784 452 LIVII
840 400 1284 453 PATAVINI

653 549 687 586 L
703 549 720 585 I
734 550 767 585 B
780 549 862 587 ER
903 550 1061 589 XXIII.

716 711 996 736 ,ψ

313 835 661 916 HANNIBAL,
694 841 782 885 post
809 835 1044 872 Cannensem
1074 849 1251 887 pugnam,
1283 843 1405 873 castra

432 908 541 951 capta
559 914 601 937 ac
621 901 778 949 direpta,
800 901 998 937 confestim
1019 914 1064 937 ex
1083 901 1221 952 Apulia
1240 903 1278 937 in
1298 902 1404 938 Sam-

121 944 283 974 Hannibal
342 970 348 975 .

120 989 153 1018 in
170 988 261 1018 Sam-

120 1031 213 1062 nium
232 1041 300 1062 mo·

122 1081 183 1104 vet.

121 1675 208 1704 'sum
226 1674 258 1702 in

123 1718 260 1756 Campa-

121 1768 220 1790 mam.

313 981 415 1004 mum
436 972 624 1003 moverat:
659 966 800 1001 adcitus
827 967 865 1001 in
888 965 1069 1016 Hirpinos
1098 980 1119 1002 a
1139 967 1274 1009 Statio,
1295 966 1404 1016 polli-

313 1038 421 1068 cente
457 1045 494 1067 se
529 1032 730 1080 Compsam
761 1030 995 1066 traditurum.
1056 1031 1289 1081 Compsanus
1327 1037 1407 1067 erat

312 1096 470 1133 Trebius
488 1094 623 1131 nobilis
644 1095 741 1130 inter
760 1107 845 1130 suos
861 1109 868 1130 ε
901 1095 964 1130 sed
984 1095 1174 1144 premebat
1190 1108 1274 1131 eum
1291 1092 1406 1145 Mop-

312 1162 452 1197 siorum
471 1160 600 1202 factio,
621 1158 770 1195 familiae
799 1172 864 1208 per
883 1160 1042 1207 gratiam
1058 1159 1318 1196 Romanorum
1338 1173 1406 1210 po-

310 1226 437 1262 tentis.
494 1225 586 1262 Post
614 1224 752 1260 famam
782 1224 988 1259 Cannensis
1019 1237 1167 1274 pugnae,
1197 1224 1407 1273 vulgatum-

310 1302 381 1338 que
400 1289 432 1325 T
435 1289 528 1325 rebii
555 1288 787 1324 sermonibus
814 1288 1013 1324 adventum
1032 1288 1272 1331 Hannibalis,
1293 1301 1407 1337 quum

309 1354 501 1404 Mopsiani
519 1353 646 1389 urbem
663 1353 928 1397 excessissent3
960 1354 1038 1389 sine
1054 1354 1256 1390 certamine
1273 1354 1409 1390 tradita

311 1418 397 1454 urbs
417 1418 552 1459 Poeno,
573 1417 857 1466 praesidiumque
873 1425 1065 1466 acceptum
1081 1425 1148 1455 est.
1205 1418 1264 1454 Ibi
1284 1418 1408 1468 praeda

309 1483 413 1518 omni
438 1488 549 1530 atque
579 1481 841 1529 inpedimentis
871 1481 1024 1524 relictis,
1056 1482 1220 1518 exercitu
1249 1483 1403 1531 partito,

308 1545 515 1594 Magonem
547 1545 711 1592 regionis
745 1543 823 1593 ejus
861 1545 985 1588 urbes,
1020 1552 1083 1582 ant
1112 1546 1324 1581 deficientes
1357 1546 1403 1582 ab

309 1608 493 1645 Romanis
523 1609 704 1657 accipere,
736 1614 799 1643 aut
820 1608 1069 1645 detractantes
1101 1622 1235 1659 cogere
1264 1610 1311 1646 ad
1340 1610 1404 1646 de-

309 1674 513 1710 fectionem
531 1672 664 1722 jubet:
698 1673 775 1722 ipse
801 1685 866 1722 per
895 1686 1022 1722 agrum
1045 1676 1277 1725 Campanum
1303 1687 1404 1711 mare

309 1739 471 1775 inferum
500 1738 607 1787 petit,
640 1737 922 1786 obpugnaturus
952 1738 1168 1789 Neapolim,
1203 1746 1244 1775 ut
1275 1739 1405 1775 urbem

310 1804 534 1840 maritimam
553 1802 719 1838 haberet.
777 1802 853 1839 Ubi
874 1803 963 1839 fines
984 1804 1322 1854 Neapolitanorum
1348 1805 1404 1841 in-

309 1869 435 1910 travit,
472 1867 654 1903 Numidas
691 1868 826 1916 partim
863 1868 900 1904 in
938 1869 1095 1913 insidiis,
1133 1870 1187 1917 (et
1221 1869 1404 1920 pleraeque

310 1946 408 1969 cavae
441 1939 527 1967 sunt
558 1933 638 1974 viae,
669 1933 844 1981 sinusque
874 1933 1028 1978 occulti)
1058 1947 1289 1983 quacumque
1317 1941 1404 1984 apte

309 2003 470 2048 poterat,
494 1997 696 2045 disposuit:
730 1996 837 2039 alios,
864 2011 940 2047 prae
966 2011 1004 2034 se
1024 2006 1145 2034 actam
1170 1998 1331 2048 praedam
1357 2011 1403 2034 ex

308 2061 407 2109 agris
427 2066 672 2101 ostentantes,
695 2060 911 2109 obequitare
936 2063 1053 2110 portis
1067 2061 1203 2111 jussit:
1236 2062 1273 2096 iu
1294 2074 1400 2111 quos,

308 2125 396 2175 quia
428 2137 496 2160 nec
529 2124 649 2167 multi,
682 2132 718 2160 et
750 2125 990 2175 incompositi
1023 2126 1255 2169 videbantur,
1288 2139 1401 2175 quum

307 2196 432 2225 turma
467 2189 632 2237 equitum
671 2191 864 2239 erupisset,
900 2190 945 2226 ab
980 2191 1194 2226 cedentibus
1228 2190 1401 2227 consulto

309 2260 430 2290 tracta
461 2254 499 2288 in
532 2253 697 2296 insidias,
732 2255 985 2291 circumventa
1018 2261 1095 2290 est:
1128 2268 1196 2291 nec
1226 2255 1402 2291 evasisset

309 2318 518 2368 quisquam,
538 2319 577 2354 ni
602 2331 703 2355 mare
727 2320 992 2371 propinquum,
1014 2325 1051 2356 et
1075 2319 1174 2356 haud
1200 2319 1331 2370 procul
1355 2320 1400 2356 li-
