<?xml version="1.0" encoding="UTF-8"?>
<!DOCTYPE html PUBLIC "-//W3C//DTD XHTML 1.0 Transitional//EN"
    "http://www.w3.org/TR/xhtml1/DTD/xhtml1-transitional.dtd">
<html xmlns="http://www.w3.org/1999/xhtml" xml:lang="en" lang="en">
 <head>
  <title>
</title>
<meta http-equiv="Content-Type" content="text/html;charset=utf-8" />
  <meta name='ocr-system' content='tesseract 3.04.00' />
  <meta name='ocr-capabilities' content='ocr_page ocr_carea ocr_par ocr_line ocrx_word'/>
</head>
<body>
  <div class='ocr_page' id='page_1' title='image "./historiarumquaes02livyuoft/historiarumquaes02livyuoft_0335.png"; bbox 0 0 1527 2661; ppageno 0'>
   <div class='ocr_carea' id='block_1_1' title="bbox 323 148 1198 197">
    <p class='ocr_par' dir='ltr' id='par_1_1' title="bbox 323 148 1198 197">
     <span class='ocr_line' id='line_1_1' title="bbox 323 148 1198 197; baseline -0.001 -12"><span class='ocrx_word' id='word_1_1' title='bbox 323 157 475 185; x_wconf 74' lang='lat' dir='ltr'>LIBER</span> <span class='ocrx_word' id='word_1_2' title='bbox 499 155 657 184; x_wconf 81' lang='lat' dir='ltr'>xxlu.</span> <span class='ocrx_word' id='word_1_3' title='bbox 690 155 798 183; x_wconf 76' lang='lat' dir='ltr'><strong>CAP.</strong></span> <span class='ocrx_word' id='word_1_4' title='bbox 821 153 958 183; x_wconf 76' lang='lat' dir='ltr'><strong>xvn.</strong></span> <span class='ocrx_word' id='word_1_5' title='bbox 1113 148 1198 197; x_wconf 79' lang='lat'>325</span> 
     </span>
    </p>
   </div>
   <div class='ocr_carea' id='block_1_2' title="bbox 61 243 1406 2335">
    <p class='ocr_par' dir='ltr' id='par_1_2' title="bbox 61 243 1401 359">
     <span class='ocr_line' id='line_1_2' title="bbox 91 243 1401 295; baseline -0.006 -12"><span class='ocrx_word' id='word_1_6' title='bbox 91 245 288 283; x_wconf 84' lang='lat' dir='ltr'>damnatos</span> <span class='ocrx_word' id='word_1_7' title='bbox 312 245 538 295; x_wconf 85' lang='lat' dir='ltr'>proditionis</span> <span class='ocrx_word' id='word_1_8' title='bbox 565 245 686 280; x_wconf 86' lang='lat' dir='ltr'>securi</span> <span class='ocrx_word' id='word_1_9' title='bbox 711 244 908 293; x_wconf 80' lang='lat' dir='ltr'><strong>percussit,</strong></span> <span class='ocrx_word' id='word_1_10' title='bbox 932 243 1108 292; x_wconf 90' lang='lat' dir='ltr'>bonaque</span> <span class='ocrx_word' id='word_1_11' title='bbox 1134 256 1199 280; x_wconf 92' lang='lat' dir='ltr'>eo-</span> <span class='ocrx_word' id='word_1_12' title='bbox 1212 246 1256 278; x_wconf 87' lang='lat' dir='ltr'>U.</span> <span class='ocrx_word' id='word_1_13' title='bbox 1272 246 1309 277; x_wconf 90' lang='lat' dir='ltr'>C.</span> <span class='ocrx_word' id='word_1_14' title='bbox 1328 252 1401 278; x_wconf 78' lang='lat'><strong>536.</strong></span> 
     </span>
     <span class='ocr_line' id='line_1_3' title="bbox 61 289 1395 359; baseline -0.002 -13"><span class='ocrx_word' id='word_1_15' title='bbox 61 311 75 327; x_wconf 84' lang='lat'>&#39;</span> <span class='ocrx_word' id='word_1_16' title='bbox 89 323 170 346; x_wconf 91' lang='lat' dir='ltr'>rum</span> <span class='ocrx_word' id='word_1_17' title='bbox 193 309 308 359; x_wconf 86' lang='lat' dir='ltr'>jussit</span> <span class='ocrx_word' id='word_1_18' title='bbox 328 308 479 358; x_wconf 87' lang='lat' dir='ltr'>publica</span> <span class='ocrx_word' id='word_1_19' title='bbox 503 308 634 358; x_wconf 91' lang='lat' dir='ltr'>populi</span> <span class='ocrx_word' id='word_1_20' title='bbox 646 307 821 344; x_wconf 88' lang='lat' dir='ltr'>Romani</span> <span class='ocrx_word' id='word_1_21' title='bbox 847 320 950 344; x_wconf 89' lang='lat' dir='ltr'>esse:</span> <span class='ocrx_word' id='word_1_22' title='bbox 982 314 1033 349; x_wconf 91' lang='lat' dir='ltr'>et,</span> <span class='ocrx_word' id='word_1_23' title='bbox 1055 320 1201 344; x_wconf 87' lang='lat' dir='ltr'>summa</span> <span class='ocrx_word' id='word_1_24' title='bbox 1214 291 1250 321; x_wconf 74' lang='lat' dir='ltr'>A·</span> <span class='ocrx_word' id='word_1_25' title='bbox 1268 289 1304 320; x_wconf 74' lang='lat' dir='ltr'>C·</span> <span class='ocrx_word' id='word_1_26' title='bbox 1320 295 1395 321; x_wconf 76' lang='lat'>²¹⁶⁰</span> 
     </span>
    </p>

    <p class='ocr_par' dir='ltr' id='par_1_3' title="bbox 90 371 1198 422">
     <span class='ocr_line' id='line_1_4' title="bbox 90 371 1198 422; baseline -0.002 -13"><span class='ocrx_word' id='word_1_27' title='bbox 90 386 214 409; x_wconf 87' lang='lat' dir='ltr'>rerum</span> <span class='ocrx_word' id='word_1_28' title='bbox 233 373 379 408; x_wconf 89' lang='lat' dir='ltr'>senatui</span> <span class='ocrx_word' id='word_1_29' title='bbox 399 372 549 413; x_wconf 83' lang='lat' dir='ltr'>tradita,</span> <span class='ocrx_word' id='word_1_30' title='bbox 571 385 656 408; x_wconf 88' lang='lat' dir='ltr'>cum</span> <span class='ocrx_word' id='word_1_31' title='bbox 680 373 846 408; x_wconf 86' lang='lat' dir='ltr'>exercitu</span> <span class='ocrx_word' id='word_1_32' title='bbox 866 372 970 407; x_wconf 81' lang='lat' dir='ltr'>omni</span> <span class='ocrx_word' id='word_1_33' title='bbox 989 371 1198 422; x_wconf 86' lang='lat' dir='ltr'>profectus,</span> 
     </span>
    </p>

    <p class='ocr_par' dir='ltr' id='par_1_4' title="bbox 90 435 1198 486">
     <span class='ocr_line' id='line_1_5' title="bbox 90 435 1198 486; baseline 0 -15"><span class='ocrx_word' id='word_1_34' title='bbox 90 449 202 486; x_wconf 86' lang='lat' dir='ltr'>supra</span> <span class='ocrx_word' id='word_1_35' title='bbox 234 435 449 473; x_wconf 80' lang='lat' dir='ltr'>Suessulam</span> <span class='ocrx_word' id='word_1_36' title='bbox 478 437 609 472; x_wconf 81' lang='lat' dir='ltr'>castris</span> <span class='ocrx_word' id='word_1_37' title='bbox 639 436 771 486; x_wconf 87' lang='lat' dir='ltr'>positis</span> <span class='ocrx_word' id='word_1_38' title='bbox 803 435 986 472; x_wconf 83' lang='lat' dir='ltr'><strong>consedit.</strong></span> <span class='ocrx_word' id='word_1_39' title='bbox 1040 435 1198 478; x_wconf 85' lang='lat' dir='ltr'>Poenus,</span> 
     </span>
    </p>

    <p class='ocr_par' dir='ltr' id='par_1_5' title="bbox 90 500 1406 2335">
     <span class='ocr_line' id='line_1_6' title="bbox 91 500 1406 554; baseline -0.001 -18"><span class='ocrx_word' id='word_1_40' title='bbox 91 501 250 536; x_wconf 87' lang='lat' dir='ltr'>Acerras</span> <span class='ocrx_word' id='word_1_41' title='bbox 271 501 432 550; x_wconf 87' lang='lat' dir='ltr'>primum</span> <span class='ocrx_word' id='word_1_42' title='bbox 452 500 497 536; x_wconf 84' lang='lat' dir='ltr'>ad</span> <span class='ocrx_word' id='word_1_43' title='bbox 518 500 768 536; x_wconf 83' lang='lat' dir='ltr'>voluntariam</span> <span class='ocrx_word' id='word_1_44' title='bbox 792 500 1021 536; x_wconf 85' lang='lat' dir='ltr'>deditionem</span> <span class='ocrx_word' id='word_1_45' title='bbox 1040 506 1198 535; x_wconf 88' lang='lat' dir='ltr'>conatus</span> <span class='ocrx_word' id='word_1_46' title='bbox 1212 506 1342 554; x_wconf 66' lang='lat' dir='ltr'>Acerras</span> <span class='ocrx_word' id='word_1_47' title='bbox 1352 514 1406 535; x_wconf 86' lang='lat' dir='ltr'>ca·</span> 
     </span>
     <span class='ocr_line' id='line_1_7' title="bbox 90 548 1402 614; baseline 0.001 -15"><span class='ocrx_word' id='word_1_48' title='bbox 90 564 284 614; x_wconf 85' lang='lat' dir='ltr'>perlicere,</span> <span class='ocrx_word' id='word_1_49' title='bbox 315 570 514 613; x_wconf 82' lang='lat' dir='ltr'>postquam</span> <span class='ocrx_word' id='word_1_50' title='bbox 545 564 757 600; x_wconf 85' lang='lat' dir='ltr'>obstinatos</span> <span class='ocrx_word' id='word_1_51' title='bbox 777 564 884 606; x_wconf 85' lang='lat' dir='ltr'>vidit,</span> <span class='ocrx_word' id='word_1_52' title='bbox 915 563 1088 600; x_wconf 84' lang='lat' dir='ltr'>obsidere</span> <span class='ocrx_word' id='word_1_53' title='bbox 1116 563 1202 600; x_wconf 88' lang='lat' dir='ltr'>inde</span> <span class='ocrx_word' id='word_1_54' title='bbox 1214 548 1402 589; x_wconf 65' lang='lat' dir='ltr'>P¹tpoe¹¹u⁵&#39;</span> 
     </span>
     <span class='ocr_line' id='line_1_8' title="bbox 92 627 1201 678; baseline -0.001 -14"><span class='ocrx_word' id='word_1_55' title='bbox 92 635 204 677; x_wconf 89' lang='lat' dir='ltr'>atque</span> <span class='ocrx_word' id='word_1_56' title='bbox 241 628 462 678; x_wconf 82' lang='lat' dir='ltr'>obpugnare</span> <span class='ocrx_word' id='word_1_57' title='bbox 498 635 606 677; x_wconf 87' lang='lat' dir='ltr'>parat</span> <span class='ocrx_word' id='word_1_58' title='bbox 625 645 632 664; x_wconf 91' lang='grc'>;</span> <span class='ocrx_word' id='word_1_59' title='bbox 680 634 847 664; x_wconf 85' lang='lat' dir='ltr'>ceterum</span> <span class='ocrx_word' id='word_1_60' title='bbox 880 628 1080 664; x_wconf 81' lang='lat' dir='ltr'>Acerranis</span> <span class='ocrx_word' id='word_1_61' title='bbox 1117 627 1201 677; x_wconf 88' lang='lat' dir='ltr'>plus</span> 
     </span>
     <span class='ocr_line' id='line_1_9' title="bbox 92 692 1203 743; baseline 0.001 -15"><span class='ocrx_word' id='word_1_62' title='bbox 92 693 222 735; x_wconf 88' lang='lat' dir='ltr'>animi,</span> <span class='ocrx_word' id='word_1_63' title='bbox 244 706 354 741; x_wconf 88' lang='lat' dir='ltr'>quam</span> <span class='ocrx_word' id='word_1_64' title='bbox 375 693 524 735; x_wconf 87' lang='lat' dir='ltr'>virium,</span> <span class='ocrx_word' id='word_1_65' title='bbox 553 699 656 728; x_wconf 89' lang='lat' dir='ltr'>erat:</span> <span class='ocrx_word' id='word_1_66' title='bbox 689 693 829 741; x_wconf 90' lang='lat' dir='ltr'>itaque,</span> <span class='ocrx_word' id='word_1_67' title='bbox 858 693 1055 743; x_wconf 87' lang='lat' dir='ltr'>desperata</span> <span class='ocrx_word' id='word_1_68' title='bbox 1082 692 1203 729; x_wconf 87' lang='lat' dir='ltr'>tutela</span> 
     </span>
     <span class='ocr_line' id='line_1_10' title="bbox 90 755 1202 806; baseline -0.001 -14"><span class='ocrx_word' id='word_1_69' title='bbox 90 755 208 799; x_wconf 89' lang='lat' dir='ltr'>urbis,</span> <span class='ocrx_word' id='word_1_70' title='bbox 239 762 281 791; x_wconf 91' lang='lat' dir='ltr'>ut</span> <span class='ocrx_word' id='word_1_71' title='bbox 306 756 578 792; x_wconf 85' lang='lat' dir='ltr'>circumvallari</span> <span class='ocrx_word' id='word_1_72' title='bbox 608 757 749 792; x_wconf 80' lang='lat' dir='ltr'>moenia</span> <span class='ocrx_word' id='word_1_73' title='bbox 769 757 954 799; x_wconf 86' lang='lat' dir='ltr'>viderunt,</span> <span class='ocrx_word' id='word_1_74' title='bbox 983 757 1202 806; x_wconf 84' lang='lat' dir='ltr'>priusquam</span> 
     </span>
     <span class='ocr_line' id='line_1_11' title="bbox 91 820 1202 870; baseline 0.002 -16"><span class='ocrx_word' id='word_1_75' title='bbox 91 820 405 855; x_wconf 83' lang='lat' dir='ltr'>continuarentur</span> <span class='ocrx_word' id='word_1_76' title='bbox 420 820 587 855; x_wconf 87' lang='lat' dir='ltr'>hostium</span> <span class='ocrx_word' id='word_1_77' title='bbox 607 833 736 869; x_wconf 87' lang='lat' dir='ltr'>opera,</span> <span class='ocrx_word' id='word_1_78' title='bbox 757 833 823 870; x_wconf 87' lang='lat' dir='ltr'>per</span> <span class='ocrx_word' id='word_1_79' title='bbox 842 821 1055 856; x_wconf 87' lang='lat' dir='ltr'>intermissa</span> <span class='ocrx_word' id='word_1_80' title='bbox 1077 821 1202 857; x_wconf 90' lang='lat' dir='ltr'>muni-</span> 
     </span>
     <span class='ocr_line' id='line_1_12' title="bbox 90 882 1200 933; baseline -0.001 -14"><span class='ocrx_word' id='word_1_81' title='bbox 90 889 219 919; x_wconf 87' lang='lat' dir='ltr'>menta</span> <span class='ocrx_word' id='word_1_82' title='bbox 231 882 498 931; x_wconf 81' lang='lat' dir='ltr'>neglectasque</span> <span class='ocrx_word' id='word_1_83' title='bbox 518 883 707 919; x_wconf 82' lang='lat' dir='ltr'>custodias</span> <span class='ocrx_word' id='word_1_84' title='bbox 729 882 880 919; x_wconf 89' lang='lat' dir='ltr'>silentio</span> <span class='ocrx_word' id='word_1_85' title='bbox 901 884 1023 918; x_wconf 88' lang='lat' dir='ltr'>noctis</span> <span class='ocrx_word' id='word_1_86' title='bbox 1051 883 1200 933; x_wconf 85' lang='lat' dir='ltr'>dilapsi,</span> 
     </span>
     <span class='ocr_line' id='line_1_13' title="bbox 91 945 1204 996; baseline 0 -14"><span class='ocrx_word' id='word_1_87' title='bbox 91 959 158 996; x_wconf 90' lang='lat' dir='ltr'>per</span> <span class='ocrx_word' id='word_1_88' title='bbox 175 946 253 982; x_wconf 90' lang='lat' dir='ltr'>vias</span> <span class='ocrx_word' id='word_1_89' title='bbox 284 947 471 995; x_wconf 88' lang='lat' dir='ltr'>inviaque,</span> <span class='ocrx_word' id='word_1_90' title='bbox 498 958 573 994; x_wconf 88' lang='lat' dir='ltr'>qua</span> <span class='ocrx_word' id='word_1_91' title='bbox 598 959 783 995; x_wconf 87' lang='lat' dir='ltr'>quemque</span> <span class='ocrx_word' id='word_1_92' title='bbox 811 952 876 981; x_wconf 86' lang='lat' dir='ltr'>aut</span> <span class='ocrx_word' id='word_1_93' title='bbox 905 945 1108 982; x_wconf 85' lang='lat' dir='ltr'>consilium</span> <span class='ocrx_word' id='word_1_94' title='bbox 1137 954 1204 982; x_wconf 88' lang='lat' dir='ltr'>aut</span> 
     </span>
     <span class='ocr_line' id='line_1_14' title="bbox 91 1010 1204 1060; baseline 0 -14"><span class='ocrx_word' id='word_1_95' title='bbox 91 1023 195 1046; x_wconf 83' lang='lat' dir='ltr'>error</span> <span class='ocrx_word' id='word_1_96' title='bbox 222 1010 323 1053; x_wconf 85' lang='lat' dir='ltr'>tulit,</span> <span class='ocrx_word' id='word_1_97' title='bbox 354 1011 394 1046; x_wconf 92' lang='lat' dir='ltr'>in</span> <span class='ocrx_word' id='word_1_98' title='bbox 424 1010 532 1046; x_wconf 89' lang='lat' dir='ltr'>urbes</span> <span class='ocrx_word' id='word_1_99' title='bbox 564 1011 795 1060; x_wconf 73' lang='lat' dir='ltr'>Campaniae,</span> <span class='ocrx_word' id='word_1_100' title='bbox 817 1023 908 1059; x_wconf 87' lang='lat' dir='ltr'>quas</span> <span class='ocrx_word' id='word_1_101' title='bbox 938 1010 1028 1046; x_wconf 86' lang='lat' dir='ltr'>satis</span> <span class='ocrx_word' id='word_1_102' title='bbox 1059 1016 1204 1047; x_wconf 87' lang='lat' dir='ltr'>certum</span> 
     </span>
     <span class='ocr_line' id='line_1_15' title="bbox 93 1074 1202 1123; baseline 0 -13"><span class='ocrx_word' id='word_1_103' title='bbox 93 1080 174 1110; x_wconf 89' lang='lat' dir='ltr'>erat</span> <span class='ocrx_word' id='word_1_104' title='bbox 209 1087 286 1110; x_wconf 91' lang='lat' dir='ltr'>non</span> <span class='ocrx_word' id='word_1_105' title='bbox 324 1081 490 1111; x_wconf 87' lang='lat' dir='ltr'>mutasse</span> <span class='ocrx_word' id='word_1_106' title='bbox 518 1075 643 1117; x_wconf 78' lang='lat' dir='ltr'>fidem,</span> <span class='ocrx_word' id='word_1_107' title='bbox 674 1074 932 1123; x_wconf 88' lang='lat' dir='ltr'>perfugerunt.</span> <span class='ocrx_word' id='word_1_108' title='bbox 989 1074 1202 1118; x_wconf 85' lang='lat' dir='ltr'>Hannibal,</span> 
     </span>
     <span class='ocr_line' id='line_1_16' title="bbox 93 1137 1205 1187; baseline 0 -15"><span class='ocrx_word' id='word_1_109' title='bbox 93 1138 242 1173; x_wconf 85' lang='lat' dir='ltr'>Acerris</span> <span class='ocrx_word' id='word_1_110' title='bbox 263 1138 417 1187; x_wconf 82' lang='lat' dir='ltr'>direptis</span> <span class='ocrx_word' id='word_1_111' title='bbox 438 1144 550 1186; x_wconf 89' lang='lat' dir='ltr'>atque</span> <span class='ocrx_word' id='word_1_112' title='bbox 569 1138 746 1179; x_wconf 71' lang='lat' dir='ltr'>incensis,</span> <span class='ocrx_word' id='word_1_113' title='bbox 764 1150 879 1185; x_wconf 88' lang='lat' dir='ltr'>quum</span> <span class='ocrx_word' id='word_1_114' title='bbox 899 1150 920 1173; x_wconf 89' lang='lat' dir='ltr'>a</span> <span class='ocrx_word' id='word_1_115' title='bbox 941 1137 1110 1174; x_wconf 85' lang='lat' dir='ltr'>Casilino</span> <span class='ocrx_word' id='word_1_116' title='bbox 1126 1138 1205 1173; x_wconf 90' lang='lat' dir='ltr'>dic-</span> 
     </span>
     <span class='ocr_line' id='line_1_17' title="bbox 93 1200 1203 1250; baseline 0 -13"><span class='ocrx_word' id='word_1_117' title='bbox 93 1208 256 1238; x_wconf 84' lang='lat' dir='ltr'>tatorem</span> <span class='ocrx_word' id='word_1_118' title='bbox 268 1200 486 1237; x_wconf 81' lang='lat' dir='ltr'>Romanum</span> <span class='ocrx_word' id='word_1_119' title='bbox 506 1201 750 1250; x_wconf 78' lang='lat' dir='ltr'>legionesque</span> <span class='ocrx_word' id='word_1_120' title='bbox 762 1213 878 1237; x_wconf 84' lang='lat' dir='ltr'>novas</span> <span class='ocrx_word' id='word_1_121' title='bbox 895 1202 1011 1237; x_wconf 89' lang='lat' dir='ltr'>adciri</span> <span class='ocrx_word' id='word_1_122' title='bbox 1026 1202 1203 1237; x_wconf 87' lang='lat' dir='ltr'>nuncias-</span> 
     </span>
     <span class='ocr_line' id='line_1_18' title="bbox 92 1266 1203 1315; baseline 0.001 -14"><span class='ocrx_word' id='word_1_123' title='bbox 92 1274 189 1309; x_wconf 89' lang='lat' dir='ltr'>sent,</span> <span class='ocrx_word' id='word_1_124' title='bbox 210 1279 256 1302; x_wconf 90' lang='lat' dir='ltr'>ne</span> <span class='ocrx_word' id='word_1_125' title='bbox 269 1267 351 1314; x_wconf 90' lang='lat' dir='ltr'>quis</span> <span class='ocrx_word' id='word_1_126' title='bbox 367 1273 444 1301; x_wconf 83' lang='lat' dir='ltr'>tam</span> <span class='ocrx_word' id='word_1_127' title='bbox 464 1266 684 1315; x_wconf 86' lang='lat' dir='ltr'>propinquis</span> <span class='ocrx_word' id='word_1_128' title='bbox 701 1266 868 1301; x_wconf 87' lang='lat' dir='ltr'>hostium</span> <span class='ocrx_word' id='word_1_129' title='bbox 885 1266 1014 1301; x_wconf 88' lang='lat' dir='ltr'>castris</span> <span class='ocrx_word' id='word_1_130' title='bbox 1033 1266 1203 1315; x_wconf 87' lang='lat' dir='ltr'>Capuam</span> 
     </span>
     <span class='ocr_line' id='line_1_19' title="bbox 92 1330 1203 1379; baseline -0.001 -13"><span class='ocrx_word' id='word_1_131' title='bbox 92 1343 241 1379; x_wconf 86' lang='lat' dir='ltr'>quoque</span> <span class='ocrx_word' id='word_1_132' title='bbox 254 1337 433 1372; x_wconf 87' lang='lat' dir='ltr'>recurrat,</span> <span class='ocrx_word' id='word_1_133' title='bbox 448 1330 653 1366; x_wconf 86' lang='lat' dir='ltr'>exercitum</span> <span class='ocrx_word' id='word_1_134' title='bbox 668 1330 714 1365; x_wconf 86' lang='lat' dir='ltr'>ad</span> <span class='ocrx_word' id='word_1_135' title='bbox 728 1330 934 1366; x_wconf 88' lang='lat' dir='ltr'>Casilinum</span> <span class='ocrx_word' id='word_1_136' title='bbox 949 1330 1063 1366; x_wconf 86' lang='lat' dir='ltr'>ducit.</span> <span class='ocrx_word' id='word_1_137' title='bbox 1096 1330 1203 1365; x_wconf 86' lang='lat' dir='ltr'>Casi-</span> 
     </span>
     <span class='ocr_line' id='line_1_20' title="bbox 91 1393 1204 1442; baseline 0 -13"><span class='ocrx_word' id='word_1_138' title='bbox 91 1394 210 1430; x_wconf 80' lang='lat' dir='ltr'>linum</span> <span class='ocrx_word' id='word_1_139' title='bbox 219 1406 264 1429; x_wconf 87' lang='lat' dir='ltr'>eo</span> <span class='ocrx_word' id='word_1_140' title='bbox 278 1400 446 1442; x_wconf 81' lang='lat' dir='ltr'>tempore</span> <span class='ocrx_word' id='word_1_141' title='bbox 455 1394 652 1442; x_wconf 86' lang='lat' dir='ltr'>quingenti</span> <span class='ocrx_word' id='word_1_142' title='bbox 665 1393 886 1430; x_wconf 73' lang='lat' dir='ltr'>Praenestini</span> <span class='ocrx_word' id='word_1_143' title='bbox 901 1394 1109 1437; x_wconf 82' lang='lat' dir='ltr'>habebant,</span> <span class='ocrx_word' id='word_1_144' title='bbox 1119 1407 1204 1430; x_wconf 88' lang='lat' dir='ltr'>cum</span> 
     </span>
     <span class='ocr_line' id='line_1_21' title="bbox 93 1456 1203 1507; baseline 0 -14"><span class='ocrx_word' id='word_1_145' title='bbox 93 1458 220 1507; x_wconf 86' lang='lat' dir='ltr'>paucis</span> <span class='ocrx_word' id='word_1_146' title='bbox 240 1456 425 1492; x_wconf 89' lang='lat' dir='ltr'>Romanis</span> <span class='ocrx_word' id='word_1_147' title='bbox 445 1456 650 1505; x_wconf 87' lang='lat' dir='ltr'>Latinique</span> <span class='ocrx_word' id='word_1_148' title='bbox 670 1458 848 1499; x_wconf 76' lang='lat' dir='ltr'>nominis,</span> <span class='ocrx_word' id='word_1_149' title='bbox 870 1470 963 1506; x_wconf 76' lang='lat' dir='ltr'>quos</span> <span class='ocrx_word' id='word_1_150' title='bbox 985 1458 1116 1493; x_wconf 82' lang='lat' dir='ltr'>eodem</span> <span class='ocrx_word' id='word_1_151' title='bbox 1136 1470 1203 1493; x_wconf 90' lang='lat' dir='ltr'>au-</span> 
     </span>
     <span class='ocr_line' id='line_1_22' title="bbox 95 1511 1203 1562; baseline 0 -6"><span class='ocrx_word' id='word_1_152' title='bbox 95 1522 174 1557; x_wconf 85' lang='lat' dir='ltr'>dita</span> <span class='ocrx_word' id='word_1_153' title='bbox 193 1511 402 1556; x_wconf 85' lang='lat' dir='ltr'>Cannensis</span> <span class='ocrx_word' id='word_1_154' title='bbox 432 1519 555 1556; x_wconf 89' lang='lat' dir='ltr'>clades</span> <span class='ocrx_word' id='word_1_155' title='bbox 576 1520 788 1556; x_wconf 81' lang='lat' dir='ltr'>contulerat</span> <span class='ocrx_word' id='word_1_156' title='bbox 807 1536 813 1555; x_wconf 90' lang='lat'><strong>:</strong></span> <span class='ocrx_word' id='word_1_157' title='bbox 848 1520 901 1562; x_wconf 88' lang='lat' dir='ltr'>hi,</span> <span class='ocrx_word' id='word_1_158' title='bbox 923 1533 1000 1556; x_wconf 86' lang='lat' dir='ltr'>non</span> <span class='ocrx_word' id='word_1_159' title='bbox 1027 1520 1203 1556; x_wconf 80' lang='lat' dir='ltr'>confecto</span> 
     </span>
     <span class='ocr_line' id='line_1_23' title="bbox 93 1583 1202 1632; baseline -0.001 -12"><span class='ocrx_word' id='word_1_160' title='bbox 93 1584 284 1621; x_wconf 85' lang='lat' dir='ltr'>Praeneste</span> <span class='ocrx_word' id='word_1_161' title='bbox 316 1583 362 1619; x_wconf 90' lang='lat' dir='ltr'>ad</span> <span class='ocrx_word' id='word_1_162' title='bbox 395 1583 492 1619; x_wconf 88' lang='lat' dir='ltr'>diem</span> <span class='ocrx_word' id='word_1_163' title='bbox 526 1583 687 1626; x_wconf 87' lang='lat' dir='ltr'>delectu,</span> <span class='ocrx_word' id='word_1_164' title='bbox 721 1584 838 1619; x_wconf 83' lang='lat' dir='ltr'>serius</span> <span class='ocrx_word' id='word_1_165' title='bbox 875 1583 1036 1632; x_wconf 81' lang='lat' dir='ltr'>profecti</span> <span class='ocrx_word' id='word_1_166' title='bbox 1073 1584 1202 1627; x_wconf 87' lang='lat' dir='ltr'>domo,</span> 
     </span>
     <span class='ocr_line' id='line_1_24' title="bbox 94 1647 1203 1697; baseline -0.001 -13"><span class='ocrx_word' id='word_1_167' title='bbox 94 1661 208 1697; x_wconf 88' lang='lat' dir='ltr'>quum</span> <span class='ocrx_word' id='word_1_168' title='bbox 228 1648 437 1684; x_wconf 88' lang='lat' dir='ltr'>Casilinum</span> <span class='ocrx_word' id='word_1_169' title='bbox 466 1654 554 1683; x_wconf 90' lang='lat' dir='ltr'>ante</span> <span class='ocrx_word' id='word_1_170' title='bbox 583 1648 745 1683; x_wconf 80' lang='lat' dir='ltr'>adversae</span> <span class='ocrx_word' id='word_1_171' title='bbox 766 1661 899 1696; x_wconf 57' lang='lat' dir='ltr'>pugnae</span> <span class='ocrx_word' id='word_1_172' title='bbox 920 1647 1060 1683; x_wconf 73' lang='lat' dir='ltr'>famam</span> <span class='ocrx_word' id='word_1_173' title='bbox 1079 1649 1203 1683; x_wconf 87' lang='lat' dir='ltr'>venis-</span> 
     </span>
     <span class='ocr_line' id='line_1_25' title="bbox 95 1711 1201 1759; baseline 0 -12"><span class='ocrx_word' id='word_1_174' title='bbox 95 1719 192 1754; x_wconf 88' lang='lat' dir='ltr'>sent,</span> <span class='ocrx_word' id='word_1_175' title='bbox 223 1718 259 1747; x_wconf 89' lang='lat' dir='ltr'>et</span> <span class='ocrx_word' id='word_1_176' title='bbox 288 1711 369 1746; x_wconf 84' lang='lat' dir='ltr'>aliis</span> <span class='ocrx_word' id='word_1_177' title='bbox 400 1711 647 1759; x_wconf 87' lang='lat' dir='ltr'>adgregarent</span> <span class='ocrx_word' id='word_1_178' title='bbox 676 1723 755 1746; x_wconf 89' lang='lat' dir='ltr'>sese</span> <span class='ocrx_word' id='word_1_179' title='bbox 786 1711 970 1746; x_wconf 84' lang='lat' dir='ltr'>Romanis</span> <span class='ocrx_word' id='word_1_180' title='bbox 1001 1711 1201 1759; x_wconf 86' lang='lat' dir='ltr'>sociisque,</span> 
     </span>
     <span class='ocr_line' id='line_1_26' title="bbox 94 1774 1199 1824; baseline 0 -14"><span class='ocrx_word' id='word_1_181' title='bbox 94 1774 255 1824; x_wconf 78' lang='lat' dir='ltr'>profecti</span> <span class='ocrx_word' id='word_1_182' title='bbox 275 1788 296 1810; x_wconf 86' lang='lat' dir='ltr'>a</span> <span class='ocrx_word' id='word_1_183' title='bbox 317 1774 485 1809; x_wconf 88' lang='lat' dir='ltr'>Casilino</span> <span class='ocrx_word' id='word_1_184' title='bbox 511 1787 595 1810; x_wconf 91' lang='lat' dir='ltr'>cum</span> <span class='ocrx_word' id='word_1_185' title='bbox 616 1775 705 1810; x_wconf 84' lang='lat' dir='ltr'>satis</span> <span class='ocrx_word' id='word_1_186' title='bbox 732 1787 871 1821; x_wconf 79' lang='lat' dir='ltr'>magno</span> <span class='ocrx_word' id='word_1_187' title='bbox 897 1776 1047 1822; x_wconf 80' lang='lat' dir='ltr'>agmine</span> <span class='ocrx_word' id='word_1_188' title='bbox 1074 1776 1199 1820; x_wconf 85' lang='lat' dir='ltr'>irent3</span> 
     </span>
     <span class='ocr_line' id='line_1_27' title="bbox 91 1837 1203 1887; baseline -0.001 -13"><span class='ocrx_word' id='word_1_189' title='bbox 91 1839 231 1883; x_wconf 76' lang='lat' dir='ltr'>avertit</span> <span class='ocrx_word' id='word_1_190' title='bbox 249 1850 314 1873; x_wconf 89' lang='lat' dir='ltr'>eos</span> <span class='ocrx_word' id='word_1_191' title='bbox 334 1844 435 1873; x_wconf 89' lang='lat' dir='ltr'>retro</span> <span class='ocrx_word' id='word_1_192' title='bbox 463 1837 670 1873; x_wconf 87' lang='lat' dir='ltr'>Casilinum</span> <span class='ocrx_word' id='word_1_193' title='bbox 690 1838 848 1873; x_wconf 85' lang='lat' dir='ltr'>nuncius</span> <span class='ocrx_word' id='word_1_194' title='bbox 877 1838 1085 1873; x_wconf 79' lang='lat' dir='ltr'>Cannensis</span> <span class='ocrx_word' id='word_1_195' title='bbox 1106 1851 1203 1887; x_wconf 86' lang='lat' dir='ltr'>pug-</span> 
     </span>
     <span class='ocr_line' id='line_1_28' title="bbox 94 1901 1203 1951; baseline -0.001 -12"><span class='ocrx_word' id='word_1_196' title='bbox 94 1916 173 1939; x_wconf 82' lang='lat' dir='ltr'>nae:</span> <span class='ocrx_word' id='word_1_197' title='bbox 210 1902 262 1938; x_wconf 89' lang='lat' dir='ltr'>ibi</span> <span class='ocrx_word' id='word_1_198' title='bbox 289 1915 403 1950; x_wconf 91' lang='lat' dir='ltr'>quum</span> <span class='ocrx_word' id='word_1_199' title='bbox 433 1902 509 1937; x_wconf 89' lang='lat' dir='ltr'>dies</span> <span class='ocrx_word' id='word_1_200' title='bbox 539 1901 697 1950; x_wconf 81' lang='lat' dir='ltr'>aliquot,</span> <span class='ocrx_word' id='word_1_201' title='bbox 728 1902 890 1950; x_wconf 81' lang='lat' dir='ltr'>suspecti</span> <span class='ocrx_word' id='word_1_202' title='bbox 921 1901 1123 1951; x_wconf 83' lang='lat' dir='ltr'>Campanis</span> <span class='ocrx_word' id='word_1_203' title='bbox 1153 1903 1203 1938; x_wconf 84' lang='lat' dir='ltr'>ti-</span> 
     </span>
     <span class='ocr_line' id='line_1_29' title="bbox 96 1965 1200 2015; baseline -0.001 -12"><span class='ocrx_word' id='word_1_204' title='bbox 96 1974 327 2015; x_wconf 86' lang='lat' dir='ltr'>mentesque,</span> <span class='ocrx_word' id='word_1_205' title='bbox 357 1966 531 2002; x_wconf 89' lang='lat' dir='ltr'>cavendis</span> <span class='ocrx_word' id='word_1_206' title='bbox 561 1979 603 2001; x_wconf 88' lang='lat' dir='ltr'>ac</span> <span class='ocrx_word' id='word_1_207' title='bbox 633 1965 818 2001; x_wconf 86' lang='lat' dir='ltr'>struendis</span> <span class='ocrx_word' id='word_1_208' title='bbox 848 1966 1026 2002; x_wconf 82' lang='lat' dir='ltr'>invicem</span> <span class='ocrx_word' id='word_1_209' title='bbox 1056 1967 1200 2002; x_wconf 87' lang='lat' dir='ltr'>insidiis</span> 
     </span>
     <span class='ocr_line' id='line_1_30' title="bbox 96 2029 1201 2079; baseline -0.002 -12"><span class='ocrx_word' id='word_1_210' title='bbox 96 2030 364 2071; x_wconf 86' lang='lat' dir='ltr'>traduxissent,</span> <span class='ocrx_word' id='word_1_211' title='bbox 380 2029 535 2078; x_wconf 88' lang='lat' dir='ltr'>jamque</span> <span class='ocrx_word' id='word_1_212' title='bbox 551 2030 593 2065; x_wconf 85' lang='lat' dir='ltr'>de</span> <span class='ocrx_word' id='word_1_213' title='bbox 617 2029 755 2079; x_wconf 82' lang='lat' dir='ltr'>Capuae</span> <span class='ocrx_word' id='word_1_214' title='bbox 776 2029 985 2064; x_wconf 88' lang='lat' dir='ltr'>defectione</span> <span class='ocrx_word' id='word_1_215' title='bbox 1005 2030 1080 2077; x_wconf 88' lang='lat' dir='ltr'>agi,</span> <span class='ocrx_word' id='word_1_216' title='bbox 1102 2030 1201 2065; x_wconf 86' lang='lat' dir='ltr'>acci-</span> 
     </span>
     <span class='ocr_line' id='line_1_31' title="bbox 94 2093 1201 2145; baseline 0 -15"><span class='ocrx_word' id='word_1_217' title='bbox 94 2097 206 2145; x_wconf 86' lang='lat' dir='ltr'>pique</span> <span class='ocrx_word' id='word_1_218' title='bbox 225 2093 482 2129; x_wconf 81' lang='lat' dir='ltr'>Hannibalem</span> <span class='ocrx_word' id='word_1_219' title='bbox 503 2094 592 2129; x_wconf 87' lang='lat' dir='ltr'>satis</span> <span class='ocrx_word' id='word_1_220' title='bbox 612 2106 680 2142; x_wconf 88' lang='lat' dir='ltr'>pro</span> <span class='ocrx_word' id='word_1_221' title='bbox 701 2100 803 2128; x_wconf 86' lang='lat' dir='ltr'>certo</span> <span class='ocrx_word' id='word_1_222' title='bbox 823 2093 1003 2135; x_wconf 89' lang='lat' dir='ltr'>habuere,</span> <span class='ocrx_word' id='word_1_223' title='bbox 1024 2093 1201 2130; x_wconf 88' lang='lat' dir='ltr'>interfec-</span> 
     </span>
     <span class='ocr_line' id='line_1_32' title="bbox 94 2156 1201 2207; baseline -0.001 -13"><span class='ocrx_word' id='word_1_224' title='bbox 94 2160 142 2195; x_wconf 86' lang='lat' dir='ltr'>tis</span> <span class='ocrx_word' id='word_1_225' title='bbox 171 2164 284 2194; x_wconf 88' lang='lat' dir='ltr'>nocte</span> <span class='ocrx_word' id='word_1_226' title='bbox 306 2157 518 2207; x_wconf 86' lang='lat' dir='ltr'>oppidanis,</span> <span class='ocrx_word' id='word_1_227' title='bbox 548 2165 693 2206; x_wconf 81' lang='lat' dir='ltr'>partem</span> <span class='ocrx_word' id='word_1_228' title='bbox 723 2156 838 2199; x_wconf 86' lang='lat' dir='ltr'>urbis,</span> <span class='ocrx_word' id='word_1_229' title='bbox 861 2169 942 2204; x_wconf 82' lang='lat' dir='ltr'>quae</span> <span class='ocrx_word' id='word_1_230' title='bbox 973 2157 1024 2191; x_wconf 90' lang='lat' dir='ltr'>cis</span> <span class='ocrx_word' id='word_1_231' title='bbox 1044 2156 1201 2193; x_wconf 88' lang='lat' dir='ltr'>Vultur-</span> 
     </span>
     <span class='ocr_line' id='line_1_33' title="bbox 96 2221 1197 2269; baseline -0.001 -11"><span class='ocrx_word' id='word_1_232' title='bbox 96 2235 185 2259; x_wconf 88' lang='lat' dir='ltr'>num</span> <span class='ocrx_word' id='word_1_233' title='bbox 221 2228 291 2265; x_wconf 89' lang='lat' dir='ltr'>est,</span> <span class='ocrx_word' id='word_1_234' title='bbox 333 2224 396 2269; x_wconf 88' lang='lat' dir='ltr'>(eo</span> <span class='ocrx_word' id='word_1_235' title='bbox 433 2223 533 2257; x_wconf 87' lang='lat' dir='ltr'>enim</span> <span class='ocrx_word' id='word_1_236' title='bbox 570 2221 747 2256; x_wconf 83' lang='lat' dir='ltr'>dividitur</span> <span class='ocrx_word' id='word_1_237' title='bbox 783 2221 901 2265; x_wconf 86' lang='lat' dir='ltr'>anmi)</span> <span class='ocrx_word' id='word_1_238' title='bbox 941 2232 1170 2269; x_wconf 85' lang='lat' dir='ltr'>occupavere</span> <span class='ocrx_word' id='word_1_239' title='bbox 1189 2236 1197 2257; x_wconf 92' lang='lat'>:</span> 
     </span>
     <span class='ocr_line' id='line_1_34' title="bbox 97 2283 1201 2335; baseline -0.001 -14"><span class='ocrx_word' id='word_1_240' title='bbox 97 2286 206 2334; x_wconf 88' lang='lat' dir='ltr'>idque</span> <span class='ocrx_word' id='word_1_241' title='bbox 225 2285 439 2335; x_wconf 65' lang='lat' dir='ltr'>praesidium</span> <span class='ocrx_word' id='word_1_242' title='bbox 459 2284 616 2321; x_wconf 83' lang='lat' dir='ltr'>Casilini</span> <span class='ocrx_word' id='word_1_243' title='bbox 636 2283 829 2320; x_wconf 85' lang='lat' dir='ltr'>habebant</span> <span class='ocrx_word' id='word_1_244' title='bbox 849 2283 1027 2319; x_wconf 85' lang='lat' dir='ltr'>Romani.</span> <span class='ocrx_word' id='word_1_245' title='bbox 1080 2284 1201 2320; x_wconf 78' lang='lat' dir='ltr'>Addi-</span> 
     </span>
    </p>
   </div>
  </div>
 </body>
</html>
