1527 2661
314 218 469 249 LIBER
491 216 637 247 xxvh
661 214 776 251 cn.
800 212 944 242 xxvx.
1105 209 1185 252 537

70 308 202 352 edixit,
224 316 264 345 ut
291 314 430 359 praesto
451 306 504 343 ibi
530 307 671 356 Scopas
692 302 891 351 AEtolique
910 306 1048 337 essent.
1106 297 1294 372 &taff-g·
1304 305 1385 372 95ΐέ-

71 372 257 422 Anticyra
276 378 332 409 est
351 372 391 408 in
406 370 569 408 Locride
588 368 681 405 laeva
700 373 807 418 parte
827 365 950 401 sinum
967 363 1187 400 Corinthia·
1231 363 1239 373 “
1282 365 1288 371 ”
1372 363 1379 370 '

72 449 157 472 cum
177 436 406 473 intrantibus
424 452 430 472 :
463 435 576 471 breve
595 439 696 469 terra
716 432 787 467 iter
806 442 865 472 eo,
888 428 1011 465 brevis
1032 428 1188 476 naviga-

73 500 128 535 tio
149 500 195 536 ab
215 500 421 551 Naupacto
441 506 509 536 est.
566 497 698 533 Tertio
719 495 835 531 ferme
863 498 949 543 post
968 491 1029 528 die
1055 491 1189 527 utrim-

73 577 145 613 que
165 565 379 615 obpuguari
399 569 525 614 coepta
544 568 612 598 est.
660 560 822 596 Gravior
841 571 862 594 a
882 556 975 593 mari
991 556 1189 606 obpugna-

72 630 129 666 tio
149 637 253 677 erat3
285 632 372 680 quia
393 636 431 667 et
445 634 640 666 tormenta
658 626 919 674 machinaeque
935 623 1058 660 omnis
1074 636 1190 672 gene-

73 695 123 731 ris
143 695 183 732 in
209 696 368 732 navibus
398 701 520 737 erant,
541 700 579 729 et
597 691 765 729 Romani
795 690 882 727 inde
901 688 1190 739 obpugnabant.

72 758 209 808 Itaque
227 760 329 796 intra
348 771 487 809 paucos
508 759 585 794 dies
606 762 758 808 recepta
778 754 866 791 urbs
884 766 953 804 per
964 753 1193 790 deditionem

74 822 218 859 AEtolis
258 823 433 867 traditur,
464 822 590 874 praeda
619 834 666 857 ex
701 826 815 871 pacto
851 818 1037 855 Romanis
1069 817 1192 853 cessit.

69 886 211 924 Literae
230 887 389 924 Laevino
408 887 577 931 redditae,
598 886 792 923 consulem
813 897 899 921 eum
917 884 1114 921 absentem
1132 884 1194 921 de-

75 949 274 995 claratum,
304 957 342 988 et
371 963 628 988 successorem
655 950 783 986 venire
809 949 853 985 P.
867 947 1101 998 Sulpicium:
1133 961 1194 984 ce-

75 1026 213 1064 terum,
234 1021 414 1057 diuturno
434 1020 488 1057 ibi
506 1019 643 1057 morbo
662 1017 870 1068 inplicituS,
889 1017 1007 1053 serius
1027 1029 1093 1068 spe
1112 1029 1195 1053 om—

78 1085 183 1120 nium
219 1084 385 1121 Romam
420 1085 535 1121 venit.
590 1081 881 1125 M.Marce11us,
914 1093 1030 1130 quum
1064 1080 1195 1118 Idibus

77 1148 230 1186 Martiis
261 1148 499 1186 consulatum
528 1147 674 1190 inisset,
705 1154 877 1182 senatum
908 1158 953 1181 eo
976 1145 1050 1188 die,
1080 1146 1195 1182 moris

78 1215 194 1253 modo
214 1227 360 1257 caussa,
377 1214 511 1250 habuit
526 1228 533 1249 :
566 1213 772 1263 professuS,
789 1212 881 1248 nihil
897 1224 946 1255 se,
963 1211 1103 1249 absente
1121 1213 1195 1249 col-

78 1282 173 1328 lega,
194 1291 306 1328 neque
324 1281 367 1315 de
385 1279 579 1327 republica,
599 1289 710 1326 neque
728 1278 772 1313 cle
789 1278 998 1326 provinciis,
1018 1282 1196 1315 acturum.

78 1345 182 1381 Scire
205 1357 255 1387 se,
275 1344 488 1394 frequentes
507 1343 648 1379 Siculos
671 1355 786 1391 prope
809 1343 931 1378 urbem
960 1344 996 1378 in
1024 1343 1119 1378 villis
1138 1343 1197 1378 ob-

81 1414 318 1446 tractatorum
354 1421 500 1445 suorum
533 1420 627 1444 esse:
655 1409 791 1457 quibus’,
823 1412 962 1443 tantum
998 1407 1127 1448 abesse,
1157 1412 1199 1444 ut

74 1486 141 1522 per
157 1486 194 1510 se
219 1486 288 1509 non
316 1474 421 1509 liceat
446 1474 573 1520 palam
596 1472 718 1508 Romae
745 1473 897 1508 crimina
921 1473 1020 1508 edita
1035 1471 1201 1521 fictaque

79 1539 124 1574 ab
142 1539 294 1575 inimicis
318 1539 478 1586 vulgare,
505 1542 558 1580 ut,
580 1539 615 1573 ni
641 1537 865 1579 simularent,
886 1537 1043 1584 aliquem
1061 1536 1126 1573 sibi
1153 1538 1199 1573 ti-

80 1615 227 1646 morem,
258 1603 397 1639 absente
425 1604 577 1650 collega,
609 1603 750 1639 dicemli
773 1603 817 1638 de
844 1602 986 1638 consule
1014 1612 1096 1644 esse,
1122 1602 1202 1650 'ipse

82 1669 131 1703 eis
149 1668 325 1715 extemplo
346 1668 494 1703 daturus
512 1671 674 1702 senatum
689 1665 823 1715 fuerit.
880 1666 948 1702 Ubi
966 1666 1108 1713 quidem
1128 1667 1201 1702 col-

83 1732 163 1779 lega
181 1733 339 1774 venisset,
360 1743 431 1767 non
457 1744 647 1779 passurum
667 1732 863 1779 quidquam
880 1731 982 1778 prius
1000 1732 1074 1778 agi,
1095 1742 1204 1778 quam

81 1801 122 1832 ut
142 1796 258 1832 Siculi
283 1798 319 1832 in
341 1802 506 1832 senatum
535 1797 823 1832 introducantur.
872 1796 1065 1831 Deiectum
1089 1807 1204 1843 prope

83 1874 104 1896 a
125 1861 180 1896 M.
195 1862 361 1897 Cornelio
388 1873 454 1909 per
484 1866 600 1897 totam
618 1861 785 1897 Siciliam
814 1860 986 1902 habitum,
1016 1864 1058 1895 ut
1076 1871 1202 1906 quam—

81 1925 232 1972 plurimi
259 1931 420 1974 questum
449 1927 492 1963 de
518 1939 554 1961 se
573 1925 727 1962 Romam
755 1927 939 1961 venirent:
967 1926 1127 1960 eumdem
1159 1925 1203 1960 li-

85 1991 169 2025 teris
188 1988 301 2038 falsis
328 1990 448 2026 urbem
477 1991 640 2038 implesse,
671 1990 801 2025 bellum
831 1990 867 2025 in
897 1989 1025 2024 Sicilia
1053 2000 1137 2031 esse,
1166 1993 1206 2024 ut

83 2066 185 2089 suam
216 2055 359 2090 laudem
395 2057 545 2091 minuat.
601 2053 794 2090 Moderati
824 2053 939 2089 animi
967 2052 1131 2102 gloriam
1160 2065 1205 2088 eo

85 2118 144 2153 die
172 2117 328 2168 adeptus
357 2118 503 2161 consul,
531 2123 704 2154 senatum
724 2117 888 2162 dimisit,
922 2130 964 2152 ac
985 2128 1102 2166 prope
1122 2115 1207 2166 jus-

88 2182 215 2217 titium
236 2182 404 2218 omnium
433 2195 556 2218 rerum
576 2181 745 2217 futurum
772 2180 984 2224 videbatur,
1005 2181 1126 2216 donec
1153 2180 1207 2216 al-

88 2253 145 2283 ter
165 2247 298 2283 consul
318 2247 363 2283 ad
392 2247 524 2284 urbem
543 2248 718 2284 venisset.
776 2246 924 2290 Otium,
946 2253 987 2282 ut
1008 2246 1118 2289 solet,
1141 2258 1207 2283 ex-

88 2310 217 2346 citavit
238 2310 357 2360 plebis
390 2322 581 2347 rumores:
613 2311 695 2348 belli
716 2312 970 2352 diuturnitate,
992 2315 1027 2346 et
1051 2315 1210 2346 vastatos

86 2387 190 2421 agros
212 2378 307 2412 circa
337 2376 470 2418 urbem,
493 2389 564 2424 qua
594 2376 723 2425 infesto
744 2378 887 2424 agmine
907 2378 987 2411 isset
1006 2374 1207 2419 Hannibal,

591 2440 624 2476 A
645 2453 668 2475 a
685 2440 707 2475 5
