1527 2661
330 136 416 179 300
787 142 832 169 T.
855 141 987 170 mvn

150 237 239 268 uc,
257 239 449 275 535,quum
472 240 536 275 pro
565 228 660 264 vallo
681 231 913 276 pugnandum
939 236 1030 273 erat,
1058 236 1177 267 castra
1203 232 1435 273 tradiderunt,

150 280 239 312 A.C.
256 286 450 340 2¹⁶·neque
478 294 514 328 z'n
543 295 616 329 acie
642 305 752 342 neque
777 296 815 330 in
844 297 968 331 castris
984 297 1100 332 utiles.
1151 296 1218 332 Vos
1235 297 1440 332 redimam?

338 369 448 405 quum
465 369 646 405 erumpere
664 361 789 395 castris
806 365 956 408 oportet,
978 362 1193 398 cunctamini
1211 374 1254 397 ac
1269 361 1418 397 manetis
1430 375 1442 395 :
1485 395 1486 400 ,

342 434 450 469 quum
464 434 619 465 manere,
636 428 752 459 castra
769 427 881 460 tutari
895 428 1003 461 armis
1021 439 1152 463 necesse
1165 431 1215 462 est
1225 442 1238 470 ,-
1267 430 1302 461 et
1320 429 1439 461 castra

342 490 377 521 et
393 498 495 521 arma
509 491 544 522 et
557 499 617 522 vos
631 489 722 534 ipsos
737 489 879 523 traditis
896 489 998 525 hosti.
1046 490 1124 538 Ego
1142 502 1211 526 non
1226 492 1338 537 magis
1357 490 1440 525 istos

341 551 573 593 redimendos,
595 552 724 587 Patres
751 554 952 601 conscripti,
982 565 1113 596 censeo,
1139 565 1246 601 quam
1273 554 1352 588 illos
1380 554 1440 589 de-

342 614 473 649 dendos
491 615 703 657 Hannibali,
724 617 783 664 qui
804 628 869 663 per
894 618 1023 652 medios
1042 617 1153 653 ‚hostes
1177 629 1196 652 e
1213 618 1337 653 castris
1359 628 1440 652 eru-

337 684 484 726 perunt,
516 692 558 716 ac
590 692 656 728 per
682 692 855 718 summam
884 683 1051 718 virtutem
1078 694 1114 717 se
1140 683 1273 730 patriae
1299 681 1441 717 restitu-

340 750 455 780 erunt.

152 808 284 840 Senatus
395 807 506 844 LXI.
535 807 742 857 Postquam
771 808 938 844 Manlius
970 809 1078 852 dixit,
1112 821 1336 858 quamquam
1366 808 1440 845 Pa-

152 860 291 935 {Zssiievtos
341 878 441 908 trum
461 885 608 921 quoque
633 872 830 921 plerosque
855 874 992 922 captivi
1018 873 1244 921 cognatione
1270 872 1442 921 adtinge-

152 947 218 968 non
234 949 300 970 esse
343 936 449 979 bant,
470 943 604 986 praeter
627 936 836 986 exemplum
857 937 1016 973 civitatis
1037 938 1189 973 minime
1215 938 1253 972 in
1273 937 1439 986 captivos

154 982 310 1012 redimen-
346 1000 354 1008 .
449 1002 456 1009 .
638 1003 645 1009 .
703 1003 710 1009 .
811 1003 818 1009 .
1009 1003 1015 1009 .
1213 1002 1220 1009 .

152 1025 218 1054 dos.
337 1014 419 1051 jam
448 1002 533 1037 inde
570 1009 775 1050 antiquitus
809 1001 1051 1050 indulgentis,
1089 1015 1255 1052 pecumae
1292 1014 1440 1051 quoque

345 1077 489 1100 summa
507 1065 677 1101 homines
705 1066 844 1101 movit:
878 1066 965 1114 quia
983 1078 1051 1100 nec
1072 1067 1241 1101 aerarium
1267 1066 1440 1102 exhauri-
1463 1103 1470 1116 ι

345 1141 397 1171 re,
418 1142 555 1177 magna
568 1128 650 1178 jam
667 1142 812 1165 summa
827 1135 982 1177 erogata
1000 1130 1039 1164 in
1058 1141 1183 1164 servos
1204 1129 1248 1164 ad
1269 1128 1442 1165 militiam

346 1195 522 1230 emendos
540 1195 825 1243 armandosque,
839 1208 908 1230 nec
923 1194 1179 1230 Hannibalem
1195 1195 1356 1230 maxime
1370 1195 1441 1230 hu-

339 1257 448 1308 jusce
477 1260 543 1300 rei,
574 1265 616 1294 ut
635 1259 736 1295 fama
766 1265 859 1302 erat,
895 1266 1067 1308 egentem
1095 1258 1315 1308 locupletari
1339 1259 1441 1296 vole—

344 1322 448 1359 bant.
505 1324 630 1363 Quum
650 1325 756 1360 triste
783 1337 1017 1374 responsum,
1038 1336 1106 1360 non
1129 1326 1256 1360 redimi
1270 1325 1441 1372 captivos,

344 1388 529 1424 redditum
559 1395 668 1431 esset,
689 1401 881 1438 novusque
911 1401 1020 1438 super
1048 1394 1208 1424 veterem
1236 1388 1357 1425 luctus
1385 1395 1443 1425 tot

338 1450 490 1501 jactura
519 1453 654 1490 civium
682 1453 847 1503 adjectus
877 1459 987 1495 esset,
1018 1465 1102 1488 cum
1131 1454 1273 1501 magnis
1292 1453 1441 1489 fletibus

154 1529 259 1559 Nimis
271 1529 334 1559 031-
347 1517 611 1566 questibusque
624 1517 765 1567 legatos
783 1519 827 1554 ad
844 1525 990 1567 portam
1004 1518 1190 1566 prosecuti
1207 1523 1304 1553 sunt.
1334 1518 1440 1554 Unus

153 1572 321 1611 ndaju‘is·
347 1592 392 1616 ex
409 1581 454 1616 iis
474 1582 623 1617 domum
652 1582 757 1625 abiit,
779 1583 878 1631 quod
897 1582 1020 1618 fallaci
1040 1582 1161 1617 reditu
1186 1582 1223 1616 in
1244 1581 1442 1632 castraju·

152 1617 545 1699 {xixpiitta-rerl'assdO
574 1658 612 1681 se
641 1646 870 1682 exsolvisset.
918 1646 1029 1685 Quod
1055 1645 1117 1681 ubi
1146 1646 1324 1689 innotuit,
1347 1646 1442 1682 rela-

158 1703 211 1733 tio.
347 1716 499 1757 tumque
520 1710 565 1745 ad
585 1716 755 1746 senatum
775 1716 842 1753 est}
865 1723 993 1746 omnes
1015 1717 1251 1752 censuerunt,
1273 1723 1441 1760 compre-

347 1773 582 1809 hendendum
603 1783 640 1809 et
663 1774 877 1810 custodibus
905 1774 1051 1824 publice
1071 1774 1166 1810 datis
1186 1774 1441 1812 deducendum

348 1837 393 1872 ad
413 1837 667 1874 Hannibalem
692 1851 782 1874 esse.
839 1838 908 1874 Est
934 1845 971 1874 et
991 1838 1062 1874 alia
1082 1838 1126 1874 de
1152 1839 1306 1888 captivis
1325 1838 1438 1882 fama,

348 1901 474 1936 decem
502 1903 642 1950 primos
668 1903 834 1939 venisse:
868 1904 911 1939 de
941 1904 991 1938 eis
1015 1916 1128 1951 quum
1161 1903 1371 1939 dubitatum
1402 1904 1440 1939 in

348 1971 479 2000 senatu
509 1972 618 2008 esset,
648 1967 932 2002 admitterentur
961 1968 999 2002 in
1028 1966 1170 2009 urbem,
1200 1979 1269 2002 nec
1288 1979 1357 2012 ne3
1390 1968 1443 2003 ita

348 2028 527 2063 admissos
557 2041 650 2071 esse,
670 2042 717 2064 ue
745 2036 869 2065 tamen
896 2031 939 2065 iis
970 2038 1118 2066 senatus
1140 2030 1297 2065 daretur.
1352 2030 1442 2066 Mo-

347 2092 515 2128 rantibus
536 2094 668 2129 deinde
686 2093 835 2143 longius
852 2096 1018 2130 omnium
1039 2107 1116 2144 spe,
1133 2094 1225 2130 alios
1245 2100 1318 2129 tres
1338 2094 1441 2131 insu-

346 2167 413 2205 per
441 2155 584 2204 legatos
615 2158 772 2201 venisse,
801 2158 847 2194 L.
876 2158 1125 2201 Scribonium,
1156 2164 1191 2193 et
1219 2158 1261 2193 C.
1283 2157 1440 2207 Calpur—

347 2219 464 2261 nium,
482 2226 517 2254 et
536 2219 582 2256 L.
594 2220 780 2257 Manlium
797 2237 803 2258 :
836 2229 916 2257 tum
935 2222 1080 2258 denium
1096 2221 1142 2257 ab
1159 2228 1321 2269 cognato
1341 2222 1439 2257 Scri-

347 2282 451 2320 bonii
470 2284 623 2321 tribuno
649 2285 766 2336 plebis
787 2287 830 2322 de
856 2287 1077 2324 redimendis
1103 2285 1256 2336 captivis
1286 2285 1443 2324 relatum
