1527 2661
69 279 111 310 U.
129 281 164 311 C.
184 287 257 312 536.

70 325 110 354 A.
127 324 164 356 C.
181 329 255 355 216.

66 599 229 632 Delibera-

67 650 118 672 tur
127 645 165 673 de
178 655 232 675 ex-

68 685 184 723 plendo
200 699 248 718 se-

66 735 155 761 natu.

72 2087 189 2117 Fabius

74 2130 174 2160 Buteo

71 2173 205 2202 dictator

71 2214 195 2253 legendi

70 2264 201 2288 senatus

73 2309 196 2331 caussa.

264 193 349 235 332
736 195 782 224 τ.
805 196 938 226 mvn

268 280 314 317 L.
328 280 527 318 AEmilium
544 288 580 318 et
597 284 639 319 C.
652 283 880 321 Flaminium
897 298 1070 323 censores
1091 292 1242 322 senatus
1257 283 1376 322 lectus

266 346 405 389 fuerat,
427 360 542 396 quum
561 355 710 384 tantum
730 356 947 386 senatorum
968 351 1131 387 adversae
1157 363 1309 400 pugnae,
1329 349 1376 386 ad

264 410 339 446 hoc
359 412 416 447 sui
436 424 620 460 quemque
641 425 748 449 casus
768 426 835 463 per
854 415 1151 463 quinquennium
1172 415 1376 451 absumsis-

264 481 359 510 sent.
417 475 545 514 Quum
565 476 608 511 de
628 489 672 513 ea
691 491 729 513 re
748 478 817 515 Μ’.
830 478 1065 529 Pomponius
1084 486 1239 529 praetor,
1256 480 1377 515 dicta-

263 545 346 574 tore
366 547 454 588 post
471 540 679 577 Casilinum
696 544 873 578 amissum
889 543 1062 593 profecto
1074 543 1157 593 jam
1173 544 1219 580 ad
1235 544 1378 579 exerci-

263 610 356 645 tum,
378 604 669 652 exposcentibus
691 606 835 642 cunctis
854 606 1067 652 retulisset3
1099 612 1181 642 tum
1201 607 1264 655 Sp.
1282 606 1376 642 Car-

260 668 384 711 vilius,
407 682 520 717 quum
540 669 656 720 longa
675 673 848 708 oratione
868 685 945 708 non
965 672 1087 709 solum
1107 673 1290 724 inopiam,
1311 673 1377 709 sed

262 734 493 783 paucitatem
521 736 636 771 etiam
667 737 819 779 civium,
851 749 870 773 e
891 737 1036 786 quibus
1054 737 1092 773 in
1112 736 1243 773 Patres
1270 736 1374 785 lege-

263 808 408 841 rentur,
443 806 670 849 conquestus
702 806 814 843 esset,
841 800 1016 851 explendi
1046 806 1198 836 senatus
1229 812 1376 844 caussa,

262 868 299 897 et
311 862 497 912 jungendi
527 864 643 899 artius
664 863 793 899 Latini
819 864 999 907 nominis,
1020 876 1090 913 pro
1115 876 1256 912 magna
1274 876 1315 899 re
1335 875 1375 899 se

261 926 415 961 suadere
435 926 543 969 dixit,
566 933 607 962 ut
633 939 679 962 ex
699 926 855 975 singuljs
882 926 1032 977 populis
1052 926 1297 969 Latinorum,
1317 926 1378 963 bi-

259 990 316 1024 nis
342 991 596 1033 senatoribus,
618 992 648 1026 si
668 991 800 1026 Patres
820 990 990 1027 Romani
1011 990 1262 1034 censuissent,
1283 991 1376 1027 civi-

259 1061 316 1090 tas
335 1055 499 1097 daretur,
517 1061 630 1103 atque
646 1056 685 1090 in
701 1056 985 1091 demortuorum
1000 1054 1128 1091 locum
1142 1055 1182 1090 in
1199 1060 1376 1092 senatum

259 1117 486 1167 legerentur.
546 1118 642 1155 Eam
663 1120 892 1154 sententiam
919 1118 1023 1154 haud
1043 1117 1270 1167 aequioribus
1297 1118 1380 1154 ani-

258 1183 343 1225 mis,
365 1195 477 1231 quam
495 1183 662 1232 ipsorum
674 1183 864 1231 quondam
880 1182 1115 1232 postulatum
1128 1182 1374 1226 Latinorum,

256 1247 388 1283 Patres
419 1247 640 1283 audierunt:
674 1255 725 1289 et,
747 1260 863 1296 quum
891 1246 1063 1283 fremitus
1089 1246 1372 1296 indignantium

257 1316 342 1346 tota
356 1311 460 1346 curia
475 1317 586 1353 esset,
603 1317 641 1345 et
660 1311 848 1360 praecipue
867 1309 1050 1353 BIanlius,
1068 1322 1138 1346 esse
1157 1312 1267 1346 etiam
1283 1322 1377 1348 nunc

260 1375 384 1422 stirpis
408 1373 482 1419 ejus
508 1376 638 1416 virum,
659 1373 814 1416 diceret,
846 1386 888 1409 ex
907 1386 978 1421 qua
997 1375 1178 1422 quondam
1207 1375 1246 1409 in
1267 1374 1378 1423 Capi-

265 1440 351 1475 tolio
371 1439 493 1474 consul
514 1440 673 1474 minatus
701 1443 801 1480 esset,
823 1450 926 1486 quem
945 1439 1118 1474 Latinum
1147 1439 1186 1474 in
1205 1439 1307 1474 curia
1324 1440 1380 1474 vi-

265 1504 384 1545 disset,
415 1515 494 1538 eum
528 1515 594 1538 sua
627 1514 735 1538 mana
767 1514 803 1537 se
840 1502 1116 1550 interfecturum
1127 1519 1140 1546 ,-
1170 1502 1218 1541 Q.
1238 1501 1379 1538 Fabius

264 1566 472 1609 Maximus,
495 1567 699 1614 Numquam
719 1568 768 1602 rei
787 1567 898 1603 ullius
917 1567 1086 1602 alieniore
1106 1571 1262 1614 tempore
1281 1578 1379 1602 men-

267 1632 397 1666 tionem
415 1629 564 1678 factam
593 1632 629 1666 z'n
657 1635 797 1671 senatu,
819 1629 928 1673 dixit,
950 1642 1059 1678 quam
1088 1631 1182 1666 inter
1211 1634 1284 1665 tam
1303 1642 1379 1665 sus-

263 1708 389 1744 pensos
407 1697 582 1731 sociorum
607 1697 744 1731 animos
769 1697 1009 1743 incertamque
1022 1695 1138 1743 fidem
1164 1696 1204 1730 id
1229 1699 1379 1738 tactum,

267 1762 362 1808 quod
382 1762 522 1808 insuper
546 1760 756 1795 sollicitaret
775 1772 831 1795 eos
843 1775 855 1796 .·
883 1772 962 1795 eam
980 1761 1084 1795 unius
1103 1759 1252 1796 hominis
1272 1763 1382 1794 teme-

265 1826 403 1860 rariam
421 1837 537 1860 vocem
557 1825 698 1860 silentio
717 1826 876 1860 omnium
895 1825 1189 1871 exstinguendam
1208 1835 1279 1859 esse
1290 1839 1303 1867 ;
1331 1828 1382 1866 et,

264 1890 294 1923 si
313 1889 400 1935 quid
429 1901 599 1936 umquam
617 1891 743 1924 arcani
770 1890 927 1924 sanctive
951 1890 1000 1924 ad
1027 1889 1204 1923 silendam
1224 1890 1260 1923 in
1280 1889 1382 1923 curia

254 1951 388 2001 faerit,
407 1954 444 1988 id
462 1954 615 1988 omnium
638 1954 792 1988 'maxime
809 1954 1010 2000 tegendum,
1032 1953 1274 1993 occulendum,
1291 1951 1380 1987 obli-

263 2018 480 2059 viscendum,
496 2029 564 2064 pro
591 2029 659 2052 non
680 2018 774 2052 dicto
801 2017 998 2053 habendum
1024 2029 1118 2052 esse:
1146 2017 1200 2052 ita
1219 2014 1299 2064 ejus
1326 2016 1380 2050 rei

265 2079 446 2129 obpressa
473 2081 616 2115 mentio
639 2086 707 2115 est.
764 2080 1019 2122 Dic*at0rem‚
1041 2080 1105 2128 qui
1128 2091 1262 2114 censor
1290 2084 1379 2113 ante

264 2144 412 2186 suisset,
434 2144 783 2192 vetustissimusque
805 2157 850 2179 ex
870 2144 936 2185 eis,
958 2144 1022 2192 qui
1042 2144 1223 2184 viverent,
1245 2154 1379 2177 censo-

266 2209 330 2244 riis
351 2215 463 2250 esset,
485 2208 603 2244 creari
623 2207 779 2257 placuit,
802 2209 865 2256 qui
885 2214 1058 2243 senatum
1077 2206 1242 2254 legeret:
1275 2205 1378 2241 adci-

266 2273 372 2321 rique
400 2273 444 2307 C.
464 2271 686 2307 Terentium
714 2272 909 2308 consulem
937 2271 983 2307 ad
1009 2272 1233 2307 dictatorem
1253 2270 1379 2305 dicen-

267 2337 356 2374 dum
382 2335 602 2387 jusserunt:
635 2337 713 2385 qui,
744 2349 859 2385 quum
894 2348 940 2372 ex
969 2335 1123 2387 Apulia,
1155 2333 1286 2370 relicto
1322 2332 1378 2370 ibi
