1527 2661
265 199 349 243 542
726 204 772 231 T.
799 204 933 232 mvn

71 291 164 322 U.C.
180 299 253 323 542.
268 289 492 339 transferri?
522 289 583 326 Ita
609 297 777 335 senatus,
799 305 928 340 quum,
951 292 1040 342 quid
1067 293 1246 343 placeret,
1267 295 1387 345 magis

69 334 160 365 A.C.
179 346 184 354 ¹
203 343 252 367 ¹⁰⁸
265 355 508 398 ostendisset,
530 367 644 404 quam
671 355 873 398 decresset,
898 356 1102 393 dimittitur
1120 373 1127 393 :
1161 359 1259 394 inter
1285 360 1388 409 ipsos

264 419 439 456 consules
487 419 719 470 permutatio
763 421 1059 469 provinciarum,
1098 423 1269 473 rapiente
1305 423 1387 460 fato

262 483 491 521 Marcellum
521 484 568 520 ad
597 483 873 528 Hannibalem,
900 484 1004 521 facta
1032 492 1115 522 est:
1148 494 1203 529 ut,
1235 500 1282 524 ex
1310 500 1387 537 quo

263 549 406 600 primus
430 549 595 584 adversae
621 560 759 598 pugnae
779 547 942 596 gloriam
961 556 1127 600 ceperat,
1146 551 1185 586 in
1205 550 1285 600 ejus
1305 550 1388 588 lau-

264 613 348 650 dem
370 621 582 664 postremus
604 612 870 649 Romanorum
890 614 1177 664 imperatorum,
1198 617 1388 666 prosperis

263 685 346 714 tum
365 678 530 714 maxime
548 677 694 714 bellicis
714 677 840 720 rebus,
864 678 1026 714 caderet.

64 742 251 774 Siculorum
318 743 456 779 XXX.
486 742 716 778 Permutatis
744 743 964 791 provinciis,
988 742 1120 786 Siculi,
1148 743 1187 779 in
1213 750 1387 781 senatum

180 342 196 366 ῑυ

63 787 163 817 oratic-
183 787 215 817 in
266 809 273 816 .
462 807 469 814 .
751 806 766 808 >v
795 807 801 814 .
904 807 911 814 .
1039 809 1045 814 .

66 830 204 861 Marcel,
264 807 486 849 lntroductl,
521 805 641 842 multa
674 806 719 842 de
751 806 932 843 Hleroms
968 820 1066 855 regis
1102 807 1174 843 fide
1203 814 1386 858 perpetua

64 872 147 905 lum·
263 886 353 922 erga
390 875 573 923 populum
604 871 824 908 Romanum
862 872 978 908 verba
1006 872 1193 917 fecerunt,
1229 874 1268 909 in
1298 887 1384 923 gra-

262 939 356 974 tiam
392 938 583 989 publicam
620 943 847 979 avertente&
889 938 1147 985 Hieronymum
1182 950 1226 973 ac
1261 944 1387 986 postea

261 1005 526 1052 Hippocratem
545 1007 581 1037 et
595 1003 793 1050 Epicydem
813 1007 995 1048 tyrannos,
1013 1014 1122 1050 quum
1140 1003 1182 1038 ob
1199 1004 1289 1046 alia,
1310 1008 1386 1040 tum

257 1075 408 1119 propter
435 1068 669 1116 defectionem
688 1067 731 1102 ab
752 1067 926 1102 Romanis
945 1068 994 1102 ad
1012 1067 1269 1109 Hannibalem,
1290 1070 1383 1104 invi—

259 1147 316 1170 sos
323 1133 442 1183 fuisse
459 1133 547 1168 sibi:
565 1132 605 1167 οἱ)
624 1144 703 1167 eam
724 1143 885 1167 caussam
905 1136 940 1167 et
958 1132 1221 1180 Hieronymum
1240 1146 1263 1168 a
1280 1134 1383 1180 prin-

262 1199 396 1247 cipibus
405 1198 606 1243 juventutis
622 1208 736 1244 prope
753 1196 892 1243 publico
913 1196 1057 1232 consilio
1076 1196 1306 1245 interfectum
1319 1213 1331 1233 :
1350 1202 1385 1234 et

261 1265 300 1300 in
320 1264 492 1312 Epicydis
511 1264 817 1311 Hippocratisque
836 1263 964 1298 caeclem
992 1265 1224 1311 septuaginta
1240 1264 1383 1300 nobilis-

260 1330 433 1364 simorum
451 1326 626 1373 juvenum
653 1326 931 1373 conjurationem
949 1327 1098 1376 factam
1112 1344 1125 1371 ‚-
1155 1340 1253 1376 quos,
1275 1329 1383 1365 Mar-

260 1393 342 1428 celli
361 1404 461 1427 mora
482 1393 683 1432 destitutos,
704 1393 790 1439 quia
816 1392 864 1426 ad
890 1392 1103 1439 praedictum
1129 1396 1267 1439 tempus
1285 1405 1383 1428 exer·

258 1459 368 1493 citum
388 1457 437 1492 acl
459 1456 652 1504 Syracusas
671 1468 739 1491 nan
765 1457 988 1498 admovisset,
1010 1457 1143 1491 indicio
1159 1455 1283 1504 facto,
1305 1469 1379 1493 om·

257 1533 318 1557 nes
339 1521 382 1557 ab
410 1522 572 1568 tyrannis
600 1520 817 1568 interfectos.
876 1520 971 1555 Eam
989 1532 1128 1568 quoque
1145 1520 1382 1568 Hippocratis

258 1591 368 1633 atque
387 1585 562 1632 Epicydis
577 1585 806 1632 tyrannidem
826 1583 1044 1619 [Marcellum
1060 1585 1242 1626 excitasse,
1260 1584 1380 1621 Leon-

259 1652 343 1686 tinis
371 1650 566 1685 crudeliter
592 1650 754 1697 direptis.
812 1649 1021 1695 Numquam
1049 1648 1176 1683 deinde
1201 1649 1382 1697 principes

259 1715 567 1762 Syracusanorum
587 1715 714 1750 desisse
732 1714 781 1749 ad
800 1713 1020 1749 Marcellum
1043 1715 1209 1755 transire,
1227 1714 1380 1761 pollice-

257 1781 371 1827 rique,
395 1791 432 1815 se
455 1778 590 1820 urbem,
620 1790 728 1825 quum
753 1778 872 1819 vellet,
899 1779 931 1812 ei
961 1778 1185 1813 tradituros:
1215 1778 1276 1812 sed
1301 1789 1380 1813 eum

253 1844 373 1891 primo
392 1844 429 1880 vi
447 1854 575 1890 capere
593 1842 783 1886 maluisse3
816 1842 912 1883 dein,
934 1852 1044 1888 quum
1070 1841 1110 1876 id
1133 1851 1247 1888 neque
1266 1845 1378 1884 terra,

255 1919 369 1956 neque
387 1909 496 1949 mari,
518 1908 639 1942 omnia
665 1910 843 1954 expertus,
869 1906 1054 1953 potuisset,
1077 1909 1242 1941 auctores
1260 1907 1378 1943 tradi-
1407 1909 1410 1911 ’

256 1977 379 2008 tarum
405 1972 665 2020 Syracusarum
682 1971 838 2020 fabrum
862 1971 1029 2006 cerarium
1056 1969 1185 2013 Sosim,
1207 1975 1243 2006 et
1261 1971 1378 2007 Men·-

255 2050 335 2074 cum
352 2038 495 2086 Hispan
503 2050 574 2079 um,
593 2049 699 2084 quam
716 2037 895 2084 principes
911 2035 1219 2082 Syracusanorum
1234 2035 1376 2079 habere,

256 2104 360 2138 toties
379 2103 419 2138 id
436 2101 678 2149 nequidquam
700 2101 798 2137 ultro
817 2099 1026 2149 obferentes,
1046 2105 1262 2147 praeoptusse
1274 2117 1285 2136 .·
1307 2112 1376 2148 quo

253 2167 388 2203 scilicet
410 2165 565 2212 justiore
597 2167 640 2201 de
669 2177 795 2201 caussa
826 2167 1078 2201 vetustissimos
1104 2165 1216 2200 socios
1248 2164 1376 2212 populi

255 2231 414 2267 Romani
433 2231 645 2272 trucidaret,
666 2242 710 2266 ac
729 2230 910 2277 diriperet.
969 2229 1012 2265 Si
1038 2240 1109 2264 non
1135 2229 1376 2275 Hieronymus

252 2295 302 2330 ad
318 2294 563 2330 Hannibalem
582 2292 778 2342 defecisset,
799 2294 860 2328 sed
885 2293 1040 2342 populus
1068 2291 1315 2340 Syracusanus
1339 2296 1374 2327 et

249 2364 408 2404 senatus,
427 2361 458 2395 si
481 2364 608 2408 portas
627 2358 806 2395 Marcello
825 2358 1044 2405 Syracusani
1057 2357 1214 2405 publice,
1235 2361 1269 2392 et
1289 2368 1371 2399 non„
