1527 2661
299 195 383 247 546
759 206 802 234 T.
829 207 962 235 L1v11

105 295 409 332 U.C.542.1·anni
440 303 561 337 erant,
592 295 630 330 in
661 307 754 343 quos
785 295 933 345 culpam
961 294 1203 331 conferrent:
1236 295 1301 332 sed
1325 296 1415 333 satis

104 344 143 374 A.
158 344 194 374 C.
212 352 286 376 210.

98 1588 147 1619 M.
162 1588 249 1619 Atilii

95 1639 262 1662 sentenna.

299 371 457 408 pensum
486 372 699 409 poenarum,
726 365 786 395 tot
815 372 962 395 veneno
991 360 1189 404 absumtis,
1210 366 1270 396 tot
1295 361 1414 397 securi

298 423 484 472 percussis
518 423 771 466 senatoribus,
803 423 1019 459 eredebant.
1073 424 1215 460 Paucos
1248 424 1416 460 nobilium

295 489 502 536 superstites
526 500 610 529 esse,
632 500 717 536 quos
741 500 805 523 nec
828 501 894 524 sua
919 490 1143 532 conscientia,
1162 494 1204 525 ut
1222 491 1416 538 quidquam

297 553 342 587 de
359 564 394 587 se
410 554 557 600 gravius
576 554 810 595 consulerent,
831 554 1016 601 inpulerit,
1036 565 1099 588 nec
1116 554 1261 589 victoris
1278 555 1336 589 ira
1355 566 1414 590 ca—

292 618 383 665 pitis
402 618 627 653 damnaverit
642 634 654 660 ,-
683 630 741 653 eos
760 618 960 654 libertatem
985 618 1050 653 sibi
1075 619 1228 666 suisque,
1249 623 1285 654 et
1309 618 1415 654 bono-

295 693 378 717 rum
397 682 559 730 aliquam
583 687 726 730 partem
749 695 865 725 orare,
887 684 978 718 cives
1000 682 1194 726 Romanos,
1215 683 1417 732 adfinitati-

296 746 357 782 bus
381 747 570 795 plerosque
594 752 629 783 et
654 749 867 796 propinquis
885 746 968 794 jam
987 747 1255 795 cognationibus
1273 759 1315 783 ex
1333 759 1417 783 con·

294 811 400 847 nubib
428 816 565 847 vetusto
589 810 746 858 junctos.
810 811 1004 848 Submotis
1038 812 1172 848 deinde
1206 824 1226 848 e
1255 801 1413 862 templO,

294 875 500 926 paullisper
532 876 761 920 dubitatum,
793 889 844 913 an
875 878 1117 914 arcessendus
1150 890 1172 914 a
1203 877 1335 926 Capua
1364 876 1413 916 Q.

294 938 449 976 Fulvius
470 947 591 976 esset:
628 942 816 988 (mortuus
837 942 938 977 enim
957 947 1045 991 post
1065 949 1217 991 captam
1232 940 1412 977 Claudius

295 1004 429 1040 consul
449 1006 546 1050 erat)
571 1011 612 1040 ut
631 1018 758 1041 coram
779 1006 1022 1055 imperatore,
1044 1006 1106 1054 qui
1134 1018 1191 1042 res
1219 1005 1410 1054 gessisset,

295 1069 393 1105 sicut
426 1070 526 1105 inter
555 1069 782 1106 Marcellum
817 1069 1039 1119 Siculosque
1071 1070 1323 1120 disceptatum
1352 1069 1413 1105 fu-

294 1139 388 1177 erat,
410 1133 703 1184 disceptaretur:
737 1134 838 1177 dein,
860 1147 975 1183 quum
993 1133 1050 1171 M.
1067 1133 1242 1177 Atilium,
1264 1134 1307 1171 C.
1323 1133 1414 1170 Fu}-

294 1198 395 1233 vium
421 1197 578 1234 fratrem
604 1198 745 1241 Flacci,
774 1198 920 1247 legatos
948 1197 1043 1248 ejus,
1071 1211 1114 1234 ac
1134 1198 1181 1237 Q.
1197 1197 1413 1236 Minucium

293 1268 332 1298 et
350 1261 397 1299 L.
414 1262 615 1299 Veturium
637 1263 852 1306 Philonem,
875 1264 966 1299 item
990 1262 1138 1299 Claudii
1165 1262 1327 1311 legatos,
1347 1263 1411 1312 qui

293 1326 469 1363 omnibus
485 1328 659 1376 gerendis
673 1328 783 1365 rebus
800 1328 1013 1371 adfuerant,
1027 1328 1066 1364 in
1082 1334 1215 1364 senatu
1229 1327 1412 1372 viderent,

290 1403 362 1427 nec
391 1390 567 1428 Fulvium
596 1393 747 1429 avocari
777 1406 796 1429 a
828 1393 974 1443 Capua,
994 1405 1065 1428 nec
1087 1392 1226 1429 differri
1247 1392 1410 1442 Campa-

291 1467 360 1491 nos
382 1455 523 1492 vellent
538 1473 548 1502 3
572 1458 828 1506 interrogatus
850 1458 1078 1493 sententiam
1097 1456 1154 1494 M.
1171 1456 1310 1492 Atilius
1331 1456 1411 1493 Re-

291 1519 416 1568 gulus,
438 1519 544 1570 cujus
568 1534 615 1557 ex
634 1521 694 1564 iis,
715 1521 779 1570 qui
799 1521 846 1557 ad
867 1521 1038 1571 Capuam
1059 1521 1224 1564 fuerant,
1245 1521 1411 1557 maxima

291 1584 498 1620 auctoritas
519 1592 598 1620 erat
616 1601 625 1630 3
660 1586 705 1621 In
724 1586 883 1627 consilio,
901 1585 1037 1633 inquit,
1058 1585 1212 1621 arbitror
1229 1597 1285 1621 me
1292 1584 1412 1633 faisse

290 1649 499 1692 consulibus,
517 1649 643 1697 Capua
663 1654 784 1697 capta,
803 1662 911 1698 quum
926 1654 1155 1697 quaereretur,
1170 1651 1286 1697 ecquis
1304 1649 1410 1685 Cam-

284 1725 466 1761 panorum
485 1715 530 1750 <le
547 1714 730 1762 republica
755 1718 877 1750 nostra
903 1714 987 1749 bene
1011 1714 1159 1749 meritus
1183 1717 1293 1756 esset‚·
1323 1715 1412 1750 duas

288 1778 457 1814 mulieres
488 1783 709 1826 compertum
739 1783 802 1820 est,
833 1778 987 1813 Vestiam
1019 1778 1174 1825 Oppiam
1200 1777 1409 1813 Atellanam

290 1841 425 1890 Capuae
449 1842 684 1885 habitantem,
707 1847 742 1878 et
764 1842 961 1878 Fauculam
990 1842 1167 1883 Cluviam,
1195 1853 1272 1889 quae
1298 1853 1410 1890 quon-

286 1907 371 1942 dam
397 1912 569 1954 quaestum
594 1919 742 1955 corpore
760 1906 935 1955 fecisset3
965 1908 1067 1942 illam
1095 1907 1255 1954 quotidie
1271 1907 1365 1942 sacri
1391 1927 1408 1934 -

286 1983 382 2006 casse
396 1984 466 2019 pro
483 1972 600 2007 salute
619 1977 654 2007 et
672 1973 825 2007 victoria
846 1973 975 2019 populi
1000 1971 1182 2015 Romani5
1212 1971 1304 2007 hanc
1322 1984 1407 2019 cap—

286 2036 367 2070 tivis
391 2036 572 2082 egentibus
597 2036 770 2071 alimenta
790 2037 882 2071 clam
901 2036 1153 2083 subpeditasse.
1203 2035 1408 2072 Ceterorum

284 2101 445 2135 omnium
463 2100 731 2148 Campanorum
751 2102 911 2136 eumdem
931 2113 1018 2148 erga
1036 2112 1099 2135 nos
1117 2101 1290 2142 animum,
1305 2112 1408 2147 quem

285 2163 659 2210 Karthaginiensium,
671 2163 812 2212 fuisse:
832 2166 1015 2212 securique
1030 2176 1212 2212 percussos
1226 2177 1248 2199 a
1265 2164 1308 2204 Q.
1321 2163 1406 2199 Ful-

282 2228 340 2262 vio
360 2240 431 2263 esse
450 2230 576 2276 magis,
599 2241 751 2276 quorum
776 2230 934 2276 dignitas
958 2230 1049 2264 inter
1068 2229 1171 2270 alios,
1193 2240 1298 2275 quam
1318 2240 1405 2275 quo-

281 2303 362 2327 rum
383 2293 490 2340 culpa
510 2294 697 2330 eminebat.
745 2294 820 2330 Per
847 2298 1008 2329 senatum
1037 2294 1098 2341 agi
1125 2294 1168 2328 de
1196 2292 1403 2339 Campanis,

281 2357 345 2404 qui
364 2359 455 2395 cives
474 2358 631 2395 Romani
649 2363 746 2401 sunt,
767 2357 900 2404 injussu
918 2359 1045 2407 populi
1065 2369 1133 2393 non
1153 2358 1255 2393 video
1276 2368 1378 2404 posse
1392 2372 1403 2391 .-
