1527 2661
369 208 520 236 LIBER
546 207 686 236 XXVI.
719 207 824 234 CAP.
848 207 893 234 Χ.
1102 206 1183 252 513

74 291 263 330 Collinam
283 294 592 344 Esquilinamque
617 307 758 344 ponere
781 300 903 330 castra
922 310 929 330 τ
963 295 1006 330 C.
1024 295 1182 346 Calpur-
1197 308 1236 337 U,
1249 307 1285 338 c,
1304 314 1376 339 541.

72 359 178 396 nium
198 367 397 410 praetorern
419 361 603 398 urbanum
624 359 816 410 Capitolio
843 366 956 409 atque
983 362 1059 396 arci
1088 374 1182 411 prae-
1198 352 1234 380 A·
1248 351 1285 381 C·
1304 358 1376 382 ²¹¹·

74 435 177 459 esse:
213 431 251 460 et
280 432 453 462 senatum
481 426 717 474 frequentem
748 426 785 460 in
815 424 900 460 foro
930 426 1131 469 contineri,
1153 428 1183 462 si

73 486 162 534 quid
182 488 220 522 in
240 494 317 524 tam
338 490 472 525 subitis
494 490 604 525 rebus
625 488 800 524 consulto
821 501 915 538 opus
936 496 1044 525 esset.
1079 488 1184 526 Inter
1198 499 1361 530 Hannibal

71 550 152 586 haec
178 551 376 589 Hannibal
402 554 448 589 ad
474 554 661 589 Anienem
684 552 851 596 fluvium,
871 553 945 589 tria
963 553 1082 589 millia
1099 544 1235 604 pas-ad
1246 543 1398 574 Romam·

72 625 180 650 suum
210 615 257 651 ab
287 617 393 660 urbe,
415 624 538 653 castra
558 617 750 652 admovit:
783 616 835 652 ibi
862 617 1008 652 stativis
1035 618 1183 667 positis,

71 677 151 728 ipse
180 692 265 715 cum
294 681 441 717 duobus
471 681 636 717 millibus
667 681 837 729 equitum
859 694 881 716 a
903 686 1014 731 porta
1035 681 1186 718 Collina

71 755 188 791 usque
215 744 262 780 ad
287 744 464 781 Herculis
485 744 669 795 templum
695 751 751 781 est
776 757 1023 794 progressus;
1056 752 1183 795 atque,

70 807 170 843 unde
197 809 369 858 proxime
398 816 561 859 poterat,
583 809 725 845 moenia
754 809 942 858 situmque
969 808 1069 845 urbis
1093 809 1184 846 obe-

70 871 220 920 quitans
242 873 582 923 contemplabatur.
630 873 675 909 ld
693 886 779 910 eum
798 878 877 909 tam
895 872 1054 909 licenter
1072 880 1187 923 atque

70 935 193 971 otiose
226 936 363 980 facere,
394 937 532 974 Flacco
561 938 760 986 indignum
788 938 909 972 visum
938 942 1017 972 est:
1057 938 1185 986 itaque

70 998 215 1035 inmisit
240 1000 398 1049 equites,
420 1000 710 1050 submoverique
730 1007 845 1049 atque
864 1000 903 1036 in
923 1006 1046 1036 castra
1064 1001 1184 1049 redigi

70 1062 239 1099 hostium
258 1065 468 1113 equitatum
487 1064 617 1114 jussit.
673 1065 800 1104 Quum
822 1064 1064 1100 commissum
1082 1078 1183 1114 proe-

70 1125 162 1162 lium
182 1133 294 1170 esset,
316 1127 488 1164 consules
508 1128 723 1176 transfugas
739 1127 1004 1170 Numidarum,
1023 1128 1085 1177 qui
1101 1134 1184 1164 tum

70 1190 108 1225 in
128 1191 320 1227 Aventino
348 1192 394 1228 ad
420 1191 522 1228 mille
546 1198 583 1228 et
605 1192 787 1228 ducentos
808 1197 929 1235 erant,
950 1191 1072 1228 media
1092 1192 1184 1229 urbe

70 1255 230 1291 transire
259 1256 448 1305 Esquilias
471 1255 692 1307 jusserunt:
725 1255 848 1291 nullos
879 1257 1057 1305 aptiores,
1085 1256 1184 1292 inter

71 1318 260 1355 convalles
288 1325 463 1368 tectaque
493 1320 690 1356 hortorum
720 1325 758 1355 et
786 1318 957 1369 sepulcra
981 1325 1047 1355 aut
1073 1332 1181 1356 cavas

69 1383 236 1432 undique
268 1385 360 1426 vias,
396 1384 443 1420 ad
479 1385 724 1434 pugnandum
761 1383 908 1419 futuros
943 1384 1044 1419 rati:
1087 1396 1181 1432 quos

69 1459 185 1495 quum
217 1460 263 1484 ex
292 1461 377 1485 arce
407 1449 675 1499 Capitolioque
704 1448 802 1484 clivo
830 1447 983 1497 publico
1011 1448 1051 1483 in
1077 1449 1181 1496 equis

68 1511 307 1549 decurrentes
344 1514 496 1562 quidam
531 1514 728 1556 vidissent,
760 1518 912 1562 captum
947 1513 1181 1548 Aventinum

68 1574 411 1614 conclamaverunt.
440 1577 499 1613 Ea
519 1590 576 1612 res
596 1582 746 1613 tantum
765 1575 969 1612 tumultum
989 1588 1031 1611 ac
1050 1575 1180 1624 fugam

68 1639 242 1688 praebuit,
260 1646 315 1683 ut,
331 1641 403 1676 nisi
422 1647 545 1677 castra
563 1641 708 1676 Punica
727 1646 835 1677 extra
854 1640 985 1676 urbem
1003 1640 1177 1683 fuissent,

67 1701 230 1738 effusura
255 1715 295 1738 se
321 1704 443 1739 omnis
469 1704 606 1753 pavida
631 1703 834 1739 multitudo
856 1702 995 1739 fuerit:
1027 1709 1119 1740 tunc
1138 1704 1178 1739 in

67 1766 199 1802 domos
220 1773 332 1815 atque
359 1768 397 1803 in
423 1774 526 1804 tecta
544 1767 783 1816 refugiebant
801 1783 808 1804 :
828 1779 1031 1817 ⁴vagosque
1049 1768 1089 1803 in
1108 1768 1177 1803 viis

67 1841 153 1865 suos
190 1842 259 1879 pro
295 1830 468 1866 hostibus
505 1830 692 1880 lapidibus
731 1830 889 1879 telisque
925 1831 1175 1868 incessebant.

65 1893 149 1929 Nec
183 1895 379 1944 comprimi
412 1894 594 1930 tumultus
632 1895 842 1945 aperirique
874 1907 978 1929 error
1010 1901 1173 1944 poterat,

64 1958 212 1993 refertis
232 1958 428 1994 itineribus
449 1959 654 2006 agrestium
672 1947 784 1994 turba
802 1970 1068 2008 pecorumque,
1091 1972 1173 2008 quae

64 2024 282 2072 repentinus
313 2036 429 2072 pavor
458 2024 497 2059 in
527 2023 657 2059 urbem
687 2023 931 2073 compulerat.
987 2024 1173 2073 Equestre

63 2085 238 2135 proelium
271 2087 473 2122 secundum
502 2086 588 2128 fuit,
622 2086 863 2135 submotique
895 2087 1023 2122 hostes
1055 2094 1168 2123 sunt:

63 2157 114 2192 et,
139 2150 225 2198 quia
255 2149 382 2185 multis
411 2149 506 2186 locis
537 2150 808 2200 comprimendi
837 2150 1019 2186 tumultus
1049 2157 1170 2194 erant,

62 2214 126 2262 qui
152 2222 293 2250 temere
319 2213 551 2257 oriebantur,
573 2213 728 2264 placuit,
750 2227 895 2258 omnes,
919 2215 981 2263 qui
1008 2215 1171 2256 dictato·
1223 2249 1228 2253 .

61 2289 134 2319 res,
156 2277 342 2321 consules,
364 2290 582 2314 censoresve
601 2278 774 2322 fuissent,
792 2292 877 2315 cum
897 2279 1055 2328 imperio
1075 2291 1169 2322 esse,

63 2342 182 2378 donec
201 2343 415 2379 recessisset
434 2355 456 2379 a
474 2343 589 2379 muris
608 2343 741 2381 hostis.
798 2343 850 2380 Et
870 2343 943 2379 diei
962 2342 1064 2392 quod
1082 2342 1201 2392 reli-.-

578 2406 610 2442 Z
627 2407 648 2443 5
