1527 2661
500 491 854 538 EPITOME
901 492 1123 540 LIBRI
1159 494 1252 541 XI.

407 856 527 892 UUM
551 855 678 891 Fabius
702 855 839 903 Gurges
867 857 990 892 consul
1014 856 1109 891 male
1137 856 1306 891 adversus
1328 855 1435 891 Sam·

416 922 507 956 nites
523 924 726 967 pugnasset,
744 924 779 955 et
796 924 940 955 senatus
960 921 1003 955 de
1021 920 1230 955 removendo
1257 931 1296 955 eo
1315 918 1359 955 ab
1377 931 1437 955 ex-

324 986 437 1022 ercitu
449 988 583 1031 ageret,
597 982 726 1019 Fabius
737 982 784 1018 M
783 985 921 1019 aoeimus
930 988 1049 1031 pater,
1065 985 1274 1031 deprecatus
1288 982 1439 1032 hancfi·

326 1051 366 1085 lii
379 1049 626 1095 ignominiam,
645 1059 685 1082 eo
703 1048 857 1082 maxime
870 1052 1034 1083 senatum
1047 1050 1169 1090 movit,
1191 1048 1286 1095 quod
1304 1049 1442 1083 iturum

324 1114 453 1162 sejilio
467 1114 623 1160 legatum
642 1112 826 1159 pollicitus
841 1117 904 1154 est,
922 1114 1027 1160 idque
1041 1114 1212 1161 prcestitit
1225 1129 1236 1149 :
1264 1111 1338 1158 ejus
1357 1124 1440 1148 con-

324 1178 414 1212 siliis
439 1181 473 1211 et
498 1187 605 1223 opera
620 1176 725 1223 filius
753 1177 875 1211 consul
902 1175 1060 1221 adjutus,
1091 1178 1185 1212 coesis
1206 1175 1441 1218 Samnitibus,

327 1239 572 1287 triumphavit.
633 1238 671 1274 C.
704 1239 890 1281 Pontium,
926 1241 1177 1287 imperatorem
1209 1239 1441 1282 Samnitium,

326 1306 471 1340 (luctum
508 1305 543 1338 in
577 1303 758 1350 triumpho
787 1306 901 1340 securi
928 1306 1113 1352 percussit.
1155 1305 1290 1345 Quum
1319 1306 1444 1340 civitas

322 1369 531 1417 pestilentia
561 1368 754 1410 laboraret,
784 1370 882 1404 missi
912 1369 1035 1416 legati,
1065 1375 1107 1405 ut
1134 1370 1343 1417 AEsculapii
1372 1371 1444 1416 sig·

326 1446 411 1469 num
433 1432 587 1467 Romam
606 1431 650 1467 ab
671 1431 858 1479 Epidauro
879 1433 1127 1482 transferrent,
1147 1445 1311 1481 anguem,
1333 1434 1394 1481 qui
1412 1445 1448 1469 se

328 1500 364 1533 in
383 1509 506 1532 nucem
535 1509 657 1532 eorum
688 1498 904 1539 contulerat,
928 1500 963 1533 in
985 1511 1052 1546 quo
1078 1500 1193 1546 ipsum
1218 1509 1348 1534 numen
1376 1509 1446 1533 esse

327 1561 525 1602 constabat,
545 1562 802 1608 deportavere:
821 1574 930 1609 eoque
946 1564 979 1597 in
1000 1564 1155 1598 insulam
1176 1563 1310 1598 Tiberis
1327 1573 1442 1610 egres-

326 1637 378 1667 so,
410 1625 533 1660 eodem
563 1625 638 1659 loco
667 1626 757 1660 cedes
785 1626 1002 1674 AEsculapio
1032 1630 1237 1661 consecrata
1270 1630 1331 1662 est.
1398 1626 1442 1662 L.

331 1690 538 1725 Postumius
568 1689 775 1730 consularis,
807 1692 990 1737 quoniam,
1022 1702 1132 1738 quum
1157 1690 1326 1725 exercitui
1349 1702 1445 1737 prce-

329 1757 428 1793 esset,
456 1765 564 1801 opera
587 1754 741 1789 militum
772 1755 808 1789 in
837 1767 926 1802 agro
945 1767 1008 1790 suo
1028 1767 1112 1790 usus
1141 1760 1233 1797 erat,
1255 1755 1448 1790 damnatus

328 1824 390 1854 est.
451 1817 539 1853 Cum
568 1818 788 1854 Samnitibus
810 1832 936 1867 pacem
957 1820 1157 1868 petentibus
1175 1818 1298 1868 faedus
1317 1823 1446 1866 quarto

328 1886 535 1918 renovatum
570 1888 632 1918 est.
682 1883 811 1919 Curius
843 1885 1029 1920 Dentatus
1063 1885 1195 1926 consul,
1227 1883 1447 1919 Samnitibus

329 1949 437 1986 ccesis,
468 1952 502 1981 et
522 1947 677 1989 Sabinis,
699 1949 760 1994 qui
787 1948 1062 1991 rebellaverant,
1092 1951 1206 1991 victis,
1228 1953 1263 1984 et
1291 1950 1328 1983 in
1348 1948 1447 1983 dedi·

330 2013 459 2047 tionem
484 2013 652 2058 acceptis,
679 2012 730 2047 bis
754 2014 789 2047 in
810 2014 932 2048 eodem
956 2015 1173 2060 magistratu
1199 2012 1447 2060 triumphavit.

332 2076 487 2111 Coloniae
512 2076 670 2111 deductae
694 2081 789 2118 sunt,
814 2076 993 2119 Castrum,
1016 2078 1123 2119 Sena,
1144 2077 1300 2112 Hadria.
1365 2078 1445 2112 Tri-

331 2140 459 2175 umviri
478 2140 651 2186 capitales
672 2145 754 2175 tunc
777 2143 935 2188 primum
957 2143 1069 2177 creati
1087 2146 1180 2176 sunt.
1213 2140 1325 2176 Censu
1351 2146 1445 2184 acto,

330 2205 481 2240 lustrum
511 2205 693 2240 conditum
722 2210 797 2240 est:
830 2218 932 2241 censa
959 2211 1042 2241 sunt
1071 2207 1199 2241 civium
1229 2207 1351 2253 capita
1380 2206 1447 2241 clu—

329 2273 432 2303 eenta
459 2270 692 2315 septuaginta
711 2270 780 2304 duo
810 2270 941 2305 millia.
988 2269 1093 2305 Plebs
1116 2274 1265 2317 propter
1286 2281 1331 2305 ces
1356 2270 1445 2305 alie-

328 2344 424 2376 num,
441 2337 523 2380 post
539 2344 666 2380 graves
690 2338 723 2368 et
752 2334 875 2382 longas
896 2334 1099 2377 seditiones,
1120 2334 1169 2370 ad
1197 2333 1366 2369 ultimum
1393 2345 1445 2369 se—
