1527 2661
407 178 561 207 mnssn
587 178 634 206 x.
669 178 872 206 CAP.X1.
1144 166 1195 219 87

80 269 223 306 tamine
244 268 374 305 urbem
396 270 576 305 invasere.
625 267 686 304 Ita
704 267 924 316 Nequinum
952 268 990 303 in
1012 267 1195 305 ditionem
1211 266 1251 295 U·
1266 265 1302 295 C·
1320 271 1398 297 4⁵3·

82 333 213 384 populi
232 333 399 369 Romani
420 333 536 368 venit.
581 331 744 368 Colonia
764 344 809 367 eo
831 331 1005 366 adversus
1028 331 1195 369 Umbros
1209 310 1248 339 A'
1264 309 1301 339 C'
1320 316 1394 343 299.

82 397 210 440 missa,
239 410 261 433 a
283 397 436 432 flumine
465 395 615 432 Narnia
651 395 861 445 adpellata:
896 396 1081 432 exercitus
1113 409 1198 433 cum

80 470 220 510 magna
249 462 375 512 praeda
403 460 569 496 Romam
598 460 785 496 reductus.
833 460 980 496 Eodem
1019 472 1119 496 anno
1150 461 1197 497 ab

79 524 251 561 Etruscis
272 526 448 562 adversus
468 525 637 561 inducias
659 531 830 574 paratum
851 523 991 560 bellum
1008 539 1014 560 :
1049 525 1113 561 sed
1133 538 1198 561 eos
1213 533 1335 563 Etrusci
1351 534 1420 564 bel-

1213 576 1283 606 lum
1301 578 1410 607 adver-

1212 630 1225 649 s
1389 638 1404 643 -

82 665 245 700 gressus,
267 653 472 703 paullisper
501 665 523 688 a
542 653 740 702 proposito
771 653 917 689 avertit.
948 652 1116 690 Pecunia
1135 654 1197 690 de·
1213 629 1270 692 nigss
1286 621 1387 693 {joorssa

81 587 155 625 alia
184 589 382 625 molientes
405 588 603 625 Gallorum
632 590 765 636 ingens
796 589 996 631 exercitus,
1018 587 1110 624 fines
1141 589 1197 624 in-

79 717 181 760 inde,
203 730 277 765 qua
295 716 455 752 multum
477 722 668 765 poterant,
690 716 792 759 freti,
814 718 937 752 socios
959 730 1005 753 ex
1025 718 1202 755 hostibus
1213 712 1324 737 untur,

80 780 204 816 facere
225 780 355 816 Gallos
376 786 577 821 conantur,
600 785 641 815 ut
661 792 706 815 eo
727 779 908 829 adjuncto
928 782 1097 817 exercitu
1114 795 1201 818 cum

78 845 264 882 Romanis
284 845 481 882 bellarent.
511 845 572 881 De
592 846 776 881 societate
795 845 897 881 haud
919 846 1094 882 abnuunt
1112 847 1201 883 bar-

82 910 188 947 bari:
221 911 267 946 de
303 910 474 946 mercede
513 910 660 958 agitur:
694 922 768 958 qua
805 916 918 959 pacta
954 918 1199 960 acceptaque,

84 988 199 1024 quum
219 982 352 1025 parata
381 981 507 1010 cetera
537 975 583 1010 ad
603 974 745 1013 bellum
776 980 915 1016 essent,
937 975 1117 1023 sequique
1146 975 1199 1011 E-

82 1046 228 1075 truscus
249 1038 418 1089 juberet,
439 1039 584 1075 inficias
616 1045 720 1081 eunt,
742 1041 937 1075 mercedem
962 1051 997 1075 se
1017 1040 1098 1075 belli
1126 1040 1201 1076 Ro-

82 1106 198 1140 manis
216 1104 393 1152 inferendi
408 1109 535 1152 pactos
548 1121 559 1140 .·
589 1105 763 1152 qzcithuid
783 1106 997 1151 acceperint,
1015 1107 1201 1152 accepisse,

83 1181 127 1204 ne
160 1181 289 1216 agrum
319 1170 512 1205 Etruscum
548 1173 746 1210 vastarent,
783 1170 960 1216 armisque
996 1170 1206 1206 lacesserent

85 1234 247 1269 cultores.
277 1233 504 1268 Militaturos
520 1237 637 1267 tamen
655 1244 703 1273 se,
723 1234 753 1267 si
772 1234 894 1279 utique
908 1233 1051 1269 Etrusci
1069 1235 1179 1270 velint
1190 1251 1204 1279 ,-

83 1298 145 1333 sed
164 1299 267 1333 nulla
292 1299 369 1333 alia
396 1298 568 1338 mercede,
591 1309 695 1345 quam
717 1302 757 1332 ut
782 1298 818 1332 z'n
840 1301 981 1344 partem
1003 1300 1083 1345 agri
1109 1301 1202 1335 acce·-

83 1363 248 1411 piantur,
267 1363 480 1410 tandemque
495 1363 619 1409 aliqua
635 1363 715 1398 sede
730 1367 827 1397 certa
843 1363 1046 1398 coms-tant.
1075 1362 1203 1399 Multa

86 1427 132 1462 de
151 1438 196 1462 eo
216 1425 378 1462 concilia
403 1425 632 1475 populorum
651 1425 815 1461 Etruriae
835 1425 988 1461 habita:
1022 1439 1091 1462 nec
1117 1440 1203 1476 per-

83 1491 144 1528 fici
162 1491 367 1540 quidquam
387 1491 534 1540 potuit3
568 1503 645 1526 non
666 1496 742 1525 tam
764 1490 851 1538 quia
871 1490 1031 1526 inminui
1053 1504 1199 1539 agrum,

85 1567 197 1604 quam
218 1555 307 1604 quia
333 1553 484 1590 adcolas
512 1553 583 1589 sibi
604 1554 762 1602 quisque
789 1552 995 1603 adjungere
1016 1560 1092 1590 tam
1114 1555 1200 1591 effe-

87 1625 176 1655 ratae
197 1620 319 1667 gentis
340 1619 512 1655 homines
540 1618 743 1654 horrebat:
778 1619 832 1654 ita
851 1618 993 1654 dimissi
1015 1618 1115 1654 Galli
1136 1633 1202 1669 pe-

88 1683 237 1719 cuniam
258 1683 451 1731 ingentem
472 1683 553 1717 sine
572 1681 703 1718 labore
723 1695 767 1718 ae
788 1682 955 1731 periculo
976 1689 1123 1732 partam
1144 1697 1202 1719 re-

86 1747 267 1783 tulerunt.
312 1745 446 1782 Romae
475 1752 658 1781 terrorem
684 1745 843 1795 praebuit
865 1746 965 1781 fama
985 1746 1122 1782 Gallici
1142 1753 1203 1782 tu-

88 1811 226 1847 multus
244 1811 290 1846 ad
308 1810 449 1846 bellum
464 1810 669 1846 Etruscum
689 1808 825 1859 adjecti
843 1825 849 1844 :
883 1823 928 1846 eo
949 1811 1071 1846 minus
1089 1824 1204 1847 cunc-

87 1883 213 1912 tanter
231 1875 354 1911 foedus
374 1876 492 1911 ictum
512 1887 597 1910 cum
617 1875 763 1910 Picenti
784 1874 927 1924 populo
948 1880 1016 1910 est.

142 1939 215 1975 XI.
248 1940 294 1975 T.
323 1939 473 1975 Blanlio
507 1938 651 1975 consuli
684 1938 839 1976 Etruria
878 1939 1071 1987 provincia
1102 1945 1202 1975 sorte
1215 1939 1252 1969 T·
1272 1940 1387 1970 Manlii

88 2005 234 2040 evenit:
268 2004 345 2052 qui,
377 2004 529 2040 vixdum
552 2005 742 2053 ingressus
769 2005 937 2040 hostium
961 2004 1066 2047 fines,
1089 2018 1203 2053 quum
1217 1992 1281 2014 COS‘
1300 1993 1397 2015 Μοῖς’

87 2074 324 2104 exerceretur
350 2069 449 2104 inter
474 2070 633 2117 equites,
655 2069 702 2105 ab
730 2069 862 2118 rapido
883 2081 992 2104 cursu
1019 2069 1202 2106 circuma—

86 2133 210 2182 gendo
230 2145 327 2181 equo
347 2133 499 2176 effusus,
521 2133 712 2183 extemplo
732 2145 849 2183 prope
869 2134 1095 2182 exspiravit:
1128 2140 1204 2170 ter-

87 2197 162 2232 tius
192 2196 239 2232 ab
269 2209 314 2232 eo
345 2210 431 2232 casu
462 2197 539 2232 dies
570 2197 653 2233 finis
684 2197 770 2233 vitae
801 2197 946 2232 consuli
973 2197 1058 2234 fuit.
1114 2198 1203 2237 Quo

88 2260 190 2296 velut
218 2261 344 2296 omine
374 2260 461 2296 belli
493 2269 664 2311 accepto,
687 2261 791 2297 Deos
822 2273 890 2310 pro
911 2274 949 2296 se
970 2261 1204 2297 commisisse

88 2324 228 2361 bellum
248 2332 501 2362 memorantes
522 2325 673 2362 Etrusci
696 2325 879 2362 sustulere
900 2326 1059 2362 animos.
1121 2324 1203 2362 Ro-
