1527 2661
108 278 200 309 U.C.
219 285 293 309 538.

109 322 149 352 A.
162 320 200 352 C.
218 330 291 353 214.

110 727 256 758 Puteolos

108 773 222 801 frustra

106 822 217 846 tentat.

117 2020 287 2054 Hannonis

118 2073 150 2096 et
162 2064 300 2094 Gracchi

117 2109 274 2139 exercitus

116 2153 153 2182 ad
173 2153 274 2181 Bene-

118 2202 264 2226 ventum.

303 173 386 228 386
756 185 800 212 T.
827 185 964 214 mvn

304 273 462 310 Tarenti
489 273 677 324 potiundi.
735 273 877 311 Urbem
902 287 983 311 esse
1002 274 1168 318 videbat,
1189 288 1304 324 quum
1323 289 1421 327 opu-

304 337 446 374 lentam
466 337 723 386 nobilemque,
744 345 826 374 tum
845 339 1088 381 maritimam,
1111 344 1149 374 et
1175 340 1214 374 in
1235 339 1419 377 Macedo·

303 403 407 439 niam
426 408 641 452 opportune
660 414 805 438 versam
821 417 828 437 ε
860 415 1064 451 regemque
1083 402 1300 453 Philippum
1318 404 1422 440 hunc

303 473 471 517 portum,
502 467 533 502 si
562 467 741 503 transiret
770 467 809 502 in
839 466 1005 509 Italiam,
1030 479 1147 515 quum
1175 467 1421 504 Brundisium

305 530 473 567 Romani
490 530 689 573 haberent,
715 531 935 580 petiturum.
985 530 1100 566 Sacro
1123 530 1208 566 inde
1227 538 1421 581 perpetra-

304 601 360 638 to,
388 595 435 631 ad
455 595 557 644 quod
581 600 750 637 venerat,
778 601 830 638 et,
858 594 947 630 dum
975 593 1028 630 ibi
1055 601 1239 638 moratur,
1267 607 1421 645 pervas-

302 665 386 696 tato
406 672 498 709 agro
519 659 692 695 Cumano
711 671 830 708 usque
857 658 903 694 ad
929 657 1071 694 Miseni
1099 660 1420 708 promontorium,

303 724 486 761 Puteolos
506 730 661 773 repente
681 735 818 772 agmen
838 724 1040 765 convertit,
1065 723 1111 759 ad
1131 723 1421 774 obprimendam

303 790 518 843 praesidium
548 788 781 825 Romanum.
839 789 914 825 Sex
932 788 1052 825 millia
1080 789 1279 826 hominum
1298 796 1421 832 erant,

303 863 341 893 et
360 856 465 892 locus
485 855 725 891 munimento
745 867 910 903 quoqne,
941 866 1019 889 non
1048 860 1184 891 natura
1209 855 1338 897 modo,
1358 860 1420 891 tu-

301 928 376 960 tus.
432 920 617 957 Triduum
648 919 701 955 ibi
730 926 899 955 moratus
931 919 1088 964 Poenus,
1115 920 1162 957 ab
1183 920 1288 957 omni
1314 926 1422 971 parte

302 995 452 1026 tentato
471 986 661 1037 praesidio,
680 986 829 1029 deinde,
847 993 889 1022 ut
908 986 1003 1022 nihil
1022 987 1266 1037 procedebat,
1283 988 1331 1024 ad
1352 1000 1423 1038 po-

302 1052 510 1104 pulandum
533 1062 665 1099 agrum
681 1049 997 1100 Neapolitanum,
1014 1052 1135 1099 magis
1151 1051 1208 1087 ira
1222 1064 1335 1101 quam
1348 1064 1421 1103 po-

304 1117 446 1154 tiundae
476 1115 578 1152 urbis
609 1127 687 1165 spe,
709 1116 906 1164 processit.
961 1115 1140 1152 Adventu
1171 1115 1250 1166 ejus
1271 1117 1308 1152 in
1335 1129 1426 1166 pro-

303 1183 487 1233 pinquum
522 1192 653 1229 agrum
683 1179 839 1215 Nolana
868 1186 973 1216 mota
1005 1186 1062 1216 est
1092 1180 1213 1231 plebs,
1240 1180 1324 1230 jam
1357 1181 1423 1218 diu

305 1259 436 1284 aversa
454 1245 501 1282 ab
522 1245 708 1281 Romanis
726 1251 764 1280 et
783 1244 922 1281 infesta
942 1246 1090 1281 senatui
1112 1258 1199 1281 suo:
1223 1246 1351 1294 itaque
1370 1245 1425 1282 le-

307 1311 385 1360 gati
405 1310 453 1346 ad
472 1308 738 1346 arcessendum
767 1309 1042 1353 Hannibalem,
1064 1323 1149 1346 cnm
1178 1310 1279 1346 hand
1308 1309 1426 1346 dubio

305 1375 494 1426 promisso
522 1362 728 1409 tradendae'
746 1370 863 1416 urbis,
893 1380 1091 1410 venerunt.
1147 1374 1337 1410 Praevenit
1368 1374 1427 1410 in-

303 1447 456 1491 ceptum
478 1451 609 1475 eorum
626 1436 832 1473 Marcellus
857 1437 1006 1480 consul,
1028 1452 1049 1474 a
1074 1438 1302 1488 primoribus
1323 1435 1426 1474 adci-

306 1511 381 1540 tus.
437 1502 512 1539 Die
542 1514 619 1538 uno
647 1500 863 1537 Suessulam
892 1515 914 1537 a
944 1501 1114 1546 Calibus,
1135 1515 1250 1551 quum
1270 1501 1427 1538 Vultur-

306 1581 378 1604 nus
399 1567 519 1604 amnis
543 1564 798 1615 trajicientem
818 1572 985 1601 moratus
1010 1572 1122 1608 esset,
1151 1567 1398 1603 contenderat
1417 1581 1423 1602 τ

309 1633 396 1670 inde
424 1632 599 1682 proxima
627 1636 740 1666 nocte
762 1643 828 1666 sex
858 1630 977 1667 millia
1004 1631 1187 1681 peditum,
1210 1631 1429 1680 equitesque

307 1704 515 1739 trecentos,
537 1696 599 1745 qui
619 1695 796 1745 praesidio
816 1695 963 1731 senatui
985 1702 1123 1737 essent,
1144 1694 1285 1731 Nolam
1306 1696 1428 1732 intro-

308 1762 430 1798 misit:
465 1767 516 1803 et,
537 1760 593 1795 nti
613 1773 635 1795 a
655 1759 810 1796 consule
833 1759 962 1794 omnia
988 1759 1135 1809 inpigre
1155 1758 1257 1795 facta
1275 1765 1364 1795 sunt
1383 1760 1428 1796 ad

310 1824 649 1877 praeoccupandam
677 1823 834 1867 Nolam,
856 1824 910 1859 ita
938 1823 1137 1859 Hannibal
1162 1830 1310 1874 tempus
1330 1830 1430 1860 tere-

310 1891 400 1935 bat3
433 1889 490 1925 bis
514 1887 594 1938 jam
626 1894 715 1924 ante
743 1888 999 1937 nequidquam
1027 1894 1177 1924 tentata
1202 1900 1256 1929 re,
1276 1888 1431 1937 segnior

312 1955 360 1991 ad
380 1953 604 1990 credendum
627 1952 790 1989 Nolanis
812 1952 947 1989 factus.

365 2017 477 2054 XIV.
508 2016 648 2053 Iisdem
669 2016 800 2052 diebus
822 2022 860 2052 et
879 2016 928 2055 Q.
944 2015 1083 2052 Fabius
1105 2014 1236 2051 consul
1257 2015 1304 2052 ad
1324 2015 1432 2051 Casi-

314 2083 432 2119 linum
454 2081 693 2122 tentandum‚
715 2080 816 2129 quod
843 2079 1020 2129 praesidio
1046 2078 1194 2116 Punico
1214 2078 1429 2122 tenebatur,

313 2147 436 2191 venit3
469 2152 508 2182 et
528 2144 574 2181 ad
592 2143 869 2187 Beneventum,
890 2143 994 2180 velut
1013 2155 1059 2180 ex
1079 2143 1306 2193 composito,
1323 2149 1432 2192 parte

315 2212 434 2248 altera
454 2209 598 2246 Hanno
618 2220 665 2244 ex
683 2208 845 2244 Bruttiis
866 2220 951 2243 cum
970 2219 1110 2256 magna
1137 2206 1307 2257 peditum
1327 2207 1433 2255 equi-

314 2283 469 2325 tumque
490 2286 618 2316 manu‚
639 2272 759 2309 altera
776 2272 837 2309 Ti.
852 2272 1046 2309 Gracchus
1063 2271 1110 2308 ab
1126 2271 1289 2308 Luceria
1304 2283 1432 2307 acces-

314 2340 385 2376 sit:
419 2339 480 2388 qui
503 2338 625 2389 primo
644 2337 825 2391 oppidum
845 2337 1014 2374 intravit.
1071 2334 1235 2379 Deinde,
1259 2341 1303 2372 ut
1321 2334 1432 2372 Han-
