<?xml version="1.0" encoding="UTF-8"?>
<!DOCTYPE html PUBLIC "-//W3C//DTD XHTML 1.0 Transitional//EN"
    "http://www.w3.org/TR/xhtml1/DTD/xhtml1-transitional.dtd">
<html xmlns="http://www.w3.org/1999/xhtml" xml:lang="en" lang="en">
 <head>
  <title>
</title>
<meta http-equiv="Content-Type" content="text/html;charset=utf-8" />
  <meta name='ocr-system' content='tesseract 3.04.00' />
  <meta name='ocr-capabilities' content='ocr_page ocr_carea ocr_par ocr_line ocrx_word'/>
</head>
<body>
  <div class='ocr_page' id='page_1' title='image "./historiarumquaes02livyuoft/historiarumquaes02livyuoft_0183.png"; bbox 0 0 1527 2661; ppageno 0'>
   <div class='ocr_carea' id='block_1_1' title="bbox 0 718 48 2661">
    <p class='ocr_par' dir='ltr' id='par_1_1' title="bbox 0 718 48 2661">
     <span class='ocr_line' id='line_1_1' title="bbox 0 718 48 2661; baseline 0 0"><span class='ocrx_word' id='word_1_1' title='bbox 0 718 48 2661; x_wconf 95' lang='lat' dir='ltr'><em> </em></span> 
     </span>
    </p>
   </div>
   <div class='ocr_carea' id='block_1_2' title="bbox 346 190 1170 234">
    <p class='ocr_par' dir='ltr' id='par_1_2' title="bbox 346 190 1170 234">
     <span class='ocr_line' id='line_1_2' title="bbox 346 190 1170 234; baseline -0.006 -9"><span class='ocrx_word' id='word_1_2' title='bbox 346 197 499 225; x_wconf 69' lang='lat' dir='ltr'>LIBER</span> <span class='ocrx_word' id='word_1_3' title='bbox 521 196 628 224; x_wconf 83' lang='lat' dir='ltr'>XXI.</span> <span class='ocrx_word' id='word_1_4' title='bbox 661 196 764 223; x_wconf 77' lang='lat' dir='ltr'>CAP.</span> <span class='ocrx_word' id='word_1_5' title='bbox 790 195 895 223; x_wconf 81' lang='lat' dir='ltr'>XIX.</span> <span class='ocrx_word' id='word_1_6' title='bbox 1093 190 1170 234; x_wconf 72' lang='lat'><em>173</em></span> 
     </span>
    </p>
   </div>
   <div class='ocr_carea' id='block_1_3' title="bbox 73 284 1364 787">
    <p class='ocr_par' dir='ltr' id='par_1_3' title="bbox 73 284 1364 787">
     <span class='ocr_line' id='line_1_3' title="bbox 74 284 1364 358; baseline -0.005 -26"><span class='ocrx_word' id='word_1_7' title='bbox 74 302 169 332; x_wconf 79' lang='lat' dir='ltr'><em>trum</em></span> <span class='ocrx_word' id='word_1_8' title='bbox 193 301 267 340; x_wconf 74' lang='lat' dir='ltr'><em>est;</em></span> <span class='ocrx_word' id='word_1_9' title='bbox 294 301 427 338; x_wconf 82' lang='lat' dir='ltr'><em>nostro,</em></span> <span class='ocrx_word' id='word_1_10' title='bbox 457 308 505 331; x_wconf 88' lang='lat' dir='ltr'><em>an</em></span> <span class='ocrx_word' id='word_1_11' title='bbox 531 307 594 330; x_wconf 87' lang='lat' dir='ltr'><em>suo</em></span> <span class='ocrx_word' id='word_1_12' title='bbox 611 293 746 343; x_wconf 85' lang='lat' dir='ltr'><em>fecerit</em></span> <span class='ocrx_word' id='word_1_13' title='bbox 772 293 930 328; x_wconf 85' lang='lat' dir='ltr'><em>arbitrio.</em></span> <span class='ocrx_word' id='word_1_14' title='bbox 992 291 1171 327; x_wconf 75' lang='lat' dir='ltr'><em>Vobiscum</em></span> <span class='ocrx_word' id='word_1_15' title='bbox 1183 284 1276 358; x_wconf 35' lang='lat' dir='ltr'><em>{mg</em></span> <span class='ocrx_word' id='word_1_16' title='bbox 1286 289 1364 356; x_wconf 50' lang='lat'><em>2⁵3·</em></span> 
     </span>
     <span class='ocr_line' id='line_1_4' title="bbox 73 347 1360 408; baseline -0.006 -12"><span class='ocrx_word' id='word_1_17' title='bbox 73 372 144 396; x_wconf 79' lang='lat' dir='ltr'><em>una</em></span> <span class='ocrx_word' id='word_1_18' title='bbox 163 361 370 408; x_wconf 77' lang='lat' dir='ltr'><em>disceptatio</em></span> <span class='ocrx_word' id='word_1_19' title='bbox 389 364 452 401; x_wconf 81' lang='lat' dir='ltr'><em>est,</em></span> <span class='ocrx_word' id='word_1_20' title='bbox 474 359 657 394; x_wconf 79' lang='lat' dir='ltr'><em>licueritne</em></span> <span class='ocrx_word' id='word_1_21' title='bbox 675 369 739 405; x_wconf 86' lang='lat' dir='ltr'><em>per</em></span> <span class='ocrx_word' id='word_1_22' title='bbox 752 356 877 405; x_wconf 85' lang='lat' dir='ltr'><em>foedus</em></span> <span class='ocrx_word' id='word_1_23' title='bbox 889 356 989 404; x_wconf 87' lang='lat' dir='ltr'><em>fieri.</em></span> <span class='ocrx_word' id='word_1_24' title='bbox 1046 355 1174 402; x_wconf 82' lang='lat' dir='ltr'><em>Itaque</em></span> <span class='ocrx_word' id='word_1_25' title='bbox 1215 351 1222 360; x_wconf 94' lang='grc'><em>“</em></span> <span class='ocrx_word' id='word_1_26' title='bbox 1264 350 1271 358; x_wconf 78' lang='grc'><strong>’</strong></span> <span class='ocrx_word' id='word_1_27' title='bbox 1351 347 1360 355; x_wconf 78' lang='grc'><strong><em>’</em></strong></span> 
     </span>
     <span class='ocr_line' id='line_1_5' title="bbox 73 419 1175 471; baseline -0.006 -12"><span class='ocrx_word' id='word_1_28' title='bbox 73 425 240 471; x_wconf 78' lang='lat' dir='ltr'><em>quoniam</em></span> <span class='ocrx_word' id='word_1_29' title='bbox 259 424 406 459; x_wconf 79' lang='lat' dir='ltr'><strong><em>discerni</em></strong></span> <span class='ocrx_word' id='word_1_30' title='bbox 420 423 553 470; x_wconf 81' lang='lat' dir='ltr'><em>placet,</em></span> <span class='ocrx_word' id='word_1_31' title='bbox 575 423 661 469; x_wconf 79' lang='lat' dir='ltr'><em>quid</em></span> <span class='ocrx_word' id='word_1_32' title='bbox 674 421 816 469; x_wconf 79' lang='lat' dir='ltr'><em>publico</em></span> <span class='ocrx_word' id='word_1_33' title='bbox 835 420 990 462; x_wconf 83' lang='lat' dir='ltr'><em>consilio,</em></span> <span class='ocrx_word' id='word_1_34' title='bbox 1008 419 1094 466; x_wconf 79' lang='lat' dir='ltr'><em>quid</em></span> <span class='ocrx_word' id='word_1_35' title='bbox 1111 430 1175 453; x_wconf 80' lang='lat' dir='ltr'><em>sua</em></span> 
     </span>
     <span class='ocr_line' id='line_1_6' title="bbox 73 481 1177 534; baseline -0.006 -11"><span class='ocrx_word' id='word_1_36' title='bbox 73 491 194 534; x_wconf 79' lang='lat' dir='ltr'><em>sponte</em></span> <span class='ocrx_word' id='word_1_37' title='bbox 213 489 443 534; x_wconf 78' lang='lat' dir='ltr'><em>imperatores</em></span> <span class='ocrx_word' id='word_1_38' title='bbox 447 485 598 534; x_wconf 85' lang='lat' dir='ltr'><em>faciant</em></span> <span class='ocrx_word' id='word_1_39' title='bbox 611 502 624 528; x_wconf 83' lang='lat'><em>,-</em></span> <span class='ocrx_word' id='word_1_40' title='bbox 652 485 749 520; x_wconf 85' lang='lat' dir='ltr'><em>nobis</em></span> <span class='ocrx_word' id='word_1_41' title='bbox 763 484 935 519; x_wconf 85' lang='lat' dir='ltr'><em>vobiscum</em></span> <span class='ocrx_word' id='word_1_42' title='bbox 943 481 1066 530; x_wconf 82' lang='lat' dir='ltr'><em>foeclus</em></span> <span class='ocrx_word' id='word_1_43' title='bbox 1083 486 1135 517; x_wconf 81' lang='lat' dir='ltr'><em>est</em></span> <span class='ocrx_word' id='word_1_44' title='bbox 1152 494 1177 516; x_wconf 86' lang='lat' dir='ltr'><em>a</em></span> 
     </span>
     <span class='ocr_line' id='line_1_7' title="bbox 74 550 1177 597; baseline -0.005 -11"><span class='ocrx_word' id='word_1_45' title='bbox 74 551 223 586; x_wconf 82' lang='lat' dir='ltr'><em>Lutatio</em></span> <span class='ocrx_word' id='word_1_46' title='bbox 252 551 390 586; x_wconf 81' lang='lat' dir='ltr'><em>consule</em></span> <span class='ocrx_word' id='word_1_47' title='bbox 417 551 549 585; x_wconf 82' lang='lat' dir='ltr'><em>ictum:</em></span> <span class='ocrx_word' id='word_1_48' title='bbox 578 551 614 584; x_wconf 86' lang='lat' dir='ltr'><em>in</em></span> <span class='ocrx_word' id='word_1_49' title='bbox 646 561 713 597; x_wconf 84' lang='lat' dir='ltr'><em>quo</em></span> <span class='ocrx_word' id='word_1_50' title='bbox 738 560 845 596; x_wconf 84' lang='lat' dir='ltr'><em>quum</em></span> <span class='ocrx_word' id='word_1_51' title='bbox 871 551 1053 583; x_wconf 84' lang='lat' dir='ltr'><em>caveretur</em></span> <span class='ocrx_word' id='word_1_52' title='bbox 1076 550 1177 581; x_wconf 79' lang='lat' dir='ltr'><em>utro·</em></span> 
     </span>
     <span class='ocr_line' id='line_1_8' title="bbox 73 610 1176 660; baseline -0.005 -11"><span class='ocrx_word' id='word_1_53' title='bbox 73 624 222 660; x_wconf 82' lang='lat' dir='ltr'><em>rumque</em></span> <span class='ocrx_word' id='word_1_54' title='bbox 254 614 369 656; x_wconf 85' lang='lat' dir='ltr'><em>sociis,</em></span> <span class='ocrx_word' id='word_1_55' title='bbox 402 612 495 648; x_wconf 80' lang='lat' dir='ltr'><em>nihil</em></span> <span class='ocrx_word' id='word_1_56' title='bbox 527 613 570 647; x_wconf 83' lang='lat' dir='ltr'><em>de</em></span> <span class='ocrx_word' id='word_1_57' title='bbox 606 611 816 659; x_wconf 78' lang='lat' dir='ltr'><em>Saguntinis</em></span> <span class='ocrx_word' id='word_1_58' title='bbox 854 611 934 656; x_wconf 85' lang='lat' dir='ltr'><em>(nec</em></span> <span class='ocrx_word' id='word_1_59' title='bbox 965 610 1049 644; x_wconf 84' lang='lat' dir='ltr'><em>dum</em></span> <span class='ocrx_word' id='word_1_60' title='bbox 1083 610 1176 644; x_wconf 84' lang='lat' dir='ltr'><em>enim</em></span> 
     </span>
     <span class='ocr_line' id='line_1_9' title="bbox 75 671 1175 721; baseline -0.005 -9"><span class='ocrx_word' id='word_1_61' title='bbox 75 682 179 712; x_wconf 83' lang='lat' dir='ltr'><em>erant</em></span> <span class='ocrx_word' id='word_1_62' title='bbox 206 677 291 712; x_wconf 85' lang='lat' dir='ltr'><em>socii</em></span> <span class='ocrx_word' id='word_1_63' title='bbox 321 676 445 721; x_wconf 73' lang='lat' dir='ltr'><em>vestri)</em></span> <span class='ocrx_word' id='word_1_64' title='bbox 477 680 621 710; x_wconf 84' lang='lat' dir='ltr'><em>cautum</em></span> <span class='ocrx_word' id='word_1_65' title='bbox 649 679 710 710; x_wconf 85' lang='lat' dir='ltr'><em>est.</em></span> <span class='ocrx_word' id='word_1_66' title='bbox 766 675 817 709; x_wconf 85' lang='lat' dir='ltr'><em>At</em></span> <span class='ocrx_word' id='word_1_67' title='bbox 845 675 938 709; x_wconf 87' lang='lat' dir='ltr'><em>enim</em></span> <span class='ocrx_word' id='word_1_68' title='bbox 966 685 1005 708; x_wconf 89' lang='lat' dir='ltr'><em>eo</em></span> <span class='ocrx_word' id='word_1_69' title='bbox 1021 671 1175 721; x_wconf 84' lang='lat' dir='ltr'><em>foedere,</em></span> 
     </span>
     <span class='ocr_line' id='line_1_10' title="bbox 73 736 1180 787; baseline -0.003 -12"><span class='ocrx_word' id='word_1_70' title='bbox 73 741 166 787; x_wconf 86' lang='lat' dir='ltr'><em>quod</em></span> <span class='ocrx_word' id='word_1_71' title='bbox 179 751 257 774; x_wconf 84' lang='lat' dir='ltr'><em>cum</em></span> <span class='ocrx_word' id='word_1_72' title='bbox 272 739 498 774; x_wconf 80' lang='lat' dir='ltr'><em>Hasdrubale</em></span> <span class='ocrx_word' id='word_1_73' title='bbox 514 740 623 774; x_wconf 82' lang='lat' dir='ltr'><em>ictum</em></span> <span class='ocrx_word' id='word_1_74' title='bbox 639 743 702 780; x_wconf 84' lang='lat' dir='ltr'><em>est,</em></span> <span class='ocrx_word' id='word_1_75' title='bbox 721 736 914 784; x_wconf 81' lang='lat' dir='ltr'><em>Saguntini</em></span> <span class='ocrx_word' id='word_1_76' title='bbox 931 737 1155 784; x_wconf 78' lang='lat' dir='ltr'><em>excipiuntur</em></span> <span class='ocrx_word' id='word_1_77' title='bbox 1167 751 1180 772; x_wconf 74' lang='lat'><em>.-</em></span> 
     </span>
    </p>
   </div>
   <div class='ocr_carea' id='block_1_4' title="bbox 73 798 1178 849">
    <p class='ocr_par' dir='ltr' id='par_1_4' title="bbox 73 798 1178 849">
     <span class='ocr_line' id='line_1_11' title="bbox 73 798 1178 849; baseline -0.005 -11"><span class='ocrx_word' id='word_1_78' title='bbox 73 802 239 838; x_wconf 79' lang='lat' dir='ltr'><em>adversus</em></span> <span class='ocrx_word' id='word_1_79' title='bbox 256 802 352 849; x_wconf 88' lang='lat' dir='ltr'><em>quod</em></span> <span class='ocrx_word' id='word_1_80' title='bbox 370 801 462 836; x_wconf 82' lang='lat' dir='ltr'><em>nihil</em></span> <span class='ocrx_word' id='word_1_81' title='bbox 479 813 543 848; x_wconf 86' lang='lat' dir='ltr'><em>ego</em></span> <span class='ocrx_word' id='word_1_82' title='bbox 561 802 718 836; x_wconf 88' lang='lat' dir='ltr'><em>dicturus</em></span> <span class='ocrx_word' id='word_1_83' title='bbox 735 811 824 842; x_wconf 87' lang='lat' dir='ltr'><em>sum,</em></span> <span class='ocrx_word' id='word_1_84' title='bbox 845 800 913 834; x_wconf 87' lang='lat' dir='ltr'><em>nisi</em></span> <span class='ocrx_word' id='word_1_85' title='bbox 934 799 1027 846; x_wconf 79' lang='lat' dir='ltr'><em>quod</em></span> <span class='ocrx_word' id='word_1_86' title='bbox 1045 811 1068 834; x_wconf 87' lang='lat' dir='ltr'><em>a</em></span> <span class='ocrx_word' id='word_1_87' title='bbox 1084 798 1178 834; x_wconf 80' lang='lat' dir='ltr'><em>vobis</em></span> 
     </span>
    </p>
   </div>
   <div class='ocr_carea' id='block_1_5' title="bbox 8 863 1178 912">
    <p class='ocr_par' dir='ltr' id='par_1_5' title="bbox 8 863 1178 912">
     <span class='ocr_line' id='line_1_12' title="bbox 8 863 1178 912; baseline -0.003 -11"><span class='ocrx_word' id='word_1_88' title='bbox 8 867 9 878; x_wconf 66' lang='lat'>¹</span> <span class='ocrx_word' id='word_1_89' title='bbox 73 866 194 903; x_wconf 84' lang='lat' dir='ltr'><em>didici.</em></span> <span class='ocrx_word' id='word_1_90' title='bbox 255 865 321 900; x_wconf 87' lang='lat' dir='ltr'><em>Vos</em></span> <span class='ocrx_word' id='word_1_91' title='bbox 345 867 451 907; x_wconf 81' lang='lat' dir='ltr'><em>enim,</em></span> <span class='ocrx_word' id='word_1_92' title='bbox 473 865 567 912; x_wconf 83' lang='lat' dir='ltr'><em>quod</em></span> <span class='ocrx_word' id='word_1_93' title='bbox 587 863 625 900; x_wconf 87' lang='lat' dir='ltr'><em>C.</em></span> <span class='ocrx_word' id='word_1_94' title='bbox 639 863 808 899; x_wconf 77' lang='lat' dir='ltr'><em>Lutatius</em></span> <span class='ocrx_word' id='word_1_95' title='bbox 832 863 951 898; x_wconf 78' lang='lat' dir='ltr'><em>consul</em></span> <span class='ocrx_word' id='word_1_96' title='bbox 972 863 1095 910; x_wconf 76' lang='lat' dir='ltr'><em>primo</em></span> <span class='ocrx_word' id='word_1_97' title='bbox 1113 874 1178 897; x_wconf 83' lang='lat' dir='ltr'><em>no-</em></span> 
     </span>
    </p>
   </div>
   <div class='ocr_carea' id='block_1_6' title="bbox 67 926 1182 1297">
    <p class='ocr_par' dir='ltr' id='par_1_6' title="bbox 67 926 1182 1297">
     <span class='ocr_line' id='line_1_13' title="bbox 75 926 1180 976; baseline -0.004 -12"><span class='ocrx_word' id='word_1_98' title='bbox 75 929 204 964; x_wconf 78' lang='lat' dir='ltr'><em>hiscum</em></span> <span class='ocrx_word' id='word_1_99' title='bbox 211 927 337 976; x_wconf 82' lang='lat' dir='ltr'><em>foedus</em></span> <span class='ocrx_word' id='word_1_100' title='bbox 354 930 428 971; x_wconf 84' lang='lat' dir='ltr'><em>icit,</em></span> <span class='ocrx_word' id='word_1_101' title='bbox 450 930 534 975; x_wconf 83' lang='lat' dir='ltr'><em>quia</em></span> <span class='ocrx_word' id='word_1_102' title='bbox 552 939 664 975; x_wconf 83' lang='lat' dir='ltr'><em>neque</em></span> <span class='ocrx_word' id='word_1_103' title='bbox 688 927 905 963; x_wconf 76' lang='lat' dir='ltr'><em>auctoritate</em></span> <span class='ocrx_word' id='word_1_104' title='bbox 929 926 1097 968; x_wconf 62' lang='lat' dir='ltr'><em>Puteum,</em></span> <span class='ocrx_word' id='word_1_105' title='bbox 1116 937 1180 960; x_wconf 87' lang='lat' dir='ltr'><em>nec</em></span> 
     </span>
     <span class='ocr_line' id='line_1_14' title="bbox 71 991 1182 1040; baseline -0.002 -13"><span class='ocrx_word' id='word_1_106' title='bbox 71 993 198 1040; x_wconf 82' lang='lat' dir='ltr'><em>populi</em></span> <span class='ocrx_word' id='word_1_107' title='bbox 205 991 309 1038; x_wconf 78' lang='lat' dir='ltr'><em>jussu</em></span> <span class='ocrx_word' id='word_1_108' title='bbox 326 993 436 1028; x_wconf 85' lang='lat' dir='ltr'><em>ictum</em></span> <span class='ocrx_word' id='word_1_109' title='bbox 455 996 545 1034; x_wconf 87' lang='lat' dir='ltr'><em>erat,</em></span> <span class='ocrx_word' id='word_1_110' title='bbox 569 993 722 1039; x_wconf 78' lang='lat' dir='ltr'><em>negastis</em></span> <span class='ocrx_word' id='word_1_111' title='bbox 744 1003 805 1027; x_wconf 86' lang='lat' dir='ltr'><em>vos</em></span> <span class='ocrx_word' id='word_1_112' title='bbox 828 1002 872 1026; x_wconf 72' lang='lat' dir='ltr'><em>eo</em></span> <span class='ocrx_word' id='word_1_113' title='bbox 894 991 1029 1026; x_wconf 78' lang='lat' dir='ltr'><em>teneri:</em></span> <span class='ocrx_word' id='word_1_114' title='bbox 1058 991 1182 1037; x_wconf 80' lang='lat' dir='ltr'><em>itaque</em></span> 
     </span>
     <span class='ocr_line' id='line_1_15' title="bbox 77 1054 1180 1104; baseline -0.003 -12"><span class='ocrx_word' id='word_1_115' title='bbox 77 1057 177 1092; x_wconf 80' lang='lat' dir='ltr'><em>aliud</em></span> <span class='ocrx_word' id='word_1_116' title='bbox 196 1057 240 1092; x_wconf 84' lang='lat' dir='ltr'><em>de</em></span> <span class='ocrx_word' id='word_1_117' title='bbox 257 1058 394 1104; x_wconf 82' lang='lat' dir='ltr'><em>integro</em></span> <span class='ocrx_word' id='word_1_118' title='bbox 412 1055 537 1104; x_wconf 83' lang='lat' dir='ltr'><em>foedus</em></span> <span class='ocrx_word' id='word_1_119' title='bbox 550 1056 694 1104; x_wconf 85' lang='lat' dir='ltr'><em>publico</em></span> <span class='ocrx_word' id='word_1_120' title='bbox 718 1056 863 1091; x_wconf 81' lang='lat' dir='ltr'><em>consilio</em></span> <span class='ocrx_word' id='word_1_121' title='bbox 886 1056 996 1090; x_wconf 82' lang='lat' dir='ltr'><em>ictum</em></span> <span class='ocrx_word' id='word_1_122' title='bbox 1019 1059 1082 1090; x_wconf 80' lang='lat' dir='ltr'><em>est.</em></span> <span class='ocrx_word' id='word_1_123' title='bbox 1138 1054 1180 1090; x_wconf 90' lang='lat' dir='ltr'><em>Si</em></span> 
     </span>
     <span class='ocr_line' id='line_1_16' title="bbox 76 1119 1180 1168; baseline -0.002 -13"><span class='ocrx_word' id='word_1_124' title='bbox 76 1131 135 1155; x_wconf 79' lang='lat' dir='ltr'><em>vos</em></span> <span class='ocrx_word' id='word_1_125' title='bbox 151 1132 221 1155; x_wconf 87' lang='lat' dir='ltr'><em>non</em></span> <span class='ocrx_word' id='word_1_126' title='bbox 240 1124 357 1156; x_wconf 85' lang='lat' dir='ltr'><em>tenent</em></span> <span class='ocrx_word' id='word_1_127' title='bbox 384 1125 500 1155; x_wconf 84' lang='lat' dir='ltr'><em>vestra</em></span> <span class='ocrx_word' id='word_1_128' title='bbox 516 1119 675 1168; x_wconf 84' lang='lat' dir='ltr'><em>fcedera,</em></span> <span class='ocrx_word' id='word_1_129' title='bbox 703 1121 774 1156; x_wconf 82' lang='lat' dir='ltr'><em>nisi</em></span> <span class='ocrx_word' id='word_1_130' title='bbox 801 1131 844 1155; x_wconf 71' lang='lat' dir='ltr'><em>ex</em></span> <span class='ocrx_word' id='word_1_131' title='bbox 870 1119 1087 1155; x_wconf 78' lang='lat' dir='ltr'><em>auctoritate</em></span> <span class='ocrx_word' id='word_1_132' title='bbox 1114 1121 1180 1153; x_wconf 81' lang='lat' dir='ltr'><em>aut</em></span> 
     </span>
     <span class='ocr_line' id='line_1_17' title="bbox 67 1183 1180 1233; baseline 0 -13"><span class='ocrx_word' id='word_1_133' title='bbox 67 1184 170 1231; x_wconf 82' lang='lat' dir='ltr'><em>jussu</em></span> <span class='ocrx_word' id='word_1_134' title='bbox 194 1189 307 1221; x_wconf 85' lang='lat' dir='ltr'><em>vestro</em></span> <span class='ocrx_word' id='word_1_135' title='bbox 334 1187 430 1229; x_wconf 76' lang='lat' dir='ltr'><em>icta3</em></span> <span class='ocrx_word' id='word_1_136' title='bbox 462 1197 508 1220; x_wconf 87' lang='lat' dir='ltr'><em>ne</em></span> <span class='ocrx_word' id='word_1_137' title='bbox 531 1197 594 1221; x_wconf 85' lang='lat' dir='ltr'><em>nos</em></span> <span class='ocrx_word' id='word_1_138' title='bbox 621 1186 762 1233; x_wconf 76' lang='lat' dir='ltr'><em>quidem</em></span> <span class='ocrx_word' id='word_1_139' title='bbox 787 1185 1027 1220; x_wconf 80' lang='lat' dir='ltr'><em>Hasdrubalis</em></span> <span class='ocrx_word' id='word_1_140' title='bbox 1042 1183 1180 1233; x_wconf 74' lang='lat' dir='ltr'><em>foedoes,</em></span> 
     </span>
     <span class='ocr_line' id='line_1_18' title="bbox 79 1248 1182 1297; baseline -0.001 -13"><span class='ocrx_word' id='word_1_141' title='bbox 79 1249 172 1297; x_wconf 84' lang='lat' dir='ltr'><em>quod</em></span> <span class='ocrx_word' id='word_1_142' title='bbox 189 1248 286 1284; x_wconf 84' lang='lat' dir='ltr'><em>nobis</em></span> <span class='ocrx_word' id='word_1_143' title='bbox 303 1250 422 1284; x_wconf 79' lang='lat' dir='ltr'><em>insciis</em></span> <span class='ocrx_word' id='word_1_144' title='bbox 443 1250 517 1291; x_wconf 86' lang='lat' dir='ltr'><em>icit,</em></span> <span class='ocrx_word' id='word_1_145' title='bbox 540 1249 698 1296; x_wconf 85' lang='lat' dir='ltr'><em>obligare</em></span> <span class='ocrx_word' id='word_1_146' title='bbox 711 1250 843 1297; x_wconf 84' lang='lat' dir='ltr'><em>potuit.</em></span> <span class='ocrx_word' id='word_1_147' title='bbox 902 1249 1059 1285; x_wconf 82' lang='lat' dir='ltr'><em>Proinde</em></span> <span class='ocrx_word' id='word_1_148' title='bbox 1077 1250 1182 1283; x_wconf 84' lang='lat' dir='ltr'><em>omit-</em></span> 
     </span>
    </p>
   </div>
   <div class='ocr_carea' id='block_1_7' title="bbox 12 1311 1392 1550">
    <p class='ocr_par' dir='ltr' id='par_1_7' title="bbox 13 1311 1184 1360">
     <span class='ocr_line' id='line_1_19' title="bbox 13 1311 1184 1360; baseline -0.002 -12"><span class='ocrx_word' id='word_1_149' title='bbox 13 1327 15 1335; x_wconf 58' lang='lat'>*</span> <span class='ocrx_word' id='word_1_150' title='bbox 78 1314 143 1348; x_wconf 86' lang='lat' dir='ltr'><em>tite</em></span> <span class='ocrx_word' id='word_1_151' title='bbox 158 1312 313 1359; x_wconf 87' lang='lat' dir='ltr'><em>Sagunti</em></span> <span class='ocrx_word' id='word_1_152' title='bbox 331 1316 437 1360; x_wconf 79' lang='lat' dir='ltr'><em>atque</em></span> <span class='ocrx_word' id='word_1_153' title='bbox 453 1312 547 1348; x_wconf 84' lang='lat' dir='ltr'><em>Iberi</em></span> <span class='ocrx_word' id='word_1_154' title='bbox 564 1313 776 1348; x_wconf 76' lang='lat' dir='ltr'><em>mentionem</em></span> <span class='ocrx_word' id='word_1_155' title='bbox 783 1311 927 1360; x_wconf 76' lang='lat' dir='ltr'><em>facere,</em></span> <span class='ocrx_word' id='word_1_156' title='bbox 943 1316 991 1353; x_wconf 86' lang='lat' dir='ltr'><em>et,</em></span> <span class='ocrx_word' id='word_1_157' title='bbox 1009 1312 1102 1360; x_wconf 82' lang='lat' dir='ltr'><em>quod</em></span> <span class='ocrx_word' id='word_1_158' title='bbox 1121 1312 1184 1346; x_wconf 82' lang='lat' dir='ltr'><em>diu</em></span> 
     </span>
    </p>

    <p class='ocr_par' dir='ltr' id='par_1_8' title="bbox 12 1370 1184 1424">
     <span class='ocr_line' id='line_1_20' title="bbox 12 1370 1184 1424; baseline -0.002 -13"><span class='ocrx_word' id='word_1_159' title='bbox 12 1370 16 1422; x_wconf 33' lang='lat'><em>‚¹</em></span> <span class='ocrx_word' id='word_1_160' title='bbox 74 1376 236 1424; x_wconf 83' lang='lat' dir='ltr'><em>parturit</em></span> <span class='ocrx_word' id='word_1_161' title='bbox 263 1376 402 1410; x_wconf 85' lang='lat' dir='ltr'><em>animus</em></span> <span class='ocrx_word' id='word_1_162' title='bbox 419 1379 546 1418; x_wconf 83' lang='lat' dir='ltr'><em>vester,</em></span> <span class='ocrx_word' id='word_1_163' title='bbox 566 1376 762 1423; x_wconf 84' lang='lat' dir='ltr'><em>aliquando</em></span> <span class='ocrx_word' id='word_1_164' title='bbox 785 1377 920 1423; x_wconf 82' lang='lat' dir='ltr'><em>pariat.</em></span> <span class='ocrx_word' id='word_1_165' title='bbox 976 1374 1074 1410; x_wconf 89' lang='lat' dir='ltr'><em>Tum</em></span> <span class='ocrx_word' id='word_1_166' title='bbox 1102 1373 1184 1409; x_wconf 88' lang='lat' dir='ltr'><em>Ro-</em></span> 
     </span>
    </p>

    <p class='ocr_par' dir='ltr' id='par_1_9' title="bbox 12 1426 1392 1550">
     <span class='ocr_line' id='line_1_21' title="bbox 12 1426 1392 1488; baseline -0.002 -14"><span class='ocrx_word' id='word_1_167' title='bbox 12 1426 15 1453; x_wconf 66' lang='lat'><em>,³</em></span> <span class='ocrx_word' id='word_1_168' title='bbox 78 1450 224 1481; x_wconf 85' lang='lat' dir='ltr'><em>manuS‚</em></span> <span class='ocrx_word' id='word_1_169' title='bbox 245 1438 328 1474; x_wconf 81' lang='lat' dir='ltr'><em>sinu</em></span> <span class='ocrx_word' id='word_1_170' title='bbox 352 1450 398 1474; x_wconf 89' lang='lat' dir='ltr'><em>ex</em></span> <span class='ocrx_word' id='word_1_171' title='bbox 422 1443 514 1487; x_wconf 87' lang='lat' dir='ltr'><em>toga</em></span> <span class='ocrx_word' id='word_1_172' title='bbox 532 1437 649 1482; x_wconf 80' lang='lat' dir='ltr'><em>facto,</em></span> <span class='ocrx_word' id='word_1_173' title='bbox 669 1440 755 1482; x_wconf 83' lang='lat' dir='ltr'><em>Hie,</em></span> <span class='ocrx_word' id='word_1_174' title='bbox 776 1439 914 1488; x_wconf 83' lang='lat' dir='ltr'><em>inquit,</em></span> <span class='ocrx_word' id='word_1_175' title='bbox 938 1439 1033 1475; x_wconf 72' lang='lat' dir='ltr'><em>vobis</em></span> <span class='ocrx_word' id='word_1_176' title='bbox 1056 1439 1187 1474; x_wconf 78' lang='lat' dir='ltr'><em>bellum</em></span> <span class='ocrx_word' id='word_1_177' title='bbox 1197 1447 1325 1478; x_wconf 73' lang='lat' dir='ltr'><em>Renum</em></span> <span class='ocrx_word' id='word_1_178' title='bbox 1340 1448 1392 1478; x_wconf 74' lang='lat' dir='ltr'><em>jn-</em></span> 
     </span>
     <span class='ocr_line' id='line_1_22' title="bbox 13 1492 1317 1550; baseline -0.001 -14"><span class='ocrx_word' id='word_1_179' title='bbox 13 1525 18 1535; x_wconf 77' lang='lat'><em>.</em></span> <span class='ocrx_word' id='word_1_180' title='bbox 78 1506 113 1537; x_wconf 84' lang='lat' dir='ltr'><em>et</em></span> <span class='ocrx_word' id='word_1_181' title='bbox 127 1513 252 1548; x_wconf 84' lang='lat' dir='ltr'><em>pacem</em></span> <span class='ocrx_word' id='word_1_182' title='bbox 267 1506 455 1549; x_wconf 87' lang='lat' dir='ltr'><em>portamus</em></span> <span class='ocrx_word' id='word_1_183' title='bbox 461 1517 474 1545; x_wconf 85' lang='lat'><em>,-</em></span> <span class='ocrx_word' id='word_1_184' title='bbox 501 1506 621 1537; x_wconf 82' lang='lat' dir='ltr'><em>utrum</em></span> <span class='ocrx_word' id='word_1_185' title='bbox 642 1503 775 1550; x_wconf 78' lang='lat' dir='ltr'><em>placet,</em></span> <span class='ocrx_word' id='word_1_186' title='bbox 794 1503 932 1538; x_wconf 80' lang='lat' dir='ltr'><em>sumite.</em></span> <span class='ocrx_word' id='word_1_187' title='bbox 990 1500 1071 1537; x_wconf 68' lang='lat' dir='ltr'><em>Sub</em></span> <span class='ocrx_word' id='word_1_188' title='bbox 1086 1501 1184 1536; x_wconf 78' lang='lat' dir='ltr'><em>hanc</em></span> <span class='ocrx_word' id='word_1_189' title='bbox 1196 1492 1317 1521; x_wconf 84' lang='lat' dir='ltr'><em>dicunt.</em></span> 
     </span>
    </p>
   </div>
   <div class='ocr_carea' id='block_1_8' title="bbox 79 1564 1187 1677">
    <p class='ocr_par' dir='ltr' id='par_1_10' title="bbox 79 1564 1187 1677">
     <span class='ocr_line' id='line_1_23' title="bbox 79 1564 1184 1608; baseline 0 -8"><span class='ocrx_word' id='word_1_190' title='bbox 79 1577 210 1600; x_wconf 86' lang='lat' dir='ltr'><em>vocem</em></span> <span class='ocrx_word' id='word_1_191' title='bbox 240 1564 341 1601; x_wconf 89' lang='lat' dir='ltr'><em>haud</em></span> <span class='ocrx_word' id='word_1_192' title='bbox 370 1565 493 1601; x_wconf 91' lang='lat' dir='ltr'><em>minus</em></span> <span class='ocrx_word' id='word_1_193' title='bbox 525 1564 717 1608; x_wconf 83' lang='lat' dir='ltr'><em>ferociter,</em></span> <span class='ocrx_word' id='word_1_194' title='bbox 756 1567 872 1608; x_wconf 86' lang='lat' dir='ltr'><em>daret,</em></span> <span class='ocrx_word' id='word_1_195' title='bbox 909 1570 1031 1601; x_wconf 86' lang='lat' dir='ltr'><em>utrum</em></span> <span class='ocrx_word' id='word_1_196' title='bbox 1061 1565 1184 1606; x_wconf 84' lang='lat' dir='ltr'><em>vellet,</em></span> 
     </span>
     <span class='ocr_line' id='line_1_24' title="bbox 81 1627 1187 1677; baseline 0 -14"><span class='ocrx_word' id='word_1_197' title='bbox 81 1627 352 1664; x_wconf 84' lang='lat' dir='ltr'><em>subclamatum</em></span> <span class='ocrx_word' id='word_1_198' title='bbox 371 1634 428 1663; x_wconf 89' lang='lat' dir='ltr'><em>est</em></span> <span class='ocrx_word' id='word_1_199' title='bbox 445 1642 453 1663; x_wconf 75' lang='grc' dir='ltr'>ε</span> <span class='ocrx_word' id='word_1_200' title='bbox 485 1634 523 1664; x_wconf 90' lang='lat' dir='ltr'><em>et</em></span> <span class='ocrx_word' id='word_1_201' title='bbox 537 1641 653 1677; x_wconf 79' lang='lat' dir='ltr'><em>quum</em></span> <span class='ocrx_word' id='word_1_202' title='bbox 671 1629 702 1664; x_wconf 90' lang='lat' dir='ltr'><em>is</em></span> <span class='ocrx_word' id='word_1_203' title='bbox 719 1630 854 1665; x_wconf 87' lang='lat' dir='ltr'><em>iterum</em></span> <span class='ocrx_word' id='word_1_204' title='bbox 873 1629 957 1664; x_wconf 91' lang='lat' dir='ltr'><em>sinu</em></span> <span class='ocrx_word' id='word_1_205' title='bbox 977 1628 1093 1664; x_wconf 85' lang='lat' dir='ltr'><em>effuso</em></span> <span class='ocrx_word' id='word_1_206' title='bbox 1112 1628 1187 1664; x_wconf 85' lang='lat' dir='ltr'><em>bel-</em></span> 
     </span>
    </p>
   </div>
   <div class='ocr_carea' id='block_1_9' title="bbox 15 1691 1183 1741">
    <p class='ocr_par' dir='ltr' id='par_1_11' title="bbox 15 1691 1183 1741">
     <span class='ocr_line' id='line_1_25' title="bbox 15 1691 1183 1741; baseline 0 -14"><span class='ocrx_word' id='word_1_207' title='bbox 15 1713 17 1715; x_wconf 89' lang='lat'>·</span> <span class='ocrx_word' id='word_1_208' title='bbox 81 1693 153 1727; x_wconf 80' lang='lat' dir='ltr'><em>lum</em></span> <span class='ocrx_word' id='word_1_209' title='bbox 169 1693 255 1727; x_wconf 86' lang='lat' dir='ltr'><em>dare</em></span> <span class='ocrx_word' id='word_1_210' title='bbox 268 1691 435 1734; x_wconf 84' lang='lat' dir='ltr'><em>dixisset,</em></span> <span class='ocrx_word' id='word_1_211' title='bbox 452 1694 613 1740; x_wconf 82' lang='lat' dir='ltr'><em>accipere</em></span> <span class='ocrx_word' id='word_1_212' title='bbox 631 1704 667 1728; x_wconf 79' lang='lat' dir='ltr'><em>se</em></span> <span class='ocrx_word' id='word_1_213' title='bbox 682 1705 814 1728; x_wconf 90' lang='lat' dir='ltr'><em>omnes</em></span> <span class='ocrx_word' id='word_1_214' title='bbox 829 1691 1116 1741; x_wconf 84' lang='lat' dir='ltr'><em>responderunt,</em></span> <span class='ocrx_word' id='word_1_215' title='bbox 1134 1696 1183 1734; x_wconf 85' lang='lat' dir='ltr'><em>et,</em></span> 
     </span>
    </p>
   </div>
   <div class='ocr_carea' id='block_1_10' title="bbox 81 1756 1386 1869">
    <p class='ocr_par' dir='ltr' id='par_1_12' title="bbox 81 1756 1386 1869">
     <span class='ocr_line' id='line_1_26' title="bbox 81 1756 960 1804; baseline 0.002 -14"><span class='ocrx_word' id='word_1_216' title='bbox 81 1756 204 1803; x_wconf 82' lang='lat' dir='ltr'><em>quibus</em></span> <span class='ocrx_word' id='word_1_217' title='bbox 221 1756 421 1802; x_wconf 83' lang='lat' dir='ltr'><em>acciperent</em></span> <span class='ocrx_word' id='word_1_218' title='bbox 435 1757 576 1798; x_wconf 82' lang='lat' dir='ltr'><em>animis,</em></span> <span class='ocrx_word' id='word_1_219' title='bbox 595 1757 721 1792; x_wconf 72' lang='lat' dir='ltr'><em>iisdem</em></span> <span class='ocrx_word' id='word_1_220' title='bbox 737 1769 775 1792; x_wconf 89' lang='lat' dir='ltr'><em>se</em></span> <span class='ocrx_word' id='word_1_221' title='bbox 788 1762 960 1804; x_wconf 82' lang='lat' dir='ltr'><em>gesturos.</em></span> 
     </span>
     <span class='ocr_line' id='line_1_27' title="bbox 135 1817 1386 1869; baseline 0.002 -17"><span class='ocrx_word' id='word_1_222' title='bbox 135 1817 250 1853; x_wconf 92' lang='lat' dir='ltr'><strong>XIX.</strong></span> <span class='ocrx_word' id='word_1_223' title='bbox 281 1818 376 1854; x_wconf 87' lang='lat' dir='ltr'><em>Haec</em></span> <span class='ocrx_word' id='word_1_224' title='bbox 409 1818 550 1855; x_wconf 84' lang='lat' dir='ltr'><em>directa</em></span> <span class='ocrx_word' id='word_1_225' title='bbox 574 1821 835 1868; x_wconf 80' lang='lat' dir='ltr'><em>percunctatio</em></span> <span class='ocrx_word' id='word_1_226' title='bbox 865 1832 907 1855; x_wconf 89' lang='lat' dir='ltr'><em>ac</em></span> <span class='ocrx_word' id='word_1_227' title='bbox 940 1818 1182 1855; x_wconf 79' lang='lat' dir='ltr'><em>denunciatio</em></span> <span class='ocrx_word' id='word_1_228' title='bbox 1195 1830 1386 1869; x_wconf 65' lang='lat' dir='ltr'><em>Disceptatio</em></span> 
     </span>
    </p>
   </div>
   <div class='ocr_carea' id='block_1_11' title="bbox 18 1872 1344 2186">
    <p class='ocr_par' dir='ltr' id='par_1_13' title="bbox 18 1872 1344 2186">
     <span class='ocr_line' id='line_1_28' title="bbox 18 1872 1344 1933; baseline 0.002 -17"><span class='ocrx_word' id='word_1_229' title='bbox 18 1901 23 1926; x_wconf 62' lang='lat'><em>3</em></span> <span class='ocrx_word' id='word_1_230' title='bbox 81 1880 171 1917; x_wconf 88' lang='lat' dir='ltr'><em>belli</em></span> <span class='ocrx_word' id='word_1_231' title='bbox 202 1882 320 1930; x_wconf 82' lang='lat' dir='ltr'><em>magis</em></span> <span class='ocrx_word' id='word_1_232' title='bbox 354 1894 400 1918; x_wconf 87' lang='lat' dir='ltr'><em>ex</em></span> <span class='ocrx_word' id='word_1_233' title='bbox 436 1882 621 1930; x_wconf 84' lang='lat' dir='ltr'><em>dignitate</em></span> <span class='ocrx_word' id='word_1_234' title='bbox 650 1883 779 1933; x_wconf 87' lang='lat' dir='ltr'><em>populi</em></span> <span class='ocrx_word' id='word_1_235' title='bbox 808 1883 975 1919; x_wconf 84' lang='lat' dir='ltr'><em>Romani</em></span> <span class='ocrx_word' id='word_1_236' title='bbox 1005 1883 1084 1918; x_wconf 83' lang='lat' dir='ltr'><em>visa</em></span> <span class='ocrx_word' id='word_1_237' title='bbox 1110 1888 1181 1924; x_wconf 89' lang='lat' dir='ltr'><em>est,</em></span> <span class='ocrx_word' id='word_1_238' title='bbox 1195 1873 1232 1902; x_wconf 87' lang='lat' dir='ltr'><em>de</em></span> <span class='ocrx_word' id='word_1_239' title='bbox 1249 1872 1344 1919; x_wconf 53' lang='lat' dir='ltr'><em>foede-</em></span> 
     </span>
     <span class='ocr_line' id='line_1_29' title="bbox 20 1943 1182 1995; baseline 0.002 -16"><span class='ocrx_word' id='word_1_240' title='bbox 20 1943 24 1978; x_wconf 72' lang='grc'><em>’,</em></span> <span class='ocrx_word' id='word_1_241' title='bbox 82 1957 194 1993; x_wconf 89' lang='lat' dir='ltr'><em>quam</em></span> <span class='ocrx_word' id='word_1_242' title='bbox 209 1944 254 1980; x_wconf 86' lang='lat' dir='ltr'><em>de</em></span> <span class='ocrx_word' id='word_1_243' title='bbox 268 1944 449 1980; x_wconf 87' lang='lat' dir='ltr'><em>foederum</em></span> <span class='ocrx_word' id='word_1_244' title='bbox 463 1945 551 1995; x_wconf 87' lang='lat' dir='ltr'><em>jure</em></span> <span class='ocrx_word' id='word_1_245' title='bbox 569 1945 690 1981; x_wconf 82' lang='lat' dir='ltr'><em>verbis</em></span> <span class='ocrx_word' id='word_1_246' title='bbox 707 1946 928 1994; x_wconf 82' lang='lat' dir='ltr'><em>disceptare,</em></span> <span class='ocrx_word' id='word_1_247' title='bbox 946 1959 1060 1995; x_wconf 87' lang='lat' dir='ltr'><em>quum</em></span> <span class='ocrx_word' id='word_1_248' title='bbox 1079 1952 1182 1988; x_wconf 89' lang='lat' dir='ltr'><em>ante,</em></span> 
     </span>
     <span class='ocr_line' id='line_1_30' title="bbox 21 2008 1184 2064; baseline 0.003 -22"><span class='ocrx_word' id='word_1_249' title='bbox 21 2058 24 2064; x_wconf 64' lang='lat'><em>,</em></span> <span class='ocrx_word' id='word_1_250' title='bbox 82 2013 163 2043; x_wconf 89' lang='lat' dir='ltr'><em>tum</em></span> <span class='ocrx_word' id='word_1_251' title='bbox 181 2008 342 2044; x_wconf 86' lang='lat' dir='ltr'><em>maxime</em></span> <span class='ocrx_word' id='word_1_252' title='bbox 361 2008 532 2057; x_wconf 82' lang='lat' dir='ltr'><em>Sagunto</em></span> <span class='ocrx_word' id='word_1_253' title='bbox 552 2009 695 2045; x_wconf 83' lang='lat' dir='ltr'><em>excisa:</em></span> <span class='ocrx_word' id='word_1_254' title='bbox 718 2021 819 2053; x_wconf 89' lang='lat' dir='ltr'><em>nam,</em></span> <span class='ocrx_word' id='word_1_255' title='bbox 840 2010 872 2045; x_wconf 85' lang='lat' dir='ltr'><em>si</em></span> <span class='ocrx_word' id='word_1_256' title='bbox 890 2009 1090 2046; x_wconf 86' lang='lat' dir='ltr'><em>verborum</em></span> <span class='ocrx_word' id='word_1_257' title='bbox 1109 2010 1184 2045; x_wconf 86' lang='lat' dir='ltr'><em>dis-</em></span> 
     </span>
     <span class='ocr_line' id='line_1_31' title="bbox 23 2071 1185 2121; baseline 0.003 -17"><span class='ocrx_word' id='word_1_258' title='bbox 23 2093 27 2121; x_wconf 31' lang='lat' dir='ltr'><em>i.</em></span> <span class='ocrx_word' id='word_1_259' title='bbox 83 2071 307 2119; x_wconf 86' lang='lat' dir='ltr'><em>ceptationis</em></span> <span class='ocrx_word' id='word_1_260' title='bbox 328 2083 384 2106; x_wconf 84' lang='lat' dir='ltr'><em>res</em></span> <span class='ocrx_word' id='word_1_261' title='bbox 412 2078 529 2114; x_wconf 73' lang='lat' dir='ltr'><em>esset,</em></span> <span class='ocrx_word' id='word_1_262' title='bbox 554 2071 646 2120; x_wconf 76' lang='lat' dir='ltr'><em>quid</em></span> <span class='ocrx_word' id='word_1_263' title='bbox 668 2071 790 2108; x_wconf 86' lang='lat' dir='ltr'><em>foedus</em></span> <span class='ocrx_word' id='word_1_264' title='bbox 820 2072 1069 2108; x_wconf 85' lang='lat' dir='ltr'><em>Hasdrubalis</em></span> <span class='ocrx_word' id='word_1_265' title='bbox 1100 2084 1185 2108; x_wconf 84' lang='lat' dir='ltr'><em>cum</em></span> 
     </span>
     <span class='ocr_line' id='line_1_32' title="bbox 23 2131 1184 2186; baseline 0.003 -17"><span class='ocrx_word' id='word_1_266' title='bbox 23 2148 27 2160; x_wconf 86' lang='lat'><strong><em>¹</em></strong></span> <span class='ocrx_word' id='word_1_267' title='bbox 83 2131 227 2169; x_wconf 85' lang='lat' dir='ltr'><em>Lutatii</em></span> <span class='ocrx_word' id='word_1_268' title='bbox 254 2134 377 2183; x_wconf 88' lang='lat' dir='ltr'><em>priore</em></span> <span class='ocrx_word' id='word_1_269' title='bbox 405 2133 560 2176; x_wconf 85' lang='lat' dir='ltr'><em>foedere,</em></span> <span class='ocrx_word' id='word_1_270' title='bbox 590 2135 694 2182; x_wconf 77' lang='lat' dir='ltr'><em>quod&#39;</em></span> <span class='ocrx_word' id='word_1_271' title='bbox 718 2140 904 2171; x_wconf 81' lang='lat' dir='ltr'><em>mutatum</em></span> <span class='ocrx_word' id='word_1_272' title='bbox 933 2142 1002 2178; x_wconf 90' lang='lat' dir='ltr'><em>est,</em></span> <span class='ocrx_word' id='word_1_273' title='bbox 1032 2148 1184 2186; x_wconf 88' lang='lat' dir='ltr'><em>compa·</em></span> 
     </span>
    </p>
   </div>
   <div class='ocr_carea' id='block_1_12' title="bbox 1195 1924 1361 1952">
    <p class='ocr_par' dir='ltr' id='par_1_14' title="bbox 1195 1924 1361 1952">
     <span class='ocr_line' id='line_1_33' title="bbox 1195 1924 1361 1952; baseline -0.006 -7"><span class='ocrx_word' id='word_1_274' title='bbox 1195 1924 1268 1945; x_wconf 84' lang='lat' dir='ltr'><em>rum</em></span> <span class='ocrx_word' id='word_1_275' title='bbox 1280 1925 1361 1952; x_wconf 82' lang='lat' dir='ltr'><em>Jure.</em></span> 
     </span>
    </p>
   </div>
   <div class='ocr_carea' id='block_1_13' title="bbox 84 2195 1183 2310">
    <p class='ocr_par' dir='ltr' id='par_1_15' title="bbox 84 2195 1183 2310">
     <span class='ocr_line' id='line_1_34' title="bbox 84 2195 1183 2244; baseline 0.004 -14"><span class='ocrx_word' id='word_1_276' title='bbox 84 2195 240 2231; x_wconf 90' lang='lat' dir='ltr'><em>randum</em></span> <span class='ocrx_word' id='word_1_277' title='bbox 261 2202 339 2231; x_wconf 89' lang='lat' dir='ltr'><em>erat</em></span> <span class='ocrx_word' id='word_1_278' title='bbox 356 2197 368 2231; x_wconf 84' lang='lat'>?</span> <span class='ocrx_word' id='word_1_279' title='bbox 396 2209 510 2244; x_wconf 90' lang='lat' dir='ltr'><em>quum</em></span> <span class='ocrx_word' id='word_1_280' title='bbox 530 2197 568 2232; x_wconf 90' lang='lat' dir='ltr'><em>in</em></span> <span class='ocrx_word' id='word_1_281' title='bbox 588 2196 735 2232; x_wconf 85' lang='lat' dir='ltr'><em>Lutatii</em></span> <span class='ocrx_word' id='word_1_282' title='bbox 762 2197 904 2233; x_wconf 82' lang='lat' dir='ltr'><em>foedere</em></span> <span class='ocrx_word' id='word_1_283' title='bbox 923 2197 1060 2233; x_wconf 84' lang='lat' dir='ltr'><em>diserte</em></span> <span class='ocrx_word' id='word_1_284' title='bbox 1080 2199 1183 2235; x_wconf 90' lang='lat' dir='ltr'><em>addi-</em></span> 
     </span>
     <span class='ocr_line' id='line_1_35' title="bbox 85 2260 1183 2310; baseline 0.007 -19"><span class='ocrx_word' id='word_1_285' title='bbox 85 2264 163 2292; x_wconf 82' lang='lat' dir='ltr'><em>tum</em></span> <span class='ocrx_word' id='word_1_286' title='bbox 183 2265 292 2300; x_wconf 85' lang='lat' dir='ltr'><em>esset,</em></span> <span class='ocrx_word' id='word_1_287' title='bbox 314 2261 366 2295; x_wconf 82' lang='lat' dir='ltr'><em>ita</em></span> <span class='ocrx_word' id='word_1_288' title='bbox 385 2262 423 2296; x_wconf 85' lang='lat' dir='ltr'><em>z&#39;d</em></span> <span class='ocrx_word' id='word_1_289' title='bbox 440 2266 559 2297; x_wconf 83' lang='lat' dir='ltr'><em>ratum</em></span> <span class='ocrx_word' id='word_1_290' title='bbox 567 2260 667 2309; x_wconf 88' lang='lat' dir='ltr'><em>fore,</em></span> <span class='ocrx_word' id='word_1_291' title='bbox 683 2263 713 2297; x_wconf 87' lang='lat' dir='ltr'><em>si</em></span> <span class='ocrx_word' id='word_1_292' title='bbox 728 2263 884 2310; x_wconf 85' lang='lat' dir='ltr'><em>populus</em></span> <span class='ocrx_word' id='word_1_293' title='bbox 903 2264 1087 2298; x_wconf 82' lang='lat' dir='ltr'><em>censuisset</em></span> <span class='ocrx_word' id='word_1_294' title='bbox 1102 2280 1115 2306; x_wconf 89' lang='lat'><em>,·</em></span> <span class='ocrx_word' id='word_1_295' title='bbox 1145 2264 1183 2299; x_wconf 89' lang='lat' dir='ltr'><em>in</em></span> 
     </span>
    </p>
   </div>
   <div class='ocr_carea' id='block_1_14' title="bbox 87 2318 1185 2422">
    <p class='ocr_par' dir='ltr' id='par_1_16' title="bbox 87 2318 1185 2422">
     <span class='ocr_line' id='line_1_36' title="bbox 87 2318 1185 2374; baseline 0.008 -20"><span class='ocrx_word' id='word_1_296' title='bbox 87 2318 332 2357; x_wconf 87' lang='lat' dir='ltr'><em>Hasdrubalis</em></span> <span class='ocrx_word' id='word_1_297' title='bbox 365 2322 506 2359; x_wconf 87' lang='lat' dir='ltr'><em>foedere</em></span> <span class='ocrx_word' id='word_1_298' title='bbox 540 2336 608 2359; x_wconf 86' lang='lat' dir='ltr'><em>nec</em></span> <span class='ocrx_word' id='word_1_299' title='bbox 641 2331 839 2374; x_wconf 86' lang='lat' dir='ltr'><em>exceptum</em></span> <span class='ocrx_word' id='word_1_300' title='bbox 871 2325 947 2361; x_wconf 86' lang='lat' dir='ltr'><em>tale</em></span> <span class='ocrx_word' id='word_1_301' title='bbox 984 2326 1185 2374; x_wconf 86' lang='lat' dir='ltr'><em>quidquam</em></span> 
     </span>
     <span class='ocr_line' id='line_1_37' title="bbox 112 2386 668 2422; baseline 0.009 -5"><span class='ocrx_word' id='word_1_302' title='bbox 112 2386 115 2387; x_wconf 72' lang='grc'>’</span> <span class='ocrx_word' id='word_1_303' title='bbox 610 2387 624 2421; x_wconf 98' lang='lat' dir='ltr'><em>l</em></span> <span class='ocrx_word' id='word_1_304' title='bbox 645 2387 668 2422; x_wconf 91' lang='grc'><strong>3</strong></span> 
     </span>
    </p>
   </div>
  </div>
 </body>
</html>
