1527 2661
167 287 257 317 U.C.
277 294 350 318 535.

165 331 206 361 A.
221 330 257 360 C.
275 335 349 365 217.

168 607 285 637 seditio
302 607 335 636 in

167 652 274 681 castris
292 651 349 680 Fa-

166 694 221 724 bii.

166 1062 305 1093 Minucii

166 1105 313 1136 seditiosa

163 1153 275 1179 oratio.

364 189 445 230 244
815 196 859 224 T.
884 196 1015 226 mvn

360 284 467 328 bant,
489 284 590 335 quod
610 296 725 321 unum
752 284 942 322 vinculum
962 286 1046 323 fidei
1066 292 1136 331 est,
1157 287 1374 326 melioribus
1400 301 1467 342 pa-

360 362 452 387 rere.

415 416 526 453 XIV.
567 415 623 452 Ut
640 427 730 451 vero
755 415 803 451 ad
821 415 1050 453 Vulturnum
1070 417 1208 454 flumen
1232 424 1355 454 castra
1380 425 1469 454 sunt

362 482 501 531 posita,
518 479 818 527 exurebaturque
838 481 1114 518 amoenissimus
1131 483 1251 520 ltaliae
1272 496 1375 532 ager,
1395 483 1466 520 vil-

361 546 481 593 laeque
500 544 640 593 passim
666 543 847 578 incendiis
874 544 1087 588 fumabant,
1109 559 1175 595 per
1193 546 1290 596 juga
1308 547 1465 583 Massici

362 611 502 646 montis
522 608 642 644 Fabio
663 607 837 650 ducente,
857 614 938 644 tum
958 622 1075 659 prope
1096 610 1142 646 de
1161 611 1311 660 integro
1331 605 1467 647 seditio

360 687 540 712 accensa:
574 673 794 721 quieverant
830 673 930 708 enim
966 686 1032 723 per
1068 687 1208 724 paucos
1242 675 1344 721 dies;
1380 675 1469 724 quia

358 752 476 788 quum
496 737 651 773 celerius
672 736 785 772 solito
805 736 957 772 ductum
978 750 1112 786 agmen
1132 738 1279 781 fuisset,
1295 738 1467 774 festinari

361 804 407 840 ad
429 802 701 853 prohibendam
729 799 1038 849 populationibus
1071 802 1318 851 Campaniam
1347 803 1465 838 credi-

361 868 505 903 derant.
562 865 618 902 Ut
642 876 731 900 vero
757 864 797 899 in
827 870 994 900 extrema
1018 864 1115 914 juga
1139 865 1297 902 Massici
1326 866 1466 902 montis

358 937 513 967 ventum
533 937 603 973 est,
623 930 827 977 hostesque
846 927 914 963 sub
935 928 1052 964 oculis
1074 936 1193 971 erant,
1215 928 1366 965 Falerni
1385 929 1466 978 agri

358 995 655 1043 colonorumque
675 993 860 1029 Sinuessae
885 998 987 1028 tecta
1008 1000 1172 1036 urentes,
1193 1006 1263 1030 nec
1289 993 1364 1029 ulla
1384 1000 1465 1030 erat

359 1060 503 1095 mentio
529 1070 680 1108 pugnae,
712 1056 967 1104 Spectatumne
991 1057 1072 1099 huc,
1103 1057 1227 1105 inquit
1254 1056 1463 1100 Minucius,

359 1128 399 1159 ut
424 1135 499 1158 rem
517 1121 720 1170 fruendam
749 1120 873 1161 oculis,
903 1122 1078 1156 sociorum
1102 1121 1210 1156 caedes
1238 1125 1274 1156 et
1301 1122 1467 1157 incendia

358 1189 518 1224 venimus
530 1187 551 1221 ἴ)
578 1197 641 1221 nec
658 1186 687 1220 si
705 1185 840 1219 nullius
857 1184 1005 1219 alterius
1022 1196 1097 1226 nos,
1115 1196 1159 1220 ne
1178 1186 1306 1220 civium
1325 1185 1467 1232 quidem

359 1252 484 1286 horum
501 1250 627 1298 pudet,
649 1259 733 1295 quos
752 1247 955 1282 Sinuessam
974 1247 1113 1282 colonos
1126 1251 1250 1295 patres
1267 1248 1379 1283 nostri
1398 1248 1465 1283 mi-

356 1319 492 1356 serunt,
512 1317 553 1348 ut
577 1313 620 1348 ab
640 1312 802 1347 Samnite
821 1311 918 1347 hoste
944 1315 1023 1346 tuta
1042 1311 1114 1347 haec
1139 1324 1203 1347 ora
1220 1316 1329 1347 esset:
1358 1324 1466 1360 quom

356 1392 451 1415 nunc
478 1390 547 1414 non
575 1379 709 1413 vicinus
728 1376 872 1412 Samnis
899 1377 986 1418 urit,
1015 1378 1075 1412 sed
1094 1377 1223 1412 Poenus
1250 1377 1402 1419 advena,
1423 1377 1467 1412 ab

355 1444 520 1479 eaetremis
543 1441 634 1477 orbis
656 1445 834 1476 terrarum
857 1442 1025 1482 terminis,
1046 1446 1169 1476 nostra
1191 1443 1413 1476 cunctatione
1430 1445 1464 1476 et

354 1508 530 1547 socordia,
550 1503 632 1551 jam
658 1504 726 1539 huc
748 1516 961 1551 progressus.
1024 1505 1179 1540 Tantum
1201 1505 1283 1552 (pro
1297 1504 1327 1549 J)
1359 1505 1462 1550 dege-

353 1582 518 1606 neramus
546 1582 569 1604 a
594 1568 799 1617 parentibus
826 1569 967 1609 nostris,
988 1573 1042 1610 ut,
1068 1573 1199 1616 praeter
1227 1580 1334 1616 quam
1363 1580 1464 1603 oram

354 1636 411 1670 illi
441 1635 599 1670 Punicas
625 1634 751 1680 vagari
784 1633 921 1674 classes,
953 1633 1101 1668 dedecus
1136 1645 1206 1668 esse
1235 1634 1374 1680 imperii
1408 1634 1463 1668 sui

356 1700 536 1739 duxerint,
557 1709 635 1732 eam
660 1708 722 1731 nos
743 1708 836 1731 nunc
858 1696 1004 1743 plenam
1030 1693 1183 1731 hostium
1203 1697 1462 1732 Numidarum-

357 1775 423 1812 que
447 1776 490 1798 ac
508 1763 721 1798 Maurorum
739 1760 820 1807 jam
835 1760 983 1809 factam
1001 1762 1217 1796 videamus?
1247 1762 1318 1802 Qui
1342 1763 1461 1804 modo,

356 1827 561 1874 Saguntum
580 1825 778 1873 obpugnari
798 1826 1030 1872 indignando,
1046 1837 1116 1860 non
1136 1825 1290 1860 homines
1309 1829 1462 1868 tantum,

353 1892 414 1926 sed
428 1889 575 1938 foedera
594 1895 629 1925 et
647 1890 761 1930 Deos,
783 1889 969 1931 ciebamus,
988 1891 1216 1926 scandentem
1241 1891 1368 1925 moenia
1386 1889 1461 1925 Ro-

353 1966 468 1990 nzanae
497 1955 644 1989 coloniae
675 1953 917 1988 Hannibalem
951 1955 1039 1990 lenti
1070 1959 1279 2002 spectamus.
1335 1955 1464 1990 Fumus

353 2030 394 2054 ex
421 2018 590 2053 incendiis
613 2017 782 2052 villarum
807 2028 1043 2065 agrorumque
1070 2019 1105 2053 z'n
1125 2018 1243 2053 oculos
1270 2022 1377 2065 atque
1402 2030 1466 2054 ora

353 2083 471 2126 venit3
501 2085 662 2128 strepunt
682 2093 784 2115 aures
802 2081 1013 2116 clamoribus
1031 2082 1254 2129 plorantium
1272 2083 1460 2123 sociorum,

352 2146 480 2193 saepius
502 2156 577 2185 nos,
598 2156 704 2191 quam
724 2144 889 2179 Deorum
914 2145 1152 2180 invocantium
1172 2156 1271 2194 opem
1285 2160 1297 2180 .-
1325 2157 1387 2180 nos
1406 2145 1462 2180 hic

349 2221 519 2257 pecorum
536 2209 639 2244 modo
660 2219 727 2255 per
745 2210 880 2244 aestivos
903 2209 1016 2244 saltus
1032 2210 1218 2257 deviasque
1235 2209 1342 2244 calles
1361 2220 1458 2244 exer-

348 2275 462 2309 citum
481 2274 653 2316 ducimus,
674 2274 808 2309 conditi
822 2273 968 2309 nubibus
985 2274 1156 2321 silvisque.
1212 2273 1254 2308 Si
1274 2272 1337 2308 hoc
1358 2273 1461 2309 modo
