1527 2661
146 331 236 362 U.C.
254 338 325 363 534.

146 375 185 405 A.
198 374 234 405 C.
251 381 324 406 218.

141 2001 272 2031 Praemia

139 2045 202 2074 suis
218 2052 287 2082 pro-

140 2087 266 2115 nuntiat

142 2129 265 2158 Hanni-

139 2172 201 2201 bal.

338 244 420 276 202
798 248 844 278 Τ.
876 249 1009 279 mvn

339 332 443 379 hujus
470 335 569 376 anni,
590 346 701 371 unum
729 337 766 371 in
784 336 963 385 Africam,
994 338 1148 374 alterum
1175 338 1212 372 in
1229 337 1445 385 Hispaniam

339 399 533 434 miserunt:
560 398 651 434 nihil
677 411 827 448 usquam
852 401 950 436 nobis
976 402 1140 437 relictum
1167 406 1231 444 est,
1260 402 1328 437 nisi
1353 401 1448 449 qu'od

338 463 447 497 armis
465 463 728 499 vindicarimus.
786 464 867 500 Illis
893 466 1027 501 timidis
1045 470 1080 501 et
1098 467 1237 513 ignavis
1255 466 1336 501 licet
1359 475 1443 504 esse,

339 527 399 573 qui
425 530 621 573 respectum
650 526 789 570 habent,
811 540 897 575 quos
923 541 1005 564 suus
1033 542 1132 576 ager,
1151 542 1217 565 sua
1246 534 1353 571 terra,
1379 539 1448 576 per

341 594 425 625 tuta.
446 602 489 624 ac
512 594 649 637 pacata
667 591 796 627 itinera
814 591 1014 639 fugientes,
1044 594 1244 641 accipient:
1270 592 1366 628 vobis
1383 603 1446 627 ne-

339 664 428 688 cesse
445 652 664 701 estfortibus
688 656 773 690 viris
797 667 877 697 esse,
900 660 947 699 et,
968 657 1127 693 omnibus
1151 658 1244 692 inter
1261 657 1446 693 victoriam

337 721 529 752 mortemve
547 722 645 753 certa
662 718 905 766 desperatione
924 721 1095 769 abruptis,
1112 725 1177 757 aut
1195 722 1346 761 vincere,
1367 724 1444 761 aut,

335 784 366 816 si
382 780 542 829 fortuna
560 782 746 825 dubitabit,
776 784 814 819 in
837 785 964 832 proelio
987 787 1121 833 potius,
1142 797 1250 833 quam
1277 785 1315 820 in
1330 782 1446 832 fuga,

335 851 483 881 mortem
502 846 672 894 obpetere.
730 846 772 883 Si
796 847 861 884 hoc
880 848 962 884 bene
973 849 1094 897 fixum
1113 849 1271 885 omnibus
1289 849 1446 884 destina-

338 914 481 957 tumque
507 911 544 945 in
573 911 692 946 animo
719 917 782 953 est,
802 913 931 948 iterum
960 914 1092 954 dicam,
1121 914 1277 948 vicistis:
1305 911 1447 947 nullum

335 978 552 1009 momentum
571 975 618 1009 ad
645 976 853 1010 vincendum
874 975 1006 1012 homini
1024 976 1067 1011 ab
1086 976 1174 1011 Diis
1202 974 1447 1011 inmortalibus

337 1039 454 1073 acrius
472 1039 596 1073 datum
615 1043 676 1073 est.

391 1099 516 1137 XLV.
546 1100 620 1136 His
661 1101 991 1137 adhortationibus
1026 1114 1140 1150 quum
1174 1101 1361 1149 utrimque
1398 1100 1445 1136 ad

337 1170 525 1199 certamen
563 1165 710 1200 accensi
748 1165 910 1200 militum
947 1165 1063 1200 animi
1099 1171 1238 1205 essent,
1275 1163 1443 1200 Romani

336 1234 453 1276 ponte
481 1227 656 1264 Ticinum
680 1227 866 1278 jungunt,
900 1229 1123 1276 tutandique
1155 1228 1282 1277 pontis
1312 1239 1444 1264 caussa

338 1291 532 1327 castellum
562 1293 717 1342 insuper
746 1294 947 1342 inponunt.
1003 1292 1160 1334 Poenus,
1192 1304 1305 1341 opere
1331 1304 1443 1328 occu—

337 1356 431 1402 patis
459 1355 647 1399 hostibus,
680 1355 945 1392 Maharbalem
975 1368 1061 1391 cum
1089 1354 1149 1391 ala
1176 1354 1441 1397 Numidarum,

334 1419 521 1466 equitibus
543 1420 773 1468 quingentiS,
796 1420 842 1456 ad
862 1419 1144 1469 depopulandos
1165 1419 1353 1454 sociorum
1373 1431 1443 1467 po—

335 1482 411 1530 puli
430 1482 597 1518 Romani
617 1496 727 1531 agros
748 1484 888 1519 mittit:
923 1483 1040 1519 Gallis
1067 1483 1170 1532 parci
1190 1495 1302 1531 quam
1322 1482 1441 1518 maxi-

333 1559 392 1582 me
404 1546 531 1595 jubet,
552 1548 839 1597 principumque
865 1549 1009 1583 animos
1030 1547 1225 1582 sollicitari
1251 1546 1297 1582 ad
1317 1545 1442 1581 defec-

333 1610 489 1646 tionem.
546 1610 671 1645 Ponte
701 1610 885 1659 perfecto,
920 1611 1114 1646 traductus
1148 1608 1345 1645 Romanus
1377 1621 1441 1644 ex-

334 1673 470 1708 ercitus
500 1673 538 1708 in
577 1686 709 1721 agrum
742 1673 975 1715 Insubrium,
1006 1673 1171 1721 quinque
1205 1671 1322 1707 millia
1355 1684 1463 1721 pas-¹

332 1749 442 1772 suum
471 1750 493 1772 a
512 1736 737 1772 Victumviis
768 1737 951 1773 consedit.
1009 1736 1069 1772 Ibi
1093 1735 1291 1771 Hannibal
1319 1741 1441 1771 castra

332 1799 519 1836 habebat:
560 1806 813 1849 revocatoque
858 1813 1017 1850 propere
1059 1799 1285 1836 Maharbale
1328 1805 1442 1848 atque

332 1862 534 1911 equitibus,
570 1877 685 1912 quum
722 1865 864 1900 instare
901 1871 1092 1900 certamen
1128 1872 1311 1906 cerneret,
1345 1863 1442 1899 nihil

332 1939 507 1975 nmquam
529 1928 619 1962 satis
640 1929 782 1964 dictum
802 1929 1142 1978 praemonitumque
1168 1927 1214 1964 ad
1234 1928 1439 1963 cohortan-

332 1990 397 2025 dos
418 1989 555 2025 milites
585 1996 701 2033 ratus,
722 1992 866 2027 vocatis
894 1991 940 2026 ad
970 1991 1193 2027 concionem
1213 1998 1315 2026 certa
1344 2002 1438 2039 prae—

331 2053 407 2089 mia
426 2054 666 2102 pronunciat,
684 2055 721 2089 in
739 2066 896 2101 quorum
918 2066 1021 2103 spem
1037 2059 1260 2102 pugnarent.
1300 2055 1441 2099 Agrum

331 2128 400 2152 sese
419 2117 588 2152 daturum
607 2129 676 2153 esse
694 2119 730 2152 in
747 2118 873 2159 Italia,
894 2116 1038 2166 Africa,
1058 2117 1250 2164 Hispania,
1273 2116 1330 2151 ubi
1345 2118 1440 2163 quis-

334 2192 400 2228 que
417 2180 514 2222 velit,
537 2182 715 2216 inmunem
741 2183 820 2228 ipsi,
842 2182 904 2228 qui
922 2182 1124 2229 accepisset,
1145 2179 1330 2227 liberisque
1341 2196 1353 2222 ,-
1383 2182 1444 2228 qui

332 2245 535 2291 pecuniam,
556 2257 664 2292 quam
683 2257 823 2291 agrum,
845 2245 1040 2286 maluisset,
1061 2245 1093 2279 ei
1117 2255 1152 2279 se
1171 2248 1319 2290 argento
1336 2245 1440 2279 satis-

325 2307 541 2355 facturum:
578 2309 639 2355 qui
674 2309 848 2344 sociorum
885 2310 974 2343 cives
1009 2306 1324 2354 Karthaginienses
1352 2307 1441 2355 fieri

333 2371 477 2412 mellent,
505 2375 719 2418 potestatem
736 2370 953 2420 fircturum:
983 2372 1043 2420 qui
1062 2371 1182 2407 domos
1210 2369 1324 2406 redire
1348 2370 1441 2406 mat-
