1527 2661
72 270 110 301 [ἶ.
125 270 159 300 C.
178 278 252 303 444.

71 314 106 343 Α.
121 314 157 344 C.
176 321 250 346 308.

59 1314 175 1353 Ingens
192 1314 232 1344 E-

62 1364 243 1388 :ruscorum

57 1401 216 1431 exercitus

58 1443 240 1484 conligitur.

262 170 316 222 56
722 185 766 214 T.
795 185 923 215 mvn

264 273 427 309 Etruriae
457 285 559 316 arva,
590 274 727 311 milites
759 276 911 312 emittit.
954 275 1109 326 Ingenti
1131 275 1215 328 jam
1244 277 1380 316 abacta

263 338 403 388 praeda,
421 338 676 375 tumultuariae
697 341 904 388 agrestium
919 340 1169 378 Etruscorum
1185 344 1376 387 cohortes,

262 409 417 453 repente
437 416 459 439 a
487 404 720 454 principibus
750 405 915 454 regionis
937 404 1017 455 ejus
1048 408 1264 450 concitatae,
1294 408 1377 444 Ro-

261 468 382 503 manis
420 467 644 511 obem-runt,
683 468 778 505 adeo
816 470 1095 519 incompositae,
1130 477 1173 507 ut
1210 472 1378 508 vindices

260 531 471 582 praedarum
490 544 608 582 prope
628 532 700 582 ipsi
728 532 864 582 praedae
882 532 1037 570 fuerint.
1081 534 1198 570 Caesis
1217 534 1379 584 fugatis-

260 608 333 649 que
352 596 412 639 iis,
432 595 509 632 late
528 595 760 646 depopulato
781 609 889 646 agro,
906 598 1029 634 victor
1046 597 1261 643 Romanus,
1283 612 1379 650 opu-

258 659 459 709 lentusque
478 673 603 697 rerum
624 661 794 699 omnium
813 663 938 713 copia,
959 663 998 699 in
1016 670 1141 700 castra
1157 664 1279 701 rediit.
1314 664 1378 702 Eo

258 725 358 761 forte
377 725 543 774 quinque
571 724 689 774 legati
709 738 795 763 cum
814 726 961 763 duobus
981 726 1144 764 tribunis
1173 727 1294 779 plebis
1314 742 1378 766 ve-

257 796 407 833 nerant,
429 789 699 826 denunciatum
727 789 849 827 Fabio
876 798 1027 828 senatus
1059 791 1195 836 verbis,
1226 805 1274 829 ne
1303 792 1377 830 sal-

255 861 338 891 tum
359 854 566 890 Ciminium
590 855 793 892 transiret:
824 854 945 892 laetati
974 856 1091 892 serius
1122 868 1176 900 se,
1197 869 1310 906 quam
1334 864 1378 894 ut

256 919 427 969 inpedire
458 917 601 955 bellum
633 926 805 970 possent,
841 921 1003 965 venisse,
1039 921 1170 958 nuncii
1206 921 1375 959 victoriae

255 981 423 1020 Romam
441 990 694 1021 revertuntur.

309 1047 530 1085 XXXVII.
560 1047 648 1085 Hac
678 1046 921 1099 expeditione
951 1047 1116 1086 consulis
1145 1056 1294 1087 motum
1319 1049 1375 1088 la-

256 1111 332 1147 tius
367 1118 462 1156 erat,
491 1124 604 1162 quam
636 1111 894 1163 profligatum,
923 1112 1089 1150 bellum:
1122 1115 1375 1151 vastatIOnem

259 1188 424 1225 namque
457 1176 527 1214 sub
558 1176 714 1213 Ciminii
742 1177 883 1214 montis
920 1176 1110 1214 radicibus
1137 1176 1272 1228 jacens
1309 1191 1377 1216 ora

261 1246 444 1284 senserat,
479 1241 770 1289 conciveratque
801 1241 1065 1289 indignatione
1099 1254 1180 1278 non
1211 1242 1376 1280 Etruriae

255 1304 370 1341 modo
394 1304 571 1355 populos,
592 1305 658 1341 sed
676 1303 847 1341 Umbriae
866 1304 1040 1342 finitima.
1081 1303 1233 1354 Itaque,
1253 1318 1373 1354 quan-

255 1376 315 1405 tus
344 1381 426 1406 non
454 1381 634 1419 umquam
666 1375 792 1412 antea,
814 1369 1000 1405 exercitus
1034 1369 1081 1405 ad
1112 1369 1282 1406 Sutrium
1309 1382 1374 1406 ve-

254 1435 334 1471 nit:
366 1447 490 1484 neque
525 1447 547 1470 e
584 1433 684 1470 silvis
718 1433 985 1470 tantummodo
1022 1441 1202 1484 promota
1234 1440 1371 1478 castra,

252 1499 317 1536 sed
337 1500 452 1536 etiam
471 1499 651 1535 aviditate
670 1497 875 1535 dimicandi
895 1511 1008 1547 quam
1027 1499 1192 1548 primum
1212 1499 1251 1535 in
1270 1512 1373 1535 cam-

250 1575 319 1613 pos
341 1563 466 1599 delata
495 1563 620 1599 acies:
654 1562 788 1598 deinde
818 1562 1004 1599 instructa
1032 1563 1156 1613 primo
1176 1575 1245 1598 suo
1274 1569 1374 1599 stare

251 1628 352 1671 loco,
373 1628 507 1664 relicto
527 1627 701 1664 hostibus
723 1627 769 1664 ad
789 1627 1053 1663 instruendum
1069 1633 1202 1663 contra
1222 1627 1370 1677 spatio:

251 1693 353 1736 dein,
373 1699 575 1743 postquam
595 1691 806 1728 detractare
831 1692 982 1728 hostem
1012 1703 1163 1727 sensere
1189 1703 1372 1741 pugnam,

253 1758 299 1794 ad
319 1757 458 1793 vallum
478 1756 653 1793 subeunt.
685 1756 763 1793 Ubi
783 1763 986 1806 postquam
1013 1755 1200 1792 stationes
1222 1767 1374 1804 quoque

253 1828 423 1872 receptas
453 1822 554 1857 intra
582 1821 819 1857 munimenta
850 1832 1014 1863 sensere,
1046 1819 1190 1856 clamor
1219 1825 1375 1868 repente

253 1888 353 1924 circa
373 1887 485 1924 duces
515 1892 636 1930 ortus,
659 1892 698 1922 ut
726 1899 765 1923 eo
784 1886 848 1922 sibi
868 1899 887 1922 e
906 1888 1032 1923 castris
1052 1887 1188 1922 cibaria
1212 1883 1287 1930 eJ'us
1306 1886 1377 1921 diei

253 1951 387 2001 deferri
400 1950 605 2001 juberent3
638 1963 824 1986 mansuros
841 1962 877 1986 se
894 1951 956 1986 sub
975 1951 1098 1993 armis,
1120 1954 1156 1986 et
1175 1954 1239 1985 aut
1257 1953 1372 1991 nocte,

251 2021 318 2052 aut
336 2020 431 2052 certe
457 2016 534 2051 lace
548 2017 673 2063 prima
692 2020 811 2051 castra
838 2014 992 2050 hostium
1017 2016 1210 2050 invasuros.
1239 2011 1376 2048 Nihilo

252 2081 419 2130 quietior
441 2079 640 2116 Romanus
671 2080 857 2116 exercitus
888 2079 1049 2129 imperio
1070 2078 1174 2115 ducis
1202 2076 1375 2113 contine-

252 2151 314 2180 tur
331 2159 337 2179 :
371 2143 517 2180 decima
537 2150 617 2179 erat
636 2143 715 2179 fere
735 2143 810 2179 diei
829 2143 937 2186 hora,
961 2155 1077 2192 quum
1097 2141 1223 2178 cibum
1242 2152 1375 2190 capere

252 2207 387 2245 consul
418 2207 555 2244 milites
583 2206 723 2258 jubet3
761 2208 946 2257 praecipit,
982 2214 1024 2242 ut
1061 2206 1101 2242 in
1137 2205 1249 2241 armis
1283 2204 1373 2247 sint,

251 2285 488 2322 quacumque
508 2272 583 2308 diei
603 2273 773 2308 noctisve
790 2272 885 2307 hora
905 2273 1056 2320 signum
1071 2270 1227 2306 dederit.
1273 2267 1374 2304 Pau-

257 2339 308 2375 cis
329 2338 467 2375 milites
487 2337 717 2388 adloquitur,
740 2337 967 2373 Samnitium
989 2335 1090 2373 bella
1113 2333 1275 2377 extollit,
1296 2332 1371 2369 ele-
