1527 2661
298 170 384 221 484
751 183 796 212 T.
822 184 958 213 mvn

105 273 145 303 U.
158 274 193 304 C.
213 281 386 307 54o-neni
416 271 453 307 in
485 271 762 309 Celtiberorum
799 274 949 311 auxiliis
980 287 1084 321 esse,
1116 275 1258 325 peritus
1287 277 1410 314 omnis

104 318 143 346 A·
158 317 195 347 C·
213 324 520 380 212'ba1·baricae‚
541 343 580 372 et
604 338 792 387 praecipue
817 339 988 374 omnium
1014 351 1142 375 earum
1162 340 1348 388 gentium,
1371 341 1410 376 in

102 369 252 400 Celtiberi

102 413 253 444 deserunt

103 456 164 487 Cn.
179 457 246 488 Sci-

103 501 244 540 pionem.

297 400 432 450 quibus
448 414 515 452 per
530 408 589 437 tot
605 414 724 439 annos
741 403 943 446 militabat,
957 403 1136 454 perfidiae,
1152 403 1255 441 facili
1271 404 1412 455 linguae

297 465 541 509 commercio,
561 479 676 516 quum
697 474 855 517 utraque
876 476 999 505 castra
1018 468 1131 519 plena
1149 468 1413 520 Hispanorum

296 536 436 574 essent,
457 543 524 581 per
543 531 694 568 occulta
713 532 915 582 conloquia
935 533 1139 583 paciscitur
1157 546 1298 583 magna
1315 546 1414 570 mer-

297 595 387 631 cede
416 608 502 631 cum
522 594 799 633 Celtiberorum
830 597 1078 647 principibus,
1099 603 1141 633 ut
1169 598 1297 648 copias
1327 598 1416 635 inde

298 658 501 696 abducant.
558 659 643 696 Nec
663 667 774 697 atrox
793 661 915 697 visum
933 661 1080 697 facinus
1097 676 1104 697 :
1137 674 1215 698 non
1237 662 1352 706 enim,
1372 668 1417 698 'ut

296 724 337 760 in
356 723 555 762 Romanos
584 732 775 762 verterent
803 739 922 770 arma,
952 726 1159 775 agebatur:
1190 733 1229 764 et
1257 734 1421 770 merceS,

293 794 438 838 quanta
458 789 513 825 vel
544 801 613 841 pro
632 789 734 827 bello
763 792 854 827 satis
875 797 986 834 esset,
1007 791 1182 836 dabatur,
1201 803 1250 828 ne
1274 791 1416 828 bellum

297 861 493 903 gererent:
527 862 564 892 et
593 869 709 905 quum
729 857 832 905 quies
863 858 958 907 ipsa,
978 863 1060 893 tum
1089 857 1231 893 reditus
1260 856 1415 893 domum

298 918 518 969 fructusque
547 921 699 957 videndi
728 933 815 957 suos
836 933 991 971 suaque,
1014 929 1122 972 grata
1150 921 1265 971 vulgo
1296 927 1416 958 erant.

300 983 434 1034 Itaque
462 998 539 1022 non
561 986 718 1022 ducibus
738 986 901 1029 facilius,
923 999 1035 1035 quam
1061 986 1309 1030 multitudini,
1330 999 1416 1038 per-

299 1061 451 1085 suasum
479 1056 558 1085 est:
593 1049 704 1086 simul
740 1062 788 1086 ne
823 1057 946 1086 metus
967 1051 1118 1099 quidem
1152 1050 1198 1086 ab
1229 1050 1416 1087 Romanis

298 1120 393 1157 erat,
410 1115 549 1164 quippe
568 1120 646 1150 tam
666 1115 811 1164 paucis,
829 1115 858 1150 si
881 1115 916 1150 vi
935 1115 1153 1153 retinerent.
1210 1115 1255 1151 Id
1266 1115 1417 1165 quidem

298 1179 505 1214 cavendum
525 1191 672 1229 semper
687 1177 873 1215 Romanis
891 1179 1046 1215 ducibus
1067 1180 1152 1224 erit,
1170 1174 1418 1229 exemplaque

295 1242 377 1278 haec
406 1255 489 1279 vere
519 1255 587 1292 pro
608 1242 844 1280 documentis
873 1243 1063 1287 habenda,
1094 1256 1142 1281 ne
1171 1245 1225 1281 ita
1252 1243 1418 1281 externis

298 1308 454 1344 credant
473 1307 637 1351 auxiliis,
659 1313 701 1344 ut
725 1321 804 1344 non
828 1308 910 1359 plus
939 1310 996 1345 sui
1016 1309 1164 1345 roboris
1192 1321 1418 1359 suarumque

296 1372 450 1423 proprie
477 1372 610 1408 virium
640 1373 679 1409 in
709 1373 840 1410 castris
870 1373 1049 1411 habeant.
1107 1374 1233 1422 Signis
1262 1379 1418 1424 repente

295 1438 470 1482 sublatis,
500 1438 683 1475 Celtiberi
712 1438 867 1482 abeunt,
897 1440 994 1475 nihil
1031 1439 1132 1476 aliud
1161 1439 1416 1488 quaerentibus

293 1491 470 1541 ‘caussam
503 1504 873 1553 obtestantibusque,
908 1509 950 1540 ut
987 1511 1197 1547 manerent,
1228 1504 1416 1540 Romanis

299 1569 587 1620 respondentes,
608 1582 719 1618 quam
737 1569 946 1605 domestico
965 1582 1002 1606 se
1023 1570 1174 1606 avocari
1192 1569 1306 1606 bello.
1338 1570 1418 1606 Sci-

300 1634 379 1684 pio,
396 1639 598 1684 postquam
614 1634 707 1670 socii
727 1646 796 1670 nec
816 1634 1005 1683 p1·ecibuS‚
1022 1647 1092 1670 nec
1107 1635 1141 1669 vi
1163 1634 1314 1670 retineri
1331 1641 1419 1684 pot—

302 1705 425 1741 erant,
459 1710 530 1734 nec
561 1710 599 1733 se
629 1704 695 1733 aut
723 1710 852 1747 parem
882 1698 962 1734 sine
990 1697 1064 1734 illis
1099 1699 1202 1734 hosti
1232 1710 1327 1741 esse,
1359 1705 1426 1734 aut

303 1762 411 1799 fratri
436 1773 564 1798 rursus
594 1759 778 1810 conjungi
797 1761 892 1797 vidit
919 1774 1045 1812 posse,
1076 1774 1146 1798 nec
1176 1762 1293 1798 ullum
1323 1762 1425 1799 aliud

302 1826 469 1864 salutare
495 1824 695 1862 consilium
724 1824 764 1860 in
793 1832 946 1876 promtu
977 1838 1072 1870 esse,
1102 1832 1219 1870 retro,
1240 1833 1424 1875 quantum

304 1900 446 1947 posset,
485 1893 616 1930 cedere
652 1892 786 1929 statuit
799 1907 808 1937 3
842 1892 879 1927 in
910 1891 947 1927 id
977 1892 1082 1927 omni
1118 1904 1208 1928 cura
1240 1892 1424 1937 intentuS,

303 1960 442 1999 necubi
460 1960 563 1997 hosti
591 1971 699 2008 aequo
719 1970 758 1993 se
787 1957 1043 1994 committeret
1060 1956 1170 2003 loco3
1205 1958 1282 2006 qui,
1303 1964 1427 1994 trans-

309 2037 455 2076 gressus
474 2024 628 2067 flumen,
648 2035 767 2073 prope
782 2022 952 2071 vestigiis
972 2021 1194 2058 abeuntium
1214 2021 1425 2060 insistebat.

362 2088 559 2126 XXXIV.
588 2087 662 2124 Per
688 2087 836 2123 eosdem
859 2087 936 2122 dies
957 2085 1000 2122 P.
1015 2086 1232 2136 Scipionem
1261 2098 1330 2136 par
1349 2092 1427 2122 ter-

311 2167 387 2197 ror,
407 2151 616 2204 periculum
634 2149 756 2201 majus
777 2150 824 2187 ab
844 2162 945 2187 novo
967 2150 1092 2192 hoste,
1113 2149 1285 2199 urgebat.
1340 2149 1429 2187 Ma-

311 2219 448 2255 sinissa
462 2223 543 2254 erat
555 2215 724 2267 juvenis,
742 2228 787 2252 eo
800 2222 972 2266 tempore
987 2214 1111 2251 socius
1125 2214 1426 2263 Karthaginien-

311 2284 425 2326 sium,
446 2294 557 2332 quem
575 2280 711 2317 deinde
727 2280 869 2316 clarum
888 2287 1159 2332 potentemque
1175 2278 1353 2315 Romana
1370 2279 1427 2317 fe—

315 2348 365 2383 cit
386 2346 553 2383 amicitia
569 2361 575 2382 :
599 2345 629 2382 is
649 2351 730 2383 tum
747 2357 833 2382 cum
848 2345 1020 2394 equitatu
1038 2343 1291 2380 Numidarum
1307 2349 1345 2380 et
1362 2343 1428 2380 ad·
