1527 2661
334 146 420 198 480
812 159 858 188 T.
882 161 1014 191 L1v11

142 261 182 292 u
195 261 232 292 c,
249 269 321 293 540.
336 249 431 287 falsa
451 262 513 286 eos
535 250 749 299 suspicione
768 251 947 289 incitatos
964 260 1234 297 memorantes,
1250 268 1320 293 nec
1340 269 1447 294 caus-

138 305 413 351 A·C·‘²¹'²·sa1n
434 314 653 365 expetendae
683 327 806 364 poenae
836 329 967 352 eorum
997 317 1112 354 ullam
1140 318 1326 356 Romanis
1357 334 1449 358 esse.

138 357 264 397 Recipit

138 401 304 432 Romanos

137 444 170 474 in
186 445 301 475 urbem

138 487 280 519 Mericus

136 530 254 571 Hispa-

137 584 211 606 nus.

334 379 429 417 Erat
448 392 493 415 ex
513 378 632 414 tribus
651 379 875 416 Achradinae
895 381 1083 430 praefectis
1105 383 1314 434 Hispanus,
1330 384 1455 422 Meri-v

334 457 397 481 cus
419 444 595 480 nomine:
629 443 675 478 ad
695 455 781 479 eum
800 444 899 480 inter
919 447 1076 482 comites
1097 446 1309 496 legatorum
1326 448 1371 486 de
1390 450 1449 486 in-

332 510 477 546 dustria
497 520 591 544 unus
609 520 654 543 ex
674 507 936 559 Hispanorum
953 510 1199 548 auxiliaribus
1215 520 1273 549 est
1292 514 1447 550 missus:

332 575 411 624 qui,
432 574 513 610 sine
539 572 689 608 arbitris
719 572 908 610 Mericum
938 582 1086 619 nactus,
1107 577 1284 626 primum,
1306 590 1382 626 quo
1410 579 1448 614 in

331 645 433 675 statu
453 637 666 687 reliquisset
685 637 929 688 Hispaniam,
955 643 1011 689 (et
1029 653 1150 691 nuper
1170 641 1258 678 iude
1276 644 1449 689 venerat)

330 703 500 754 exponit.
551 703 681 737 Omnia
714 702 888 739 Romanis
924 704 972 739 ibi
1007 705 1160 741 obtineri
1196 708 1329 742 armis:
1353 718 1456 755 posse

328 781 421 811 eum,
449 770 479 804 si
508 779 622 815 operae
647 769 807 815 pretium
825 767 966 816 faeiat,
992 771 1195 818 principem
1220 772 1453 819 popularium

328 846 420 870 esse:
447 845 506 869 seu
527 832 687 868 militare
705 845 785 868 cum
801 832 989 875 Romanis,
1010 846 1071 870 seu
1088 836 1124 870 in
1139 836 1303 883 patriam
1321 838 1453 874 reverti

329 899 449 935 libeat.
496 897 644 939 Contra,
673 899 704 932 εὶ
733 897 842 933 malle
871 898 1022 935 obsideri
1046 905 1190 947 pergat,
1218 912 1327 948 quam
1353 912 1452 948 spem

328 975 398 1000 esse
419 968 515 999 terra
533 963 695 1009 marique
714 962 833 998 clauso
848 963 868 997 .9
895 962 1028 998 Motus
1049 963 1107 999 his
1127 963 1312 1007 Mericus,
1333 977 1449 1013 quum

327 1027 474 1076 legatos
496 1026 542 1062 ad
561 1025 788 1061 Marcellum
807 1027 908 1061 mitti
929 1026 1146 1076 placuisset,
1166 1027 1323 1064 fratrem
1351 1029 1450 1065 inter

327 1105 392 1129 eos
411 1092 554 1128 mittit:
588 1092 665 1139 qui,
688 1103 754 1140 per
773 1091 947 1127 eumdem
968 1090 1074 1128 illum
1091 1091 1307 1143 Hispanum
1327 1105 1449 1130 secre-

326 1165 386 1193 tus
407 1156 454 1193 ab
475 1156 557 1192 aliis
578 1156 625 1192 ad
649 1154 879 1192 Marcellum
899 1156 1097 1199 deductus,
1119 1170 1234 1206 quum
1254 1158 1366 1194 fidem
1385 1171 1447 1195 ac-

326 1224 502 1273 cepisset,
533 1222 885 1272 composuissetque
915 1223 1068 1271 agendae
1099 1223 1154 1259 rei
1183 1224 1369 1268 ordinem,
1392 1225 1447 1260 A-

327 1288 546 1325 chradinam
576 1287 685 1323 redit.
740 1286 841 1322 Tum
868 1286 1052 1330 Mericus,
1085 1294 1127 1323 ut
1156 1287 1203 1324 ab
1233 1290 1448 1338 suspicione

326 1352 552 1404 proditionis
574 1357 760 1388 averteret
775 1352 945 1387 omnium
965 1353 1129 1395 animos,
1147 1359 1265 1402 negat
1283 1354 1350 1390 sibi
1360 1356 1445 1403 pla-

325 1430 416 1460 cere,
432 1418 566 1464 legatos
579 1428 776 1452 commeare
794 1417 892 1452 ultro
904 1418 1075 1465 citroque,
1085 1429 1195 1466 neque
1208 1419 1448 1466 recipiendum

324 1494 550 1531 quemquam,
570 1493 681 1529 neque
705 1482 944 1517 mittendum:
973 1486 1021 1523 et,
1043 1493 1112 1529 quo
1137 1483 1308 1518 intentius
1332 1489 1447 1520 custo-

324 1549 392 1584 diae
409 1551 606 1588 serventur,
628 1551 831 1594 opportuna
851 1546 930 1581 loca
949 1547 1145 1582 dividenda
1161 1546 1343 1596 praefectts
1361 1560 1443 1592 esse,

325 1617 364 1648 nt
390 1624 461 1648 suae
479 1612 626 1659 quisque
651 1613 769 1658 partis
799 1611 961 1646 tutandae
984 1623 1066 1646 reus
1092 1612 1149 1646 sit.
1206 1610 1351 1647 Omnes
1381 1613 1445 1648 ad—

325 1676 424 1712 sensi
444 1682 533 1711 sunt
560 1674 730 1725 partibus
750 1674 987 1710 dividundis:
1020 1675 1092 1724 ipsi
1112 1675 1218 1723 regio
1247 1676 1370 1712 evenit
1398 1677 1445 1713 ab

325 1740 517 1778 Arethusa
535 1740 644 1776 fonte
674 1752 790 1789 usque
820 1739 867 1775 ad
894 1740 1034 1775 ostium
1065 1741 1193 1789 magni
1222 1748 1377 1790 portus:
1409 1742 1447 1778 id

323 1812 365 1842 ut
394 1806 533 1842 scirent
563 1804 746 1847 Romani,
767 1804 872 1841 fecit.
930 1803 1068 1853 Itaque
1099 1804 1303 1841 Marcellus
1334 1813 1446 1842 nocte

322 1883 457 1907 navem
478 1870 691 1906 onerariam
721 1882 806 1905 cum
834 1869 988 1905 armatis
1016 1869 1183 1906 remulco
1203 1870 1445 1919 quadriremis

321 1935 424 1971 trahi
444 1935 490 1970 ad
510 1935 768 1971 Achradinam
788 1933 919 1983 jussit,
942 1935 1156 1984 exponique
1182 1934 1320 1971 milites
1347 1936 1444 1983 regi-

325 2012 399 2035 one
419 2006 552 2050 portae‚
574 2012 656 2048 quae
677 2010 796 2048 prope
815 1998 962 2034 fontem
982 1999 1212 2035 Arethusam
1233 2006 1300 2036 est.
1356 1998 1445 2035 Hoc

325 2076 438 2111 quum
462 2069 597 2112 quarta
618 2062 747 2110 vigilia
766 2062 910 2098 factum
938 2070 1050 2105 esset,
1081 2063 1348 2113 expositosque
1374 2064 1443 2098 mi-

323 2126 408 2164 lites
429 2134 553 2177 porta,
577 2133 617 2163 ut
643 2133 886 2170 convenerat,
908 2128 1111 2177 recepisset
1137 2127 1303 2163 Mericus
1317 2142 1327 2172 3
1360 2126 1442 2163 luce

323 2192 447 2242 prima
464 2191 671 2227 Marcellus
703 2191 882 2227 omnibus
907 2193 1025 2242 copiis
1057 2192 1198 2228 moenia
1216 2190 1442 2227 Achradinae

324 2256 565 2304 adgreditur:
598 2257 652 2292 ita
680 2263 720 2291 ut
750 2269 829 2294 non
851 2269 914 2292 eos
945 2256 1081 2300 solum,
1103 2257 1166 2306 qui
1186 2256 1442 2292 Achradinam

323 2319 519 2363 tenebant,
543 2320 581 2356 in
610 2333 649 2357 se
670 2327 924 2363 converteret,
953 2321 1017 2357 sed
1045 2320 1094 2357 ab
1113 2320 1221 2356 Naso
1241 2320 1354 2356 etiam
1375 2332 1441 2367 ag-

1520 293 1523 314 Ι
