1527 2661
131 301 173 331 U.
188 300 224 330 C.
240 305 313 331 ⁵34.

132 344 173 374 Δ.
184 342 221 373 C.
238 349 312 374 218.

146 1948 296 1987 Equestoe

144 1990 299 2030 proelium

144 2034 225 2063 inter
240 2032 310 2061 Nu-

146 2076 247 2104 midas
263 2080 294 2103 et

144 2118 240 2148 Rom.

327 184 408 235 184
779 194 823 222 T.
847 195 978 224 mvn

324 282 437 325 foret,
461 281 528 324 ita,
558 287 643 317 acta
670 293 724 324 re,
754 281 800 318 ad
829 282 937 319 fidem
968 283 1122 332 pronius
1159 290 1228 320 est.
1283 282 1423 319 Ratem

325 358 454 388 unam,
474 344 655 380 ducentos
676 343 828 392 longam
855 345 981 394 pedes,
1002 346 1276 394 quinquaginta
1293 345 1424 387 latam,

325 423 349 446 a
367 416 466 445 terra
494 408 533 443 in
561 420 709 443 amnem
738 415 1009 457 porrexerunt:
1042 421 1168 457 quam,
1189 422 1236 445 ne
1264 408 1428 445 secunda

314 486 424 522 -aqua
454 471 678 514 deferretur,
708 471 875 520 pluribus
909 471 1040 508 validis
1073 472 1288 508 retinaculis
1321 477 1428 521 parte

325 536 517 585 superiore
546 535 636 584 ripae
661 534 872 583 religatam,
902 536 1028 584 pontis
1058 536 1097 571 in
1126 536 1280 571 modum
1310 535 1430 570 humo

325 598 467 648 injecta
485 603 772 633 constraverunt
785 614 794 642 3
827 604 870 633 ut
887 597 1021 633 belluae
1041 598 1218 634 audacter
1242 597 1345 634 velut
1362 609 1437 647 per·

326 662 449 698 solum
467 660 774 709 ingrederentur:
806 660 924 696 altera
949 661 1054 703 ratis,
1076 673 1179 709 aeque
1202 660 1294 703 lata,
1314 659 1435 707 longa

325 726 438 777 pedes
473 730 637 766 centum,
671 724 717 760 ad
748 723 1010 773 trajiciendum
1036 724 1174 760 flumen
1207 730 1308 774 apta,
1342 723 1429 759 huic

326 787 504 838 copulata
532 793 610 822 est:
643 792 681 822 et
699 799 813 835 quum
843 786 1046 836 elephanti,
1076 800 1147 836 per
1169 786 1342 822 stabilem
1370 799 1432 822 ra-

327 859 419 895 tem,
439 858 630 899 tamquam
658 851 770 892 viam,
791 851 1125 899 praegredientibus
1144 850 1308 892 feminis,
1339 850 1429 892 acti,

328 916 368 951 in
386 916 571 951 minorem
597 912 822 962 adplicatam
849 914 1072 961 transgressi
1096 919 1207 958 sunt3
1239 912 1439 962 extemplo-

328 978 517 1020 resolutis,
549 976 682 1025 quibus
713 976 845 1012 leviter
874 977 1018 1012 adnexa
1051 983 1146 1020 erat,
1176 975 1350 1018 vinculis,
1384 975 1431 1011 ab

328 1042 504 1079 actuariis
535 1040 682 1088 aliquot
710 1040 867 1076 navibus
887 1041 933 1075 ad
953 1039 1107 1076 alteram
1138 1041 1259 1090 ripam
1287 1046 1432 1089 pertra-

326 1107 452 1142 hitur:
485 1106 538 1140 ita
566 1105 695 1154 primis
726 1105 921 1154 expositis,
951 1104 1013 1139 alii
1043 1105 1175 1140 deinde
1206 1104 1357 1153 repetiti
1390 1116 1433 1139 ac

328 1169 477 1219 trajecti
504 1176 603 1205 sunt.
658 1169 767 1204 Nihil
797 1182 886 1204 sane
915 1169 1168 1218 trepidabant,
1196 1169 1315 1204 donec
1341 1181 1433 1204 con-

328 1234 467 1269 tinenti
495 1233 597 1268 velut
625 1239 741 1282 ponte
770 1239 991 1281 agerentur:
1024 1234 1165 1282 primus
1195 1238 1274 1268 erat
1303 1245 1432 1281 pavor5

330 1309 459 1344 quum,
479 1296 604 1332 soluta
631 1296 678 1331 ab
699 1296 830 1331 ceteris
860 1301 955 1338 rate,
974 1296 1022 1330 in*
1043 1295 1161 1331 altum
1189 1300 1432 1344 raperentur:

329 1360 397 1402 ibi,
419 1366 594 1407 urgentes
614 1360 713 1395 inter
738 1372 790 1402 se,
812 1359 1030 1395 cedentibus
1054 1359 1230 1394 extremis
1249 1358 1297 1394 ab
1323 1368 1433 1406 aqua,

330 1424 592 1473 trepidationis
629 1423 863 1471 aliquantum
900 1422 1094 1467 edebant3.
1120 1423 1239 1458 donec
1272 1423 1435 1470 quietem

332 1488 413 1535 ipse
437 1488 552 1522 timor
577 1487 977 1536 circumspectantibus
1004 1499 1139 1535 aquam
1163 1487 1435 1522 fecisset2<ex-

335 1550 457 1586 cidere
476 1552 589 1586 etiam
609 1551 803 1586 saevientes
819 1551 969 1599 quidam
989 1551 1028 1585 in
1047 1551 1184 1586 flumen
1203 1566 1208 1585 :
1243 1550 1320 1593 sed,
1339 1563 1435 1599 pon·

335 1614 420 1649 dere
450 1615 533 1663 ipso
569 1613 736 1655 stabiles,
775 1612 930 1662 dejectis
966 1615 1189 1656 rectoribus,
1229 1613 1435 1663 quaerendis

334 1680 565 1730 pedetentim
585 1680 701 1721 vadis,
723 1679 762 1714 in
781 1685 918 1715 terram
940 1692 1100 1716 evasere.

388 1743 545 1779 XXIX.
566 1743 670 1779 Dum
685 1743 875 1792 elephanti
890 1743 1145 1793 trajiciuntur,
1161 1744 1311 1778 interim
1328 1742 1437 1778 Han-

334 1807 439 1843 nibal
454 1807 639 1842 Numidas
657 1807 799 1854 equites
816 1807 1042 1854 quingentos
1062 1807 1109 1842 ad
1125 1812 1247 1842 castra
1263 1805 1439 1841 Romana

334 1871 488 1906 miserat
508 1870 755 1919 speculatum,
778 1870 855 1911 ubi,
877 1877 914 1905 et
933 1876 1082 1918 quantae
1103 1870 1221 1920 copiae
1241 1875 1378 1912 essent,
1401 1877 1438 1904 et

336 1933 431 1981 quidv
454 1938 642 1982 pararent.
698 1931 800 1968 Huic
829 1933 896 1968 alae
927 1934 1093 1981 equitum
1125 1934 1243 1975 missi,
1277 1939 1318 1968 ut
1351 1939 1438 1968 ante

336 1996 477 2033 dictum
496 2001 566 2037 est,
597 1995 643 2030 ab
664 1995 762 2030 ostio
793 1994 968 2031 Rhodani
998 1996 1157 2031 trecenti
1176 1995 1438 2030 Romanorum

338 2059 480 2107 equites
501 2058 730 2093 obcurrunt:
755 2058 930 2106 proelium
950 2060 1128 2101 atrocius,
1151 2071 1261 2107 quam
1280 2071 1348 2107 pro
1367 2070 1437 2093 nu-

336 2133 441 2157 mero
461 2121 726 2169 pugnantium,
747 2121 880 2157 editur.
936 2121 1036 2156 Nam
1065 2128 1200 2171 praeter
1220 2120 1338 2156 multa
1356 2120 1438 2155 vul-

337 2196 440 2228 nera,
458 2184 574 2219 caedes
591 2184 702 2218 etiam
723 2196 840 2232 prope
859 2196 926 2232 par
947 2185 1132 2232 utrimque
1146 2183 1242 2219 fuit:
1272 2183 1436 2231 fugaque

337 2253 376 2283 et
400 2259 517 2296 pavor
542 2246 792 2282 Numidarum
812 2246 1011 2289 Romanis,
1033 2246 1114 2296 jam
1141 2246 1342 2282 admodum
1361 2246 1436 2282 fes·

333 2310 400 2353 sis,
420 2310 617 2346 victoriam
637 2310 761 2346 dedit:
793 2311 954 2349 victores
983 2310 1028 2346 ad
1056 2316 1207 2346 centum
1226 2310 1434 2357 sexaginta,
