1527 2661
310 220 463 250 LIBER
487 218 620 247 xxn.
652 217 758 245 CAP.
781 216 961 245 XXXIX·
1101 212 1182 256 273

79 315 134 354 ut,
155 322 232 359 quae
256 315 358 347 caute
382 314 490 358 atque
516 309 673 345 consulte
693 311 795 355 gesta
826 311 951 348 essent,
981 306 1070 341 satis
1096 300 1292 374 ρτο-ἕ-ἓ·
1305 303 1385 374 2⁵13?-

77 387 179 424 spere
196 375 385 411 evenirent.
430 374 693 415 Temerstatem,
709 377 950 421 praeterquam
961 370 1055 418 quod
1070 371 1186 406 stulta
1227 366 1235 375 ‘
1279 364 1288 374 ’
1371 363 1379 371 '

78 440 138 482 sit,
153 438 331 488 infelicem
345 440 453 475 etiam
469 439 517 474 ad
532 439 570 474 id
585 439 740 474 locorum
749 436 878 486 fuisse.
909 434 953 471 Id
970 447 1037 470 sua
1049 440 1185 485 sponte

80 503 300 554 adparebat,
316 508 401 539 tuta
416 501 598 539 celeribus
612 501 778 538 consiliis
795 501 1085 552 praepositurum
1099 514 1108 536 ι
1131 504 1183 543 et,

79 580 157 617 quo
176 567 215 604 id
234 568 470 604 constantius
486 573 754 617 perseveraret,
771 566 820 606 Q.
832 565 972 602 Fabius
991 564 1185 601 Maximus

81 632 135 668 sic
155 644 240 668 eum
259 631 561 682 proficiscentem
580 630 775 667 adlocutus
795 630 927 667 fertur.

131 696 333 734 XXXIX.
362 698 404 733 Si
422 701 486 733 aut
504 697 677 744 collegam
699 697 754 745 (id
772 697 865 745 quod
882 694 1045 741 mallem)
1069 695 1122 732 tui
1137 694 1186 731 si-
1198 690 1313 764 ἒξῡξῑῗξ
1327 689 1387 763 Ρῗ·

76 761 211 802 milem,
232 760 437 803 L.AEm2·li,
468 761 622 803 haberes,
653 765 718 796 aut
747 765 786 796 tu
813 761 955 807 collegae
983 760 1037 796 tui
1063 744 1282 809 simili-51³3.
1312 743 1381 764 au-

75 835 175 866 esses,
194 836 459 872 supervacanea
484 829 570 860 esset
588 826 704 860 oratio
727 835 831 860 mea:
857 836 943 859 nam
967 827 1003 859 et
1020 824 1090 859 duo
1110 822 1190 859 boni

77 890 245 931 consules,
265 891 374 925 etiam
391 901 446 925 me
465 890 650 932 indicente,
671 891 790 925 omnia
807 901 826 925 e
843 889 1025 937 republica
1030 888 1112 936 fide
1129 899 1187 924 ve-

79 957 155 988 stra
168 952 344 1002 faceretis
355 969 367 989 .·
395 958 430 989 et
455 954 544 989 mali
568 965 631 990 nec
655 965 734 989 mea
756 952 862 989 verba
890 952 1032 989 auribus
1049 953 1187 995 vestris,

79 1029 143 1054 nec
161 1020 308 1054 consilia
323 1020 451 1054 animis
465 1020 680 1067 acciperetis.
722 1019 830 1054 Nunc
844 1023 880 1054 et
898 1018 1072 1065 collegam
1087 1021 1189 1053 tuum

79 1087 115 1118 et
133 1087 167 1118 te
187 1083 294 1119 talem
310 1084 424 1118 virum
444 1084 595 1119 intuenti
613 1083 701 1119 mihi
722 1088 835 1119 tecum
854 1084 965 1118 omnis
979 1083 1094 1118 oratio
1113 1085 1164 1117 est
1177 1096 1189 1116 .-

81 1159 184 1194 quem
202 1148 303 1183 video
321 1149 560 1196 nequidquam
577 1153 612 1183 et
630 1150 746 1185 virum
766 1149 893 1185 bonum
912 1152 948 1185 et
966 1149 1076 1184 civem
1084 1145 1187 1195 fore,

80 1212 110 1246 si
126 1212 241 1246 altera
252 1216 359 1259 parte
374 1213 550 1248 claudicet
564 1213 761 1260 respublica
773 1229 784 1248 .·
803 1213 909 1248 malis
923 1211 1077 1248 consiliis
1095 1210 1191 1246 idem

83 1288 127 1312 ac
140 1276 235 1312 bonis
244 1275 340 1322 juris
354 1281 389 1312 et
403 1278 593 1324 potestatis
611 1278 690 1313 erit.
730 1277 844 1313 Erras
858 1278 965 1319 enim,
984 1276 1029 1312 Li
1043 1275 1189 1317 Paulle,

81 1342 110 1376 si
141 1341 202 1376 tibi
231 1342 344 1377 minus
372 1343 574 1377 certaminis
601 1355 680 1378 cum
714 1342 752 1377 C.
774 1342 950 1384 Terentio,
974 1352 1081 1388 quam
1110 1351 1191 1376 cum

82 1405 298 1448 Hannibale,
308 1405 483 1454 futurum
497 1418 611 1442 censes
623 1423 635 1442 .·
663 1407 791 1449 nescio,
808 1419 855 1441 an
872 1405 1034 1454 infestior
1052 1405 1108 1441 liic
1123 1405 1190 1440 ad·

82 1472 269 1512 z-ersari'us,
291 1482 398 1517 quam
427 1471 490 1506 ille
518 1470 626 1506 hostis
651 1475 818 1506 maneat:
845 1482 926 1506 cum
954 1470 1018 1505 illo
1046 1471 1085 1505 in
1113 1470 1191 1505 acie

84 1539 236 1577 tantum,
257 1546 334 1570 cum
360 1535 424 1571 hoc
449 1535 607 1571 omnibus
625 1536 708 1572 locis
733 1548 775 1571 ac
801 1534 1014 1583 temporibus
1032 1539 1189 1570 certatu-

84 1612 143 1634 rus
172 1611 229 1634 es:
258 1604 293 1634 et
322 1601 488 1636 adversus
509 1600 749 1636 Hannibalem
779 1601 997 1648 legionesque
1021 1597 1095 1644 ejus
1121 1599 1191 1635 tuis

86 1664 256 1710 equitibus
274 1675 317 1699 ac
340 1664 515 1711 peditibus
536 1666 773 1712 pugnandum
799 1664 860 1699 tibi
879 1668 953 1699 est:
987 1663 1102 1698 Varro
1120 1663 1193 1698 dux

87 1729 156 1763 tuis
181 1727 350 1763 militibus
376 1733 409 1763 te
435 1733 487 1764 est
505 1729 782 1776 obpugnaturus.
841 1729 976 1764 Ominis
1000 1728 1109 1762 etiam
1129 1726 1192 1762 tibi

86 1804 210 1828 caussa
243 1792 332 1827 absit
361 1793 398 1828 C.
415 1793 586 1828 Flaminii
612 1794 807 1829 memoria:
837 1798 953 1828 tamen
979 1792 1042 1827 ille
1069 1791 1192 1828 consul

84 1857 238 1898 demum,
260 1861 294 1892 et
313 1858 349 1891 in
365 1859 564 1905 provincia,
587 1862 621 1893 et
639 1859 688 1893 acl
706 1859 908 1898 exercitum,
929 1856 1034 1904 coepit
1047 1854 1190 1904 furere.

86 1922 171 1964 Hic,
189 1923 400 1969 priusquam
420 1926 558 1970 peteret
577 1923 810 1964 consulatum,
832 1921 960 1957 deinde
983 1922 1022 1956 in
1037 1921 1192 1968 petendo

86 1987 294 2028 consulatu,·
323 1998 417 2022 nunc
436 1998 570 2034 quoque
598 1987 730 2028 consul,
754 1986 965 2033 priusquam
993 1988 1112 2020 castra
1137 1985 1191 2020 vi-

85 2051 171 2086 deat
189 2054 254 2086 aut
273 2050 416 2093 hostem,
437 2052 596 2087 insanit:
622 2055 670 2093 et,
691 2052 752 2098 qui
771 2055 890 2085 tantas
899 2048 980 2095 jam
996 2061 1088 2084 nunc
1104 2060 1192 2096 pro-

85 2116 204 2157 cellas,
223 2116 352 2163 proelia
376 2120 483 2163 atque
508 2117 599 2152 aci-es
613 2114 803 2161 jactando,
826 2114 929 2150 inter'
945 2118 1084 2160 togatos
1108 2114 1192 2156 ciet,

85 2182 172 2229 quid
189 2181 282 2215 inter
301 2185 481 2216 armatam
489 2180 712 2227 juventutem
730 2191 845 2215 censes
857 2177 1064 2227 facturum,
1084 2182 1118 2213 et
1135 2176 1196 2213 ubi

89 2245 263 2292 extemplo
281 2245 386 2281 verba
403 2257 458 2281 res
470 2247 631 2293 sequitur
644 2245 666 2279 ,9
691 2244 805 2292 Atqui
821 2244 852 2279 si
872 2243 940 2286 hic,
961 2240 1195 2290 quodfactu-

89 2321 170 2354 rum
195 2321 230 2345 se
249 2310 454 2353 denunciat,
481 2309 656 2357 extemplo
680 2310 918 2357 pugnaverit3
946 2310 1011 2343 aut
1029 2317 1093 2353 ego
1120 2317 1197 2341 rem

90 2374 297 2417 militarem,
318 2374 399 2411 belli
419 2375 482 2411 hoc
493 2386 615 2422 genus,
633 2373 766 2410 hostem
786 2373 877 2410 hunc
895 2374 1031 2420 ignoro,
1049 2375 1113 2407 aut
1132 2382 1196 2406 no-

605 2436 687 2474 ΝΞ)
