1527 2661
304 192 459 222 mmm
483 190 616 219 xx11.
647 188 739 223 CAP
764 190 954 219 xxv111.
1102 179 1179 222 261

78 288 139 318 est
153 294 241 318 rcum
261 280 455 324 Q.Fabio‚
480 280 710 316 statuendum
732 280 889 314 omnium
914 281 1087 326 primum,
1115 281 1182 323 ait,
1197 288 1239 318 U.
1255 287 1291 317 C.
1311 293 1383 318 535.

79 358 163 388 esse,
184 346 479 394 quemadmodum
503 345 652 392 imperio
673 348 811 391 aequato
836 348 997 379 utuntur.
1055 344 1103 380 Se
1121 357 1184 393 op·
1196 331 1234 360 A·
1252 331 1289 361 C·
1305 335 1377 364 ²¹7⁹

80 411 206 445 timum
224 410 363 450 ducere,
394 413 459 444 aut
477 407 594 443 diebus
622 407 782 448 alternis,
813 411 888 448 aut,
908 408 939 442 si
965 405 1105 454 majora
1132 411 1186 445 in-

80 474 232 509 tervalla
259 473 456 520 placerent,
484 473 632 519 partitis
662 471 887 518 temporibus,
915 472 1062 507 alterius
1091 486 1187 509 sum-

81 549 177 573 mum
197 535 259 582 jus
287 538 544 584 imperiumque
572 547 642 571 esse
655 551 666 571 .·
694 540 735 570 ut
756 547 827 582 par
857 535 948 570 hosti
974 548 1045 572 non
1075 538 1190 573 solum

80 602 240 643 consilio,
269 602 330 636 sed
358 601 487 637 viribus
515 602 624 635 etiam
654 604 753 641 esset,
783 600 813 634 si
839 611 945 646 quam
974 602 1190 638 occasionem

79 667 132 701 rei
143 667 306 713 gerendae
322 666 505 702 habuisset.
549 665 596 702 Q.
618 663 738 699 Fabio
753 663 1043 712 haudquaquam
1057 666 1093 701 id
1110 666 1190 715 pla-

81 742 187 766 cere:
226 732 347 765 omnia
379 732 469 765 enim
490 729 685 777 fortunam
718 728 935 770 habituram,
970 741 1194 777 quaecumque

82 794 261 829 temeritas
286 795 429 840 collegae
453 793 639 828 habuisset.
696 792 772 827 Sibi
791 794 1088 828 communicatam
1114 806 1193 830 cum

82 858 159 899 illo,
180 869 248 892 non
264 858 457 898 ademtam,
475 857 663 904 imperium
678 867 758 890 esse.
806 856 934 903 Itaque
948 868 984 891 se
999 868 1193 905 numquam.

84 922 257 956 volentem
272 925 391 968 parte,
414 932 484 968 qua
499 924 630 967 posset,
657 930 772 954 rerum
793 920 937 954 consilio
953 922 1192 966 gerendarum

85 996 261 1020 cessurum
275 1000 286 1020 :
314 995 377 1019 nec
393 995 430 1018 se
449 988 608 1031 tempora
627 986 690 1017 aut
709 982 782 1017 dies
800 983 940 1029 imperii
959 995 1035 1018 cum
1056 995 1109 1026 εο,
1131 996 1190 1020 ex-

84 1050 212 1084 ercitus
230 1049 437 1089 divisurum,
457 1049 596 1095 suisque
612 1047 777 1088 consiliis,
795 1048 964 1093 quoniam
982 1049 1103 1083 omnia
1121 1061 1192 1084 non.

84 1112 218 1153 liceret,
239 1123 316 1159 quae
336 1115 467 1158 posset,
485 1115 719 1145 servaturum.
775 1107 837 1144 Ita
856 1108 1035 1152 obtinuit,
1056 1111 1111 1146 uti
1136 1111 1190 1147 le·
1202 1112 1368 1162 Exercitus

1201 1162 1282 1185 lntel'
1297 1165 1349 1185 eOS

85 1175 232 1223 giones,
253 1175 350 1211 sicut
375 1174 592 1211 consulibus
618 1186 699 1209 mos
726 1178 837 1215 esset,
865 1173 964 1208 inter
991 1186 1029 1209 se
1049 1175 1188 1211 divide-
1199 1198 1393 1229 dividuntur.

85 1244 170 1275 rent
185 1253 192 1274 z
215 1237 336 1288 prima
351 1244 387 1274 et
403 1244 537 1287 quarta
550 1237 738 1279 Minucio,
755 1236 916 1272 secunda
937 1242 974 1271 et
989 1238 1102 1274 tertia
1115 1238 1147 1274 F
1149 1251 1189 1274 a-

83 1302 148 1339 bio
169 1308 385 1339 evenerunt.
443 1302 540 1337 Item
560 1301 704 1350 equites
732 1301 810 1350 pari
831 1313 1003 1343 numero,
1025 1302 1190 1338 socium,

85 1379 156 1415 que
176 1371 214 1402 et
231 1365 359 1402 Latini
380 1366 543 1400 nominis
571 1364 711 1401 auxilia
731 1365 958 1400 diviserunt:
992 1367 1123 1402 castris
1152 1379 1191 1404 se

83 1441 232 1479 quoque
251 1429 415 1477 separari
434 1428 614 1476 magister
633 1428 799 1476 equitum
820 1427 949 1464 valuit.

137 1491 334 1528 XXVIII.
363 1490 517 1540 Duplex
546 1490 633 1526 inde
663 1489 872 1526 Hannibali
893 1491 1070 1538 gaudium
1090 1492 1185 1528 fuit:

85 1567 206 1605 neque
225 1555 325 1590 enim
344 1554 547 1602 quidquam
567 1566 710 1596 eorum,
732 1567 814 1602 quae
835 1554 933 1603 apud
952 1554 1080 1590 hostes
1102 1569 1190 1604 age-

86 1625 229 1661 rentur,
251 1631 336 1654 eum
355 1617 524 1659 fallebat,
546 1623 582 1653 et
603 1617 769 1666 perfugis
786 1616 905 1652 multa
920 1618 1190 1662 indicantibus,

89 1688 127 1717 et
151 1694 218 1731 per
243 1693 329 1716 suos
357 1680 642 1729 explorantem:
674 1693 762 1715 nam
789 1686 826 1714 et
848 1679 1005 1715 liberam
1030 1681 1193 1718 Minucii

89 1746 340 1781 temeritatem
367 1756 406 1779 se
432 1755 499 1779 suo
530 1744 643 1778 modo
674 1749 926 1792 captaturum,
957 1749 995 1778 et
1030 1744 1193 1782 solertiae

88 1809 198 1846 Fabii
231 1808 426 1844 dimidium
454 1807 589 1842 virium
626 1807 839 1842 decessisse.
895 1806 1079 1842 Tumulus
1113 1816 1191 1845 erat

92 1873 190 1908 inter
215 1878 338 1907 castra
362 1870 524 1905 Minucii
550 1870 853 1917 Poenorumque:
886 1882 971 1905 eum
991 1871 1054 1918 qui
1081 1884 1194 1907 occu—

90 1941 230 1987 passet,
250 1935 350 1971 haud
369 1934 479 1970 dubie
498 1934 724 1981 iniquiorem
745 1939 825 1968 erat
843 1933 944 1968 hosti
971 1933 1096 1970 locum
1115 1935 1194 1971 fac-

90 2006 218 2036 turus:
251 2011 336 2034 eum
361 2010 439 2034 non
457 2003 535 2033 tam
562 2009 694 2045 capere
713 1996 794 2031 sine
820 1997 1024 2033 certamine
1044 1997 1195 2034 volebat

91 2062 301 2106 Hannibal,
325 2066 568 2110 (quamquam
588 2061 624 2096 id
644 2074 766 2110 operae
786 2061 947 2109 pretium
967 2063 1064 2109 erat)
1082 2075 1195 2110 quam

91 2141 261 2165 caussam
280 2126 494 2163 certaminis
514 2138 598 2161 cum
624 2124 811 2167 Minucio,
832 2137 941 2172 quem
962 2137 1108 2174 semper
1127 2126 1195 2162 ob-

91 2204 284 2228 cursurum
305 2190 352 2226 ad
377 2190 636 2225 obsistendum
662 2188 752 2223 satis
779 2188 938 2230 sciebat,
959 2189 1197 2225 contrahere.

92 2257 196 2304 Ager
214 2255 336 2290 onmis
363 2253 505 2289 medius
525 2258 604 2287 erat
629 2252 751 2300 prima
775 2251 900 2300 specie
930 2250 1074 2286 inutilis
1107 2252 1199 2286 insi-

96 2319 248 2363 diatori,
268 2318 355 2368 quia
384 2330 462 2353 non
491 2315 606 2352 modo
626 2314 794 2351 silvestre
821 2315 1037 2364 quidquam,
1060 2314 1123 2350 sed
1151 2326 1198 2350 ne
