<?xml version="1.0" encoding="UTF-8"?>
<!DOCTYPE html PUBLIC "-//W3C//DTD XHTML 1.0 Transitional//EN"
    "http://www.w3.org/TR/xhtml1/DTD/xhtml1-transitional.dtd">
<html xmlns="http://www.w3.org/1999/xhtml" xml:lang="en" lang="en">
 <head>
  <title>
</title>
<meta http-equiv="Content-Type" content="text/html;charset=utf-8" />
  <meta name='ocr-system' content='tesseract 3.04.00' />
  <meta name='ocr-capabilities' content='ocr_page ocr_carea ocr_par ocr_line ocrx_word'/>
</head>
<body>
  <div class='ocr_page' id='page_1' title='image "./historiarumquaes02livyuoft/historiarumquaes02livyuoft_0034.png"; bbox 0 0 1527 2661; ppageno 0'>
   <div class='ocr_carea' id='block_1_1' title="bbox 323 167 984 208">
    <p class='ocr_par' dir='ltr' id='par_1_1' title="bbox 323 167 984 208">
     <span class='ocr_line' id='line_1_1' title="bbox 323 167 984 208; baseline 0 -9"><span class='ocrx_word' id='word_1_1' title='bbox 323 167 380 208; x_wconf 84' lang='lat'>24</span> <span class='ocrx_word' id='word_1_2' title='bbox 782 170 827 198; x_wconf 78' lang='grc' dir='ltr'>Τ.</span> <span class='ocrx_word' id='word_1_3' title='bbox 851 170 984 199; x_wconf 74' lang='lat' dir='ltr'>mvn</span> 
     </span>
    </p>
   </div>
   <div class='ocr_carea' id='block_1_2' title="bbox 97 256 1438 2309">
    <p class='ocr_par' dir='ltr' id='par_1_2' title="bbox 97 256 1438 1857">
     <span class='ocr_line' id='line_1_2' title="bbox 128 256 1438 306; baseline 0.006 -16"><span class='ocrx_word' id='word_1_4' title='bbox 128 259 170 289; x_wconf 84' lang='lat' dir='ltr'>U.</span> <span class='ocrx_word' id='word_1_5' title='bbox 184 259 219 290; x_wconf 94' lang='lat' dir='ltr'>C.</span> <span class='ocrx_word' id='word_1_6' title='bbox 235 266 307 291; x_wconf 76' lang='lat'><strong><em>434.</em></strong></span> <span class='ocrx_word' id='word_1_7' title='bbox 311 256 445 306; x_wconf 80' lang='lat' dir='ltr'>jugum</span> <span class='ocrx_word' id='word_1_8' title='bbox 473 259 675 301; x_wconf 80' lang='lat' dir='ltr'>missurum,</span> <span class='ocrx_word' id='word_1_9' title='bbox 697 259 920 295; x_wconf 74' lang='lat' dir='ltr'><em>ulciscentem</em></span> <span class='ocrx_word' id='word_1_10' title='bbox 949 259 1115 302; x_wconf 78' lang='lat' dir='ltr'>inlatam,</span> <span class='ocrx_word' id='word_1_11' title='bbox 1137 271 1207 296; x_wconf 80' lang='lat' dir='ltr'>non</span> <span class='ocrx_word' id='word_1_12' title='bbox 1225 272 1355 298; x_wconf 80' lang='lat' dir='ltr'>novam</span> <span class='ocrx_word' id='word_1_13' title='bbox 1383 263 1438 298; x_wconf 57' lang='lat' dir='ltr'>ine</span> 
     </span>
     <span class='ocr_line' id='line_1_3' title="bbox 123 303 1437 376; baseline 0.003 -18"><span class='ocrx_word' id='word_1_14' title='bbox 123 304 165 334; x_wconf 70' lang='lat' dir='ltr'>A·</span> <span class='ocrx_word' id='word_1_15' title='bbox 181 303 215 334; x_wconf 82' lang='lat' dir='ltr'>C‘</span> <span class='ocrx_word' id='word_1_16' title='bbox 232 310 493 373; x_wconf 72' lang='lat' dir='ltr'>³¹⁸‘ferentem</span> <span class='ocrx_word' id='word_1_17' title='bbox 507 325 753 371; x_wconf 75' lang='lat' dir='ltr'><strong><em>ignominiam.</em></strong></span> <span class='ocrx_word' id='word_1_18' title='bbox 796 323 907 359; x_wconf 87' lang='lat' dir='ltr'>Nihil</span> <span class='ocrx_word' id='word_1_19' title='bbox 926 332 1140 360; x_wconf 83' lang='lat' dir='ltr'>recusatum</span> <span class='ocrx_word' id='word_1_20' title='bbox 1156 339 1162 360; x_wconf 92' lang='lat'>:</span> <span class='ocrx_word' id='word_1_21' title='bbox 1187 332 1331 376; x_wconf 82' lang='lat' dir='ltr'><strong>septem</strong></span> <span class='ocrx_word' id='word_1_22' title='bbox 1352 325 1437 361; x_wconf 89' lang='lat' dir='ltr'>mil-</span> 
     </span>
     <span class='ocr_line' id='line_1_4' title="bbox 316 386 1435 439; baseline 0.004 -16"><span class='ocrx_word' id='word_1_23' title='bbox 316 386 368 423; x_wconf 86' lang='lat' dir='ltr'>lia</span> <span class='ocrx_word' id='word_1_24' title='bbox 388 387 551 424; x_wconf 84' lang='lat' dir='ltr'>militum</span> <span class='ocrx_word' id='word_1_25' title='bbox 578 388 799 438; x_wconf 84' lang='lat' dir='ltr'>subjugum</span> <span class='ocrx_word' id='word_1_26' title='bbox 825 389 952 431; x_wconf 86' lang='lat' dir='ltr'>missa,</span> <span class='ocrx_word' id='word_1_27' title='bbox 973 390 1173 438; x_wconf 79' lang='lat' dir='ltr'>praedaque</span> <span class='ocrx_word' id='word_1_28' title='bbox 1200 390 1334 439; x_wconf 86' lang='lat' dir='ltr'>ingens</span> <span class='ocrx_word' id='word_1_29' title='bbox 1353 389 1435 427; x_wconf 87' lang='lat' dir='ltr'>Lu-</span> 
     </span>
     <span class='ocr_line' id='line_1_5' title="bbox 315 452 1434 503; baseline 0.002 -16"><span class='ocrx_word' id='word_1_30' title='bbox 315 452 424 488; x_wconf 86' lang='lat' dir='ltr'>ceriae</span> <span class='ocrx_word' id='word_1_31' title='bbox 452 458 576 502; x_wconf 81' lang='lat' dir='ltr'>capta,</span> <span class='ocrx_word' id='word_1_32' title='bbox 598 453 758 501; x_wconf 77' lang='lat' dir='ltr'>receptis</span> <span class='ocrx_word' id='word_1_33' title='bbox 779 452 954 488; x_wconf 89' lang='lat' dir='ltr'>omnibus</span> <span class='ocrx_word' id='word_1_34' title='bbox 982 453 1100 501; x_wconf 86' lang='lat' dir='ltr'>signis</span> <span class='ocrx_word' id='word_1_35' title='bbox 1128 454 1330 503; x_wconf 86' lang='lat' dir='ltr'>armisque,</span> <span class='ocrx_word' id='word_1_36' title='bbox 1351 466 1434 503; x_wconf 83' lang='lat' dir='ltr'>quae</span> 
     </span>
     <span class='ocr_line' id='line_1_6' title="bbox 314 515 1433 568; baseline 0.003 -17"><span class='ocrx_word' id='word_1_37' title='bbox 314 515 361 552; x_wconf 88' lang='lat' dir='ltr'>ad</span> <span class='ocrx_word' id='word_1_38' title='bbox 388 516 575 552; x_wconf 86' lang='lat' dir='ltr'>Caudium</span> <span class='ocrx_word' id='word_1_39' title='bbox 605 517 833 561; x_wconf 78' lang='lat' dir='ltr'>amiserant3</span> <span class='ocrx_word' id='word_1_40' title='bbox 867 523 918 559; x_wconf 84' lang='lat' dir='ltr'>et,</span> <span class='ocrx_word' id='word_1_41' title='bbox 939 517 1040 565; x_wconf 88' lang='lat' dir='ltr'>quod</span> <span class='ocrx_word' id='word_1_42' title='bbox 1069 519 1199 554; x_wconf 85' lang='lat' dir='ltr'>omnia</span> <span class='ocrx_word' id='word_1_43' title='bbox 1227 517 1433 568; x_wconf 84' lang='lat' dir='ltr'>superabat</span> 
     </span>
     <span class='ocr_line' id='line_1_7' title="bbox 313 580 1432 632; baseline 0.001 -15"><span class='ocrx_word' id='word_1_44' title='bbox 313 580 466 630; x_wconf 82' lang='lat' dir='ltr'>gaudia,</span> <span class='ocrx_word' id='word_1_45' title='bbox 498 580 686 629; x_wconf 86' lang='lat' dir='ltr'>equitibus</span> <span class='ocrx_word' id='word_1_46' title='bbox 723 581 967 630; x_wconf 84' lang='lat' dir='ltr'>recuperatis,</span> <span class='ocrx_word' id='word_1_47' title='bbox 999 592 1093 629; x_wconf 89' lang='lat' dir='ltr'>quos</span> <span class='ocrx_word' id='word_1_48' title='bbox 1132 582 1293 631; x_wconf 85' lang='lat' dir='ltr'>pignora</span> <span class='ocrx_word' id='word_1_49' title='bbox 1328 582 1432 632; x_wconf 74' lang='lat' dir='ltr'>pacis</span> 
     </span>
     <span class='ocr_line' id='line_1_8' title="bbox 310 641 1433 683; baseline 0.001 -1"><span class='ocrx_word' id='word_1_50' title='bbox 310 641 579 682; x_wconf 82' lang='lat' dir='ltr'>custodiendos</span> <span class='ocrx_word' id='word_1_51' title='bbox 614 645 815 681; x_wconf 85' lang='lat' dir='ltr'><strong>Luceriam</strong></span> <span class='ocrx_word' id='word_1_52' title='bbox 847 645 1034 682; x_wconf 82' lang='lat' dir='ltr'>Samnites</span> <span class='ocrx_word' id='word_1_53' title='bbox 1065 645 1258 682; x_wconf 85' lang='lat' dir='ltr'>dederant.</span> <span class='ocrx_word' id='word_1_54' title='bbox 1315 645 1433 683; x_wconf 87' lang='lat' dir='ltr'>Haud</span> 
     </span>
     <span class='ocr_line' id='line_1_9' title="bbox 307 708 1431 746; baseline 0.001 -1"><span class='ocrx_word' id='word_1_55' title='bbox 307 709 428 745; x_wconf 84' lang='lat' dir='ltr'>ferme</span> <span class='ocrx_word' id='word_1_56' title='bbox 450 708 526 745; x_wconf 86' lang='lat' dir='ltr'>alia</span> <span class='ocrx_word' id='word_1_57' title='bbox 554 709 766 745; x_wconf 84' lang='lat' dir='ltr'>mutatione</span> <span class='ocrx_word' id='word_1_58' title='bbox 796 709 922 745; x_wconf 89' lang='lat' dir='ltr'>subita</span> <span class='ocrx_word' id='word_1_59' title='bbox 950 722 1075 746; x_wconf 89' lang='lat' dir='ltr'>rerum</span> <span class='ocrx_word' id='word_1_60' title='bbox 1104 709 1242 746; x_wconf 87' lang='lat' dir='ltr'>clarior</span> <span class='ocrx_word' id='word_1_61' title='bbox 1270 710 1431 746; x_wconf 85' lang='lat' dir='ltr'>victoria</span> 
     </span>
     <span class='ocr_line' id='line_1_10' title="bbox 305 773 1430 825; baseline 0.002 -16"><span class='ocrx_word' id='word_1_62' title='bbox 305 773 440 825; x_wconf 89' lang='lat' dir='ltr'>populi</span> <span class='ocrx_word' id='word_1_63' title='bbox 466 773 635 810; x_wconf 81' lang='lat' dir='ltr'>Romani</span> <span class='ocrx_word' id='word_1_64' title='bbox 660 779 739 810; x_wconf 87' lang='lat' dir='ltr'>est:</span> <span class='ocrx_word' id='word_1_65' title='bbox 773 774 958 823; x_wconf 89' lang='lat' dir='ltr'>siquidem</span> <span class='ocrx_word' id='word_1_66' title='bbox 984 775 1096 811; x_wconf 86' lang='lat' dir='ltr'>etiam</span> <span class='ocrx_word' id='word_1_67' title='bbox 1128 775 1247 824; x_wconf 90' lang='lat' dir='ltr'>(quod</span> <span class='ocrx_word' id='word_1_68' title='bbox 1272 775 1430 824; x_wconf 88' lang='lat' dir='ltr'>quibus·</span> 
     </span>
     <span class='ocr_line' id='line_1_11' title="bbox 306 837 1427 885; baseline 0 -11"><span class='ocrx_word' id='word_1_69' title='bbox 306 838 392 875; x_wconf 83' lang='lat' dir='ltr'>dam</span> <span class='ocrx_word' id='word_1_70' title='bbox 412 839 451 874; x_wconf 91' lang='lat' dir='ltr'>in</span> <span class='ocrx_word' id='word_1_71' title='bbox 480 837 679 874; x_wconf 81' lang='lat' dir='ltr'>annalibus</span> <span class='ocrx_word' id='word_1_72' title='bbox 705 838 876 885; x_wconf 88' lang='lat' dir='ltr'>invenio)</span> <span class='ocrx_word' id='word_1_73' title='bbox 898 838 1074 882; x_wconf 86' lang='lat' dir='ltr'>Pontius,</span> <span class='ocrx_word' id='word_1_74' title='bbox 1105 838 1294 875; x_wconf 86' lang='lat' dir='ltr'>Herennii</span> <span class='ocrx_word' id='word_1_75' title='bbox 1314 838 1427 881; x_wconf 88' lang='lat' dir='ltr'>filius,</span> 
     </span>
     <span class='ocr_line' id='line_1_12' title="bbox 306 901 1424 953; baseline 0.001 -15"><span class='ocrx_word' id='word_1_76' title='bbox 306 901 536 938; x_wconf 85' lang='lat' dir='ltr'>Samnitium</span> <span class='ocrx_word' id='word_1_77' title='bbox 562 903 783 952; x_wconf 83' lang='lat' dir='ltr'>imperator,</span> <span class='ocrx_word' id='word_1_78' title='bbox 815 909 856 938; x_wconf 90' lang='lat' dir='ltr'>ut</span> <span class='ocrx_word' id='word_1_79' title='bbox 885 904 1056 953; x_wconf 85' lang='lat' dir='ltr'>expiaret</span> <span class='ocrx_word' id='word_1_80' title='bbox 1084 902 1284 939; x_wconf 82' lang='lat' dir='ltr'>consulum</span> <span class='ocrx_word' id='word_1_81' title='bbox 1314 902 1424 951; x_wconf 87' lang='lat' dir='ltr'>igno-</span> 
     </span>
     <span class='ocr_line' id='line_1_13' title="bbox 304 967 1425 1018; baseline 0.002 -14"><span class='ocrx_word' id='word_1_82' title='bbox 304 968 476 1011; x_wconf 86' lang='lat' dir='ltr'>miniam,</span> <span class='ocrx_word' id='word_1_83' title='bbox 498 968 567 1004; x_wconf 87' lang='lat' dir='ltr'>sub</span> <span class='ocrx_word' id='word_1_84' title='bbox 581 967 720 1018; x_wconf 86' lang='lat' dir='ltr'>jugum</span> <span class='ocrx_word' id='word_1_85' title='bbox 737 981 823 1004; x_wconf 88' lang='lat' dir='ltr'>cum</span> <span class='ocrx_word' id='word_1_86' title='bbox 839 970 972 1005; x_wconf 86' lang='lat' dir='ltr'>ceteris</span> <span class='ocrx_word' id='word_1_87' title='bbox 989 976 1045 1006; x_wconf 86' lang='lat' dir='ltr'>est</span> <span class='ocrx_word' id='word_1_88' title='bbox 1065 970 1213 1006; x_wconf 87' lang='lat' dir='ltr'>missus.</span> <span class='ocrx_word' id='word_1_89' title='bbox 1244 969 1425 1006; x_wconf 85' lang='lat' dir='ltr'>Ceterum</span> 
     </span>
     <span class='ocr_line' id='line_1_14' title="bbox 303 1032 1423 1077; baseline 0.002 -9"><span class='ocrx_word' id='word_1_90' title='bbox 303 1032 342 1068; x_wconf 86' lang='lat' dir='ltr'>id</span> <span class='ocrx_word' id='word_1_91' title='bbox 379 1034 503 1069; x_wconf 88' lang='lat' dir='ltr'>minus</span> <span class='ocrx_word' id='word_1_92' title='bbox 538 1034 669 1077; x_wconf 84' lang='lat' dir='ltr'>miror,</span> <span class='ocrx_word' id='word_1_93' title='bbox 705 1034 908 1070; x_wconf 86' lang='lat' dir='ltr'>obscurum</span> <span class='ocrx_word' id='word_1_94' title='bbox 941 1047 1021 1071; x_wconf 87' lang='lat' dir='ltr'>esse</span> <span class='ocrx_word' id='word_1_95' title='bbox 1052 1035 1097 1071; x_wconf 89' lang='lat' dir='ltr'>de</span> <span class='ocrx_word' id='word_1_96' title='bbox 1129 1035 1299 1071; x_wconf 88' lang='lat' dir='ltr'>hostium</span> <span class='ocrx_word' id='word_1_97' title='bbox 1327 1033 1423 1071; x_wconf 87' lang='lat' dir='ltr'>duce</span> 
     </span>
     <span class='ocr_line' id='line_1_15' title="bbox 303 1097 1420 1148; baseline 0.001 -15"><span class='ocrx_word' id='word_1_98' title='bbox 303 1097 432 1133; x_wconf 84' lang='lat' dir='ltr'>dedito</span> <span class='ocrx_word' id='word_1_99' title='bbox 453 1098 645 1147; x_wconf 87' lang='lat' dir='ltr'>missoque</span> <span class='ocrx_word' id='word_1_100' title='bbox 670 1097 916 1148; x_wconf 83' lang='lat' dir='ltr'>subjugum:</span> <span class='ocrx_word' id='word_1_101' title='bbox 950 1099 987 1135; x_wconf 90' lang='lat' dir='ltr'>id</span> <span class='ocrx_word' id='word_1_102' title='bbox 1006 1100 1126 1148; x_wconf 88' lang='lat' dir='ltr'>magis</span> <span class='ocrx_word' id='word_1_103' title='bbox 1157 1097 1330 1134; x_wconf 82' lang='lat' dir='ltr'>mirabile</span> <span class='ocrx_word' id='word_1_104' title='bbox 1349 1103 1420 1141; x_wconf 88' lang='lat' dir='ltr'>est,</span> 
     </span>
     <span class='ocr_line' id='line_1_16' title="bbox 301 1161 1421 1213; baseline 0 -16"><span class='ocrx_word' id='word_1_105' title='bbox 301 1161 460 1211; x_wconf 84' lang='lat' dir='ltr'>ambigi,</span> <span class='ocrx_word' id='word_1_106' title='bbox 480 1162 673 1198; x_wconf 85' lang='lat' dir='ltr'>Luciusne</span> <span class='ocrx_word' id='word_1_107' title='bbox 694 1162 893 1199; x_wconf 88' lang='lat' dir='ltr'>Cornelius</span> <span class='ocrx_word' id='word_1_108' title='bbox 911 1163 1074 1199; x_wconf 88' lang='lat' dir='ltr'>dictator</span> <span class='ocrx_word' id='word_1_109' title='bbox 1094 1176 1180 1200; x_wconf 90' lang='lat' dir='ltr'>cum</span> <span class='ocrx_word' id='word_1_110' title='bbox 1198 1162 1244 1199; x_wconf 90' lang='lat' dir='ltr'>L.</span> <span class='ocrx_word' id='word_1_111' title='bbox 1265 1161 1421 1213; x_wconf 86' lang='lat' dir='ltr'>Papirio</span> 
     </span>
     <span class='ocr_line' id='line_1_17' title="bbox 299 1225 1419 1273; baseline 0.002 -13"><span class='ocrx_word' id='word_1_112' title='bbox 299 1225 480 1268; x_wconf 79' lang='lat' dir='ltr'>Cursore,</span> <span class='ocrx_word' id='word_1_113' title='bbox 502 1227 687 1273; x_wconf 85' lang='lat' dir='ltr'>magistro</span> <span class='ocrx_word' id='word_1_114' title='bbox 707 1227 891 1273; x_wconf 86' lang='lat' dir='ltr'>equitum,</span> <span class='ocrx_word' id='word_1_115' title='bbox 909 1239 970 1262; x_wconf 87' lang='lat' dir='ltr'>eas</span> <span class='ocrx_word' id='word_1_116' title='bbox 991 1239 1049 1262; x_wconf 88' lang='lat' dir='ltr'>res</span> <span class='ocrx_word' id='word_1_117' title='bbox 1069 1227 1116 1262; x_wconf 84' lang='lat' dir='ltr'>ad</span> <span class='ocrx_word' id='word_1_118' title='bbox 1137 1226 1339 1268; x_wconf 86' lang='lat' dir='ltr'>Caudium,</span> <span class='ocrx_word' id='word_1_119' title='bbox 1360 1230 1419 1262; x_wconf 86' lang='lat' dir='ltr'>at·</span> 
     </span>
     <span class='ocr_line' id='line_1_18' title="bbox 295 1287 1418 1338; baseline 0.002 -15"><span class='ocrx_word' id='word_1_120' title='bbox 295 1300 369 1338; x_wconf 88' lang='lat' dir='ltr'>que</span> <span class='ocrx_word' id='word_1_121' title='bbox 404 1288 490 1323; x_wconf 89' lang='lat' dir='ltr'>inde</span> <span class='ocrx_word' id='word_1_122' title='bbox 516 1288 718 1324; x_wconf 81' lang='lat' dir='ltr'>Luceriam</span> <span class='ocrx_word' id='word_1_123' title='bbox 748 1289 920 1337; x_wconf 83' lang='lat' dir='ltr'>gesserit,</span> <span class='ocrx_word' id='word_1_124' title='bbox 959 1289 1135 1338; x_wconf 87' lang='lat' dir='ltr'>ultorque</span> <span class='ocrx_word' id='word_1_125' title='bbox 1167 1288 1300 1325; x_wconf 90' lang='lat' dir='ltr'>unicus</span> <span class='ocrx_word' id='word_1_126' title='bbox 1333 1287 1418 1325; x_wconf 88' lang='lat' dir='ltr'>Ro-</span> 
     </span>
     <span class='ocr_line' id='line_1_19' title="bbox 294 1351 1417 1401; baseline -0.001 -12"><span class='ocrx_word' id='word_1_127' title='bbox 294 1364 416 1389; x_wconf 78' lang='lat' dir='ltr'>manae</span> <span class='ocrx_word' id='word_1_128' title='bbox 441 1351 676 1399; x_wconf 62' lang='lat' dir='ltr'>ignominiae,</span> <span class='ocrx_word' id='word_1_129' title='bbox 698 1352 799 1386; x_wconf 87' lang='lat' dir='ltr'>haud</span> <span class='ocrx_word' id='word_1_130' title='bbox 828 1352 945 1387; x_wconf 87' lang='lat' dir='ltr'>sciam</span> <span class='ocrx_word' id='word_1_131' title='bbox 965 1364 1011 1387; x_wconf 87' lang='lat' dir='ltr'>an</span> <span class='ocrx_word' id='word_1_132' title='bbox 1034 1351 1252 1401; x_wconf 87' lang='lat' dir='ltr'>justissimo</span> <span class='ocrx_word' id='word_1_133' title='bbox 1280 1352 1417 1389; x_wconf 85' lang='lat' dir='ltr'>trium-</span> 
     </span>
     <span class='ocr_line' id='line_1_20' title="bbox 292 1415 1413 1467; baseline -0.001 -14"><span class='ocrx_word' id='word_1_134' title='bbox 292 1417 372 1467; x_wconf 89' lang='lat' dir='ltr'>pho</span> <span class='ocrx_word' id='word_1_135' title='bbox 398 1416 445 1452; x_wconf 83' lang='lat' dir='ltr'>ad</span> <span class='ocrx_word' id='word_1_136' title='bbox 475 1428 558 1451; x_wconf 91' lang='lat' dir='ltr'>eam</span> <span class='ocrx_word' id='word_1_137' title='bbox 589 1420 738 1451; x_wconf 78' lang='lat' dir='ltr'>aetatem</span> <span class='ocrx_word' id='word_1_138' title='bbox 773 1416 979 1452; x_wconf 82' lang='lat' dir='ltr'>secundum</span> <span class='ocrx_word' id='word_1_139' title='bbox 1007 1416 1165 1452; x_wconf 89' lang='lat' dir='ltr'>Furium</span> <span class='ocrx_word' id='word_1_140' title='bbox 1195 1415 1413 1460; x_wconf 87' lang='lat' dir='ltr'>Camillum,</span> 
     </span>
     <span class='ocr_line' id='line_1_21' title="bbox 290 1480 1413 1533; baseline 0.001 -15"><span class='ocrx_word' id='word_1_141' title='bbox 290 1481 596 1532; x_wconf 83' lang='lat' dir='ltr'>triumphaverit,</span> <span class='ocrx_word' id='word_1_142' title='bbox 627 1493 675 1516; x_wconf 83' lang='lat' dir='ltr'>an</span> <span class='ocrx_word' id='word_1_143' title='bbox 706 1480 904 1516; x_wconf 85' lang='lat' dir='ltr'>consulum</span> <span class='ocrx_word' id='word_1_144' title='bbox 932 1480 1151 1531; x_wconf 86' lang='lat' dir='ltr'>Papiriiquc</span> <span class='ocrx_word' id='word_1_145' title='bbox 1179 1482 1413 1533; x_wconf 84' lang='lat' dir='ltr'>praecipuum</span> 
     </span>
     <span class='ocr_line' id='line_1_22' title="bbox 97 1531 1410 1609; baseline 0.001 -26"><span class='ocrx_word' id='word_1_146' title='bbox 97 1531 330 1609; x_wconf 52' lang='grc' dir='ltr'><strong>ἕὲ·3ῗ5·ἱό</strong></span> <span class='ocrx_word' id='word_1_147' title='bbox 360 1546 473 1582; x_wconf 87' lang='lat' dir='ltr'>decus</span> <span class='ocrx_word' id='word_1_148' title='bbox 503 1546 564 1581; x_wconf 87' lang='lat' dir='ltr'>sit.</span> <span class='ocrx_word' id='word_1_149' title='bbox 616 1545 795 1593; x_wconf 84' lang='lat' dir='ltr'>Sequitur</span> <span class='ocrx_word' id='word_1_150' title='bbox 826 1545 928 1581; x_wconf 90' lang='lat' dir='ltr'>hunc</span> <span class='ocrx_word' id='word_1_151' title='bbox 963 1558 1127 1582; x_wconf 82' lang='lat' dir='ltr'>errorem</span> <span class='ocrx_word' id='word_1_152' title='bbox 1157 1547 1252 1583; x_wconf 87' lang='lat' dir='ltr'>alius</span> <span class='ocrx_word' id='word_1_153' title='bbox 1291 1559 1410 1592; x_wconf 86' lang='lat' dir='ltr'>error,</span> 
     </span>
     <span class='ocr_line' id='line_1_23' title="bbox 130 1584 1408 1661; baseline -0.001 -12"><span class='ocrx_word' id='word_1_154' title='bbox 130 1599 138 1609; x_wconf 48' lang='lat'>⁸</span> <span class='ocrx_word' id='word_1_155' title='bbox 180 1600 187 1608; x_wconf 54' lang='lat'><em>⁰</em></span> <span class='ocrx_word' id='word_1_156' title='bbox 251 1584 484 1649; x_wconf 84' lang='lat' dir='ltr'>⁷&#39;Curs0rne</span> <span class='ocrx_word' id='word_1_157' title='bbox 503 1610 677 1661; x_wconf 85' lang='lat' dir='ltr'>Papirius</span> <span class='ocrx_word' id='word_1_158' title='bbox 704 1611 888 1661; x_wconf 83' lang='lat' dir='ltr'>proximis</span> <span class='ocrx_word' id='word_1_159' title='bbox 919 1612 1082 1647; x_wconf 88' lang='lat' dir='ltr'>comitiis</span> <span class='ocrx_word' id='word_1_160' title='bbox 1117 1623 1203 1647; x_wconf 90' lang='lat' dir='ltr'>cum</span> <span class='ocrx_word' id='word_1_161' title='bbox 1222 1611 1271 1651; x_wconf 87' lang='lat' dir='ltr'>Q.</span> <span class='ocrx_word' id='word_1_162' title='bbox 1291 1610 1408 1648; x_wconf 87' lang='lat' dir='ltr'>Aulio</span> 
     </span>
     <span class='ocr_line' id='line_1_24' title="bbox 291 1674 1406 1723; baseline -0.001 -10"><span class='ocrx_word' id='word_1_163' title='bbox 291 1677 501 1713; x_wconf 83' lang='lat' dir='ltr'>Cerretano</span> <span class='ocrx_word' id='word_1_164' title='bbox 538 1676 690 1718; x_wconf 87' lang='lat' dir='ltr'>iterum,</span> <span class='ocrx_word' id='word_1_165' title='bbox 730 1674 780 1710; x_wconf 91' lang='lat' dir='ltr'>ob</span> <span class='ocrx_word' id='word_1_166' title='bbox 813 1687 892 1710; x_wconf 87' lang='lat' dir='ltr'>rem</span> <span class='ocrx_word' id='word_1_167' title='bbox 929 1674 1026 1711; x_wconf 92' lang='lat' dir='ltr'>bene</span> <span class='ocrx_word' id='word_1_168' title='bbox 1055 1680 1202 1723; x_wconf 88' lang='lat' dir='ltr'>gestam</span> <span class='ocrx_word' id='word_1_169' title='bbox 1234 1674 1406 1713; x_wconf 85' lang='lat' dir='ltr'>Luceriae</span> 
     </span>
     <span class='ocr_line' id='line_1_25' title="bbox 287 1739 1402 1788; baseline -0.001 -10"><span class='ocrx_word' id='word_1_170' title='bbox 287 1742 513 1779; x_wconf 86' lang='lat' dir='ltr'>continuato</span> <span class='ocrx_word' id='word_1_171' title='bbox 541 1740 784 1788; x_wconf 87' lang='lat' dir='ltr'>magistratu,</span> <span class='ocrx_word' id='word_1_172' title='bbox 806 1739 939 1776; x_wconf 90' lang='lat' dir='ltr'>consul</span> <span class='ocrx_word' id='word_1_173' title='bbox 966 1739 1123 1775; x_wconf 88' lang='lat' dir='ltr'>tertium</span> <span class='ocrx_word' id='word_1_174' title='bbox 1152 1745 1298 1776; x_wconf 86' lang='lat' dir='ltr'>creatus</span> <span class='ocrx_word' id='word_1_175' title='bbox 1329 1740 1402 1787; x_wconf 75' lang='lat' dir='ltr'>sit5</span> 
     </span>
     <span class='ocr_line' id='line_1_26' title="bbox 285 1804 1403 1857; baseline -0.002 -12"><span class='ocrx_word' id='word_1_176' title='bbox 285 1821 334 1845; x_wconf 84' lang='lat' dir='ltr'>an</span> <span class='ocrx_word' id='word_1_177' title='bbox 352 1807 400 1845; x_wconf 88' lang='lat' dir='ltr'>L.</span> <span class='ocrx_word' id='word_1_178' title='bbox 421 1806 595 1857; x_wconf 87' lang='lat' dir='ltr'>Papirius</span> <span class='ocrx_word' id='word_1_179' title='bbox 626 1804 878 1855; x_wconf 83' lang='lat' dir='ltr'>Mugillanus,</span> <span class='ocrx_word' id='word_1_180' title='bbox 909 1811 948 1842; x_wconf 90' lang='lat' dir='ltr'>et</span> <span class='ocrx_word' id='word_1_181' title='bbox 975 1806 1015 1842; x_wconf 91' lang='lat' dir='ltr'>in</span> <span class='ocrx_word' id='word_1_182' title='bbox 1044 1806 1274 1855; x_wconf 82' lang='lat' dir='ltr'>cognomine</span> <span class='ocrx_word' id='word_1_183' title='bbox 1301 1818 1403 1844; x_wconf 86' lang='lat' dir='ltr'>erra-</span> 
     </span>
    </p>

    <p class='ocr_par' dir='ltr' id='par_1_3' title="bbox 281 1873 444 1910">
     <span class='ocr_line' id='line_1_27' title="bbox 281 1873 444 1910; baseline -0.012 0"><span class='ocrx_word' id='word_1_184' title='bbox 281 1879 365 1910; x_wconf 89' lang='lat' dir='ltr'>tum</span> <span class='ocrx_word' id='word_1_185' title='bbox 383 1873 444 1909; x_wconf 86' lang='lat' dir='ltr'>sit.</span> 
     </span>
    </p>

    <p class='ocr_par' dir='ltr' id='par_1_4' title="bbox 276 1933 1404 2309">
     <span class='ocr_line' id='line_1_28' title="bbox 337 1933 1404 1987; baseline 0.002 -14"><span class='ocrx_word' id='word_1_186' title='bbox 337 1936 448 1973; x_wconf 86' lang='lat' dir='ltr'>XVI.</span> <span class='ocrx_word' id='word_1_187' title='bbox 488 1935 692 1978; x_wconf 83' lang='lat' dir='ltr'>Convenit,</span> <span class='ocrx_word' id='word_1_188' title='bbox 716 1933 800 1985; x_wconf 88' lang='lat' dir='ltr'>jam</span> <span class='ocrx_word' id='word_1_189' title='bbox 832 1935 920 1972; x_wconf 86' lang='lat' dir='ltr'>inde</span> <span class='ocrx_word' id='word_1_190' title='bbox 953 1949 1021 1986; x_wconf 88' lang='lat' dir='ltr'>per</span> <span class='ocrx_word' id='word_1_191' title='bbox 1057 1935 1230 1973; x_wconf 88' lang='lat' dir='ltr'>consules</span> <span class='ocrx_word' id='word_1_192' title='bbox 1259 1937 1404 1987; x_wconf 85' lang='lat' dir='ltr'>reliqua</span> 
     </span>
     <span class='ocr_line' id='line_1_29' title="bbox 281 1998 1401 2051; baseline 0 -12"><span class='ocrx_word' id='word_1_193' title='bbox 281 2000 370 2038; x_wconf 87' lang='lat' dir='ltr'>belli</span> <span class='ocrx_word' id='word_1_194' title='bbox 391 1998 570 2051; x_wconf 85' lang='lat' dir='ltr'>perfecta.</span> <span class='ocrx_word' id='word_1_195' title='bbox 613 1998 749 2034; x_wconf 79' lang='lat' dir='ltr'>AuIIus</span> <span class='ocrx_word' id='word_1_196' title='bbox 776 2012 860 2034; x_wconf 90' lang='lat' dir='ltr'>cum</span> <span class='ocrx_word' id='word_1_197' title='bbox 881 1998 1103 2036; x_wconf 84' lang='lat' dir='ltr'>Ferentanis</span> <span class='ocrx_word' id='word_1_198' title='bbox 1131 2013 1208 2037; x_wconf 89' lang='lat' dir='ltr'>uno</span> <span class='ocrx_word' id='word_1_199' title='bbox 1234 2002 1401 2039; x_wconf 84' lang='lat' dir='ltr'>secundo</span> 
     </span>
     <span class='ocr_line' id='line_1_30' title="bbox 279 2063 1399 2117; baseline 0.001 -15"><span class='ocrx_word' id='word_1_200' title='bbox 279 2065 418 2117; x_wconf 86' lang='lat' dir='ltr'>proelio</span> <span class='ocrx_word' id='word_1_201' title='bbox 451 2063 676 2109; x_wconf 82' lang='lat' dir='ltr'>debellavit3</span> <span class='ocrx_word' id='word_1_202' title='bbox 713 2063 921 2113; x_wconf 84' lang='lat' dir='ltr'>urbemque</span> <span class='ocrx_word' id='word_1_203' title='bbox 957 2065 1091 2115; x_wconf 88' lang='lat' dir='ltr'>ipsam,</span> <span class='ocrx_word' id='word_1_204' title='bbox 1130 2078 1206 2115; x_wconf 85' lang='lat' dir='ltr'>quo</span> <span class='ocrx_word' id='word_1_205' title='bbox 1242 2078 1282 2102; x_wconf 92' lang='lat' dir='ltr'>se</span> <span class='ocrx_word' id='word_1_206' title='bbox 1313 2066 1399 2104; x_wconf 84' lang='lat' dir='ltr'>fusa</span> 
     </span>
     <span class='ocr_line' id='line_1_31' title="bbox 280 2127 1396 2178; baseline 0.002 -13"><span class='ocrx_word' id='word_1_207' title='bbox 280 2128 496 2165; x_wconf 88' lang='lat' dir='ltr'>contulerat</span> <span class='ocrx_word' id='word_1_208' title='bbox 515 2128 629 2171; x_wconf 86' lang='lat' dir='ltr'>acies,</span> <span class='ocrx_word' id='word_1_209' title='bbox 651 2127 845 2164; x_wconf 89' lang='lat' dir='ltr'>obsidibus</span> <span class='ocrx_word' id='word_1_210' title='bbox 876 2129 1083 2178; x_wconf 85' lang='lat' dir='ltr'>imperatis,</span> <span class='ocrx_word' id='word_1_211' title='bbox 1105 2130 1143 2165; x_wconf 90' lang='lat' dir='ltr'>in</span> <span class='ocrx_word' id='word_1_212' title='bbox 1164 2129 1396 2168; x_wconf 84' lang='lat' dir='ltr'>deditionem</span> 
     </span>
     <span class='ocr_line' id='line_1_32' title="bbox 278 2184 1392 2243; baseline 0.001 -13"><span class='ocrx_word' id='word_1_213' title='bbox 278 2193 437 2243; x_wconf 87' lang='lat' dir='ltr'>accepit.</span> <span class='ocrx_word' id='word_1_214' title='bbox 466 2184 568 2228; x_wconf 45' lang='lat' dir='ltr'>‘Pari</span> <span class='ocrx_word' id='word_1_215' title='bbox 588 2192 745 2229; x_wconf 85' lang='lat' dir='ltr'>fortuna</span> <span class='ocrx_word' id='word_1_216' title='bbox 774 2192 972 2229; x_wconf 90' lang='lat' dir='ltr'>consulum</span> <span class='ocrx_word' id='word_1_217' title='bbox 1003 2193 1098 2229; x_wconf 86' lang='lat' dir='ltr'>alter</span> <span class='ocrx_word' id='word_1_218' title='bbox 1117 2207 1202 2231; x_wconf 89' lang='lat' dir='ltr'>cum</span> <span class='ocrx_word' id='word_1_219' title='bbox 1228 2194 1392 2232; x_wconf 84' lang='lat' dir='ltr'>Satrica-</span> 
     </span>
     <span class='ocr_line' id='line_1_33' title="bbox 276 2256 1391 2309; baseline 0.002 -15"><span class='ocrx_word' id='word_1_220' title='bbox 276 2258 351 2301; x_wconf 85' lang='lat' dir='ltr'>nis,</span> <span class='ocrx_word' id='word_1_221' title='bbox 382 2257 447 2306; x_wconf 91' lang='lat' dir='ltr'>qui</span> <span class='ocrx_word' id='word_1_222' title='bbox 480 2258 577 2293; x_wconf 89' lang='lat' dir='ltr'>cives</span> <span class='ocrx_word' id='word_1_223' title='bbox 611 2256 779 2294; x_wconf 88' lang='lat' dir='ltr'>Romani</span> <span class='ocrx_word' id='word_1_224' title='bbox 809 2264 897 2309; x_wconf 89' lang='lat' dir='ltr'>post</span> <span class='ocrx_word' id='word_1_225' title='bbox 931 2258 1142 2296; x_wconf 85' lang='lat' dir='ltr'>Caudinam</span> <span class='ocrx_word' id='word_1_226' title='bbox 1175 2258 1318 2296; x_wconf 87' lang='lat' dir='ltr'>cladem</span> <span class='ocrx_word' id='word_1_227' title='bbox 1344 2259 1391 2296; x_wconf 82' lang='lat' dir='ltr'>ad</span> 
     </span>
    </p>
   </div>
   <div class='ocr_carea' id='block_1_3' title="bbox 278 2320 1390 2374">
    <p class='ocr_par' dir='ltr' id='par_1_5' title="bbox 278 2320 1390 2374">
     <span class='ocr_line' id='line_1_34' title="bbox 278 2320 1390 2374; baseline 0.003 -16"><span class='ocrx_word' id='word_1_228' title='bbox 278 2321 467 2369; x_wconf 80' lang='lat' dir='ltr'>Samnites</span> <span class='ocrx_word' id='word_1_229' title='bbox 488 2320 719 2367; x_wconf 85' lang='lat' dir='ltr'>defecerant,</span> <span class='ocrx_word' id='word_1_230' title='bbox 739 2323 1029 2374; x_wconf 73' lang='lat' dir='ltr'>praesidiumque</span> <span class='ocrx_word' id='word_1_231' title='bbox 1050 2336 1181 2360; x_wconf 78' lang='lat' dir='ltr'>eorum</span> <span class='ocrx_word' id='word_1_232' title='bbox 1199 2324 1239 2360; x_wconf 87' lang='lat' dir='ltr'>in</span> <span class='ocrx_word' id='word_1_233' title='bbox 1259 2323 1390 2361; x_wconf 83' lang='lat' dir='ltr'>urbem</span> 
     </span>
    </p>
   </div>
  </div>
 </body>
</html>
