1527 2661
385 170 537 199 LIBER
560 169 691 198 xxu.
724 168 832 197 cAv.
857 169 959 197 111v.
1132 156 1212 211 289

118 259 248 299 aulatis
266 260 336 296 viri
354 258 466 303 filius,
488 260 739 308 Nequidquam
763 270 820 294 eos
842 258 1024 306 perditam
1040 268 1137 305 spem
1145 257 1213 307 fo·
1227 257 1316 288 U·C·
1334 260 1405 286 ⁵3⁶·

119 338 224 362 vere:
250 325 475 372 desperatam
493 325 818 372 comploratamque
838 334 914 358 rem
931 334 1001 358 esse
1021 322 1213 370 publicam.
1226 300 1406 384 ἓξὲξ-δ’

123 380 268 425 Nobilesv
279 387 428 435 juvenes
453 390 634 437 quosdam,
664 400 811 437 quorum
832 388 1030 435 principe-m
1049 387 1092 423 L.
1108 386 1215 423 Caeci-
1229 398 1272 427 110
1288 364 1378 427 <lese-

120 456 206 490 lium
233 454 435 496 Metellum,
465 466 563 490 mare
591 465 633 489 ac
660 465 765 489 naves
795 456 966 500 spectare,
995 456 1048 494 ut,
1079 452 1217 488 deserta
1229 441 1407 514 {iegdcssulstf‘

121 518 246 560 Italia,
264 519 313 554 ad
326 530 441 565 regem
455 518 607 566 aliquem
625 516 880 566 transfugiant.
935 515 1048 555 Quod
1063 515 1214 559 malum,
1228 538 1272 559 sae

120 588 368 632 praeterquam
396 588 520 625 atrox,
550 594 660 632 super
687 587 746 617 tot
771 580 892 618 clades
921 582 1034 617 etiam
1062 593 1215 624 novum,

122 658 235 694 quum
269 652 422 696 stupore
447 657 490 682 ac
520 644 700 681 miraculo
733 645 901 694 torpidos
931 644 1132 686 defixisset,
1165 650 1217 686 et,

122 711 185 759 qui
199 710 367 752 aderant,
386 708 583 745 consilium
599 709 855 744 advocandum
874 708 918 744 de
938 720 982 744 eo
997 714 1192 744 censerent
1203 723 1215 752 5

121 779 235 823 negat
263 772 408 809 consilii
438 785 516 809 rem
545 785 625 809 esse
654 773 780 822 Scipio
802 771 968 822 juvenis,
997 771 1121 808 fatalis
1144 772 1218 808 dux

118 837 273 888 hujusce
299 837 401 874 belli.
446 838 662 874 Audendum
689 842 796 886 atque
819 837 1009 885 agendum,
1038 849 1108 872 non
1135 849 1218 873 con-

120 903 336 944 sultandum,
357 902 423 944 ait,
453 903 491 938 in
519 906 617 937 tanto
644 902 740 937 malo
760 913 840 937 esse.
894 901 995 937 Irent
1016 912 1133 937 secum
1160 912 1218 936 ex-

123 967 253 1015 templo
271 967 415 1009 armati,
435 968 496 1014 qui
513 966 768 1014 rempublicam
784 966 921 1001 salvam
940 965 1069 1001 vellent
1082 980 1093 1000 .·
1120 965 1220 1000 nullo

121 1032 248 1073 verius,
279 1042 385 1078 quam
412 1030 470 1066 ubi
496 1042 538 1066 ea
567 1031 777 1077 cogitentur,
808 1029 960 1065 hostium
988 1033 1104 1065 castra
1138 1040 1220 1065 esse,

123 1095 254 1143 Pergit
270 1094 338 1137 ire,
355 1093 595 1143 sequentibus
612 1093 754 1143 pauciS,
772 1094 811 1129 in
825 1093 1033 1142 hospitium
1047 1092 1218 1129 Metelli:
1235 1096 1262 1125 A
1277 1095 1424 1144 Scipione

126 1165 177 1202 et,
197 1171 312 1208 quum
330 1158 531 1194 concilium
549 1158 601 1194 ibi
614 1157 812 1207 juvenum,
837 1158 882 1193 de
902 1156 1035 1206 quibus
1056 1156 1222 1193 adlatum
1234 1139 1431 1179 Obps¹m¹tu¹'

124 1230 218 1267 erat,
246 1224 463 1266 invenisset,
484 1224 616 1259 stricto
646 1236 757 1273 super
785 1223 908 1273 capita
929 1222 1224 1259 consultantium

125 1289 264 1338 gladio,
285 1289 341 1324 Ex
367 1290 436 1324 mei
464 1290 574 1324 animi
601 1290 789 1331 sententia,
820 1288 954 1337 inquit,
981 1293 1021 1323 ut
1048 1299 1111 1335 ego
1133 1299 1224 1324 rem-

121 1353 299 1402 publicam
318 1353 442 1400 populi
461 1352 615 1388 Romani
640 1365 709 1388 non
729 1353 897 1395 deseram,
917 1364 1026 1400 neque
1044 1352 1154 1388 alium
1175 1353 1223 1387 ci-

124 1429 201 1453 vem
220 1417 422 1452 Romanum
449 1416 604 1451 deserere
629 1418 766 1464 patiar.
813 1416 855 1452 Si
877 1418 987 1451 sciens
1003 1414 1120 1464 fallo,
1151 1420 1226 1451 tum

125 1492 193 1523 me,
215 1480 361 1527 Jupiter
389 1481 520 1527 optime
547 1481 712 1522 maxime,
735 1480 889 1522 domum,
909 1478 1112 1528 sublilium,
1133 1491 1225 1515 rem-

128 1557 194 1593 que
211 1556 325 1580 meam
341 1545 490 1591 pessimo
511 1544 579 1579 leto
598 1544 770 1593 adficias‘!
799 1545 841 1579 In
861 1544 933 1580 haec
952 1543 1070 1586 verba,
1091 1544 1135 1580 L.
1151 1544 1225 1580 Cae-

128 1610 199 1651 cili,
219 1607 330 1654 jures,
348 1609 502 1656 postulo,
528 1610 712 1657 ceterique,
734 1611 793 1658 qui
816 1610 966 1645 adestis:
995 1609 1055 1656 qui
1079 1620 1147 1644 non
1161 1606 1223 1654 ju-

127 1674 273 1715 raverit,
293 1674 330 1708 in
346 1685 382 1708 se
400 1673 491 1708 hunc
506 1674 668 1720 gladium
685 1675 848 1709 strictum
867 1685 936 1708 esse
953 1674 1053 1708 sciat.
1111 1672 1226 1708 Haud

130 1747 234 1772 secus
262 1736 400 1784 pavidi,
421 1748 532 1784 quam
561 1737 590 1771 si
610 1737 791 1772 victorem
813 1735 1069 1772 Hannibalem
1098 1748 1226 1772 cerne-

128 1806 226 1843 rent,
256 1798 388 1849 jurant
425 1811 576 1835 omnes:
609 1801 946 1849 custodiendosque
974 1806 1092 1836 semet
1123 1800 1225 1850 ipsos

130 1863 298 1913 Scipioni
316 1864 479 1899 tradunt.

182 1926 286 1963 LIV.
314 1927 374 1962 Eo
403 1933 585 1977 tempore,
607 1939 681 1976 quo
710 1928 790 1964 haec
817 1927 972 1963 Canusii
1001 1926 1222 1975 agebantur,
1234 1940 1410 1972 Venusiam

130 1990 334 2027 Venusiam
362 1991 409 2027 ad
436 1991 625 2027 consulem
657 1992 705 2028 ad
722 1999 884 2041 quatuor
912 1991 1029 2027 millia
1057 1991 1224 2041 peditum
1237 1994 1275 2013 ex
1292 1985 1366 2023 fuga

129 2055 384 2104 equitumque,
405 2055 467 2104 qui
493 2055 610 2105 sparsi
629 2054 721 2104 fuga
738 2068 805 2105 per
828 2067 938 2103 agros
957 2055 1119 2097 fuerant,
1140 2067 1223 2104 per·
1235 2029 1405 2110 3333ng

130 2131 275 2155 venere.
330 2118 408 2154 Eos
431 2131 559 2154 omnes
580 2118 763 2155 Venusini
791 2132 857 2169 per
874 2118 1034 2155 familias
1061 2118 1224 2166 benigue
1237 2115 1408 2163 hominum

131 2183 364 2233 accipiendos
384 2183 641 2232 curandosque
661 2197 775 2233 quum
791 2184 1014 2225 divisissent,
1037 2183 1076 2218 in
1095 2183 1224 2231 singu·
1236 2157 1348 2188 ‘mum’

132 2245 187 2282 los
208 2247 349 2295 equites
368 2253 477 2296 togas
499 2253 537 2284 et
561 2248 708 2284 tunicas
729 2253 767 2283 et
785 2247 1024 2296 quadrigatos
1052 2258 1223 2282 nummos

89 2349 91 2351 ¹
132 2311 265 2359 quinos
285 2311 450 2355 vicenos,
471 2318 509 2348 et
533 2311 720 2363 peditibus
741 2312 871 2355 denos,
892 2317 929 2348 et
955 2323 1071 2354 arma,
1092 2310 1225 2360 quibus

187 2372 285 2410 VoL.
306 2373 358 2410 11.
679 2374 713 2411 O
