<?xml version="1.0" encoding="UTF-8"?>
<!DOCTYPE html PUBLIC "-//W3C//DTD XHTML 1.0 Transitional//EN"
    "http://www.w3.org/TR/xhtml1/DTD/xhtml1-transitional.dtd">
<html xmlns="http://www.w3.org/1999/xhtml" xml:lang="en" lang="en">
 <head>
  <title>
</title>
<meta http-equiv="Content-Type" content="text/html;charset=utf-8" />
  <meta name='ocr-system' content='tesseract 3.04.00' />
  <meta name='ocr-capabilities' content='ocr_page ocr_carea ocr_par ocr_line ocrx_word'/>
</head>
<body>
  <div class='ocr_page' id='page_1' title='image "./historiarumquaes02livyuoft/historiarumquaes02livyuoft_0437.png"; bbox 0 0 1527 2661; ppageno 0'>
   <div class='ocr_carea' id='block_1_1' title="bbox 294 179 1160 222">
    <p class='ocr_par' dir='ltr' id='par_1_1' title="bbox 294 179 1160 222">
     <span class='ocr_line' id='line_1_1' title="bbox 294 179 1160 222; baseline 0.001 -13"><span class='ocrx_word' id='word_1_1' title='bbox 294 179 449 209; x_wconf 81' lang='lat' dir='ltr'>LIBER</span> <span class='ocrx_word' id='word_1_2' title='bbox 474 180 619 210; x_wconf 83' lang='lat' dir='ltr'>xx1v.</span> <span class='ocrx_word' id='word_1_3' title='bbox 652 179 758 208; x_wconf 75' lang='lat' dir='ltr'>cAP.</span> <span class='ocrx_word' id='word_1_4' title='bbox 781 180 922 209; x_wconf 72' lang='lat' dir='ltr'>XLv1.</span> <span class='ocrx_word' id='word_1_5' title='bbox 1079 179 1160 222; x_wconf 86' lang='lat'>427</span> 
     </span>
    </p>
   </div>
   <div class='ocr_carea' id='block_1_2' title="bbox 10 269 1359 1153">
    <p class='ocr_par' dir='ltr' id='par_1_2' title="bbox 6 269 1359 1153">
     <span class='ocr_line' id='line_1_2' title="bbox 18 269 1359 318; baseline -0.001 -12"><span class='ocrx_word' id='word_1_6' title='bbox 18 294 19 300; x_wconf 26' lang='grc' dir='ltr'>η</span> <span class='ocrx_word' id='word_1_7' title='bbox 52 272 110 307; x_wconf 79' lang='lat' dir='ltr'>cui</span> <span class='ocrx_word' id='word_1_8' title='bbox 129 270 273 306; x_wconf 76' lang='lat' dir='ltr'>dubium</span> <span class='ocrx_word' id='word_1_9' title='bbox 300 282 382 312; x_wconf 82' lang='lat' dir='ltr'>esse,</span> <span class='ocrx_word' id='word_1_10' title='bbox 403 271 489 318; x_wconf 78' lang='lat' dir='ltr'>quin</span> <span class='ocrx_word' id='word_1_11' title='bbox 518 269 612 305; x_wconf 77' lang='lat' dir='ltr'>brevi</span> <span class='ocrx_word' id='word_1_12' title='bbox 637 270 777 305; x_wconf 76' lang='lat' dir='ltr'>deserta</span> <span class='ocrx_word' id='word_1_13' title='bbox 806 270 849 305; x_wconf 84' lang='lat' dir='ltr'>ab</span> <span class='ocrx_word' id='word_1_14' title='bbox 877 270 979 305; x_wconf 65' lang='lat' dir='ltr'>sociis</span> <span class='ocrx_word' id='word_1_15' title='bbox 1000 269 1164 305; x_wconf 79' lang='lat' dir='ltr'>Romana</span> <span class='ocrx_word' id='word_1_16' title='bbox 1178 276 1218 306; x_wconf 93' lang='lat' dir='ltr'>U.</span> <span class='ocrx_word' id='word_1_17' title='bbox 1230 275 1266 305; x_wconf 90' lang='lat' dir='ltr'>C.</span> <span class='ocrx_word' id='word_1_18' title='bbox 1286 280 1359 308; x_wconf 78' lang='lat'><strong>539.</strong></span> 
     </span>
     <span class='ocr_line' id='line_1_3' title="bbox 50 319 1359 386; baseline -0.002 -13"><span class='ocrx_word' id='word_1_19' title='bbox 50 349 117 379; x_wconf 83' lang='lat' dir='ltr'>res,</span> <span class='ocrx_word' id='word_1_20' title='bbox 138 336 338 386; x_wconf 76' lang='lat' dir='ltr'>foederibus</span> <span class='ocrx_word' id='word_1_21' title='bbox 357 337 506 372; x_wconf 64' lang='lat' dir='ltr'>Punicis</span> <span class='ocrx_word' id='word_1_22' title='bbox 535 337 655 371; x_wconf 81' lang='lat' dir='ltr'><em>onmia</em></span> <span class='ocrx_word' id='word_1_23' title='bbox 684 338 720 371; x_wconf 78' lang='lat' dir='ltr'>in</span> <span class='ocrx_word' id='word_1_24' title='bbox 746 336 859 371; x_wconf 65' lang='lat' dir='ltr'>Italia</span> <span class='ocrx_word' id='word_1_25' title='bbox 883 334 1016 382; x_wconf 77' lang='lat' dir='ltr'>juncta</span> <span class='ocrx_word' id='word_1_26' title='bbox 1044 337 1165 372; x_wconf 75' lang='lat' dir='ltr'>visura</span> <span class='ocrx_word' id='word_1_27' title='bbox 1176 320 1215 349; x_wconf 71' lang='lat' dir='ltr'>A&#39;</span> <span class='ocrx_word' id='word_1_28' title='bbox 1233 319 1359 349; x_wconf 56' lang='lat'>02¹³·</span> 
     </span>
     <span class='ocr_line' id='line_1_4' title="bbox 48 401 1167 448; baseline -0.001 -12"><span class='ocrx_word' id='word_1_29' title='bbox 48 402 95 437; x_wconf 74' lang='lat' dir='ltr'>sit</span> <span class='ocrx_word' id='word_1_30' title='bbox 109 402 130 436; x_wconf 76' lang='lat'>,9</span> <span class='ocrx_word' id='word_1_31' title='bbox 148 401 196 436; x_wconf 85' lang='lat' dir='ltr'>Se</span> <span class='ocrx_word' id='word_1_32' title='bbox 215 405 334 436; x_wconf 82' lang='lat' dir='ltr'>tamen</span> <span class='ocrx_word' id='word_1_33' title='bbox 352 412 421 436; x_wconf 84' lang='lat' dir='ltr'>non</span> <span class='ocrx_word' id='word_1_34' title='bbox 440 412 521 435; x_wconf 82' lang='lat' dir='ltr'>eum</span> <span class='ocrx_word' id='word_1_35' title='bbox 539 412 623 443; x_wconf 81' lang='lat' dir='ltr'>esse,</span> <span class='ocrx_word' id='word_1_36' title='bbox 642 401 702 447; x_wconf 73' lang='lat' dir='ltr'>qui</span> <span class='ocrx_word' id='word_1_37' title='bbox 714 401 853 436; x_wconf 71' lang='lat' dir='ltr'>Altinio</span> <span class='ocrx_word' id='word_1_38' title='bbox 860 401 956 448; x_wconf 75' lang='lat' dir='ltr'>fidei</span> <span class='ocrx_word' id='word_1_39' title='bbox 971 401 1167 447; x_wconf 75' lang='lat' dir='ltr'>quidquam</span> 
     </span>
     <span class='ocr_line' id='line_1_5' title="bbox 52 465 1168 507; baseline -0.001 -7"><span class='ocrx_word' id='word_1_40' title='bbox 52 469 191 500; x_wconf 80' lang='lat' dir='ltr'>censeat</span> <span class='ocrx_word' id='word_1_41' title='bbox 221 465 434 507; x_wconf 78' lang='lat' dir='ltr'>habendum,</span> <span class='ocrx_word' id='word_1_42' title='bbox 459 465 519 500; x_wconf 78' lang='lat' dir='ltr'>sed</span> <span class='ocrx_word' id='word_1_43' title='bbox 543 465 699 501; x_wconf 70' lang='lat' dir='ltr'>mediam</span> <span class='ocrx_word' id='word_1_44' title='bbox 729 469 997 500; x_wconf 79' lang='lat' dir='ltr'>consecuturum</span> <span class='ocrx_word' id='word_1_45' title='bbox 1029 465 1168 500; x_wconf 77' lang='lat' dir='ltr'>consilii</span> 
     </span>
     <span class='ocr_line' id='line_1_6' title="bbox 48 529 1167 577; baseline 0 -13"><span class='ocrx_word' id='word_1_46' title='bbox 48 530 143 565; x_wconf 69' lang='lat' dir='ltr'>viam</span> <span class='ocrx_word' id='word_1_47' title='bbox 156 545 168 564; x_wconf 87' lang='lat'>.·</span> <span class='ocrx_word' id='word_1_48' title='bbox 196 542 308 577; x_wconf 77' lang='lat' dir='ltr'>neque</span> <span class='ocrx_word' id='word_1_49' title='bbox 326 541 406 565; x_wconf 80' lang='lat' dir='ltr'>eum</span> <span class='ocrx_word' id='word_1_50' title='bbox 423 541 491 576; x_wconf 81' lang='lat' dir='ltr'>pro</span> <span class='ocrx_word' id='word_1_51' title='bbox 506 529 616 570; x_wconf 79' lang='lat' dir='ltr'>hoste,</span> <span class='ocrx_word' id='word_1_52' title='bbox 635 541 748 575; x_wconf 76' lang='lat' dir='ltr'>neque</span> <span class='ocrx_word' id='word_1_53' title='bbox 765 542 830 576; x_wconf 84' lang='lat' dir='ltr'>pro</span> <span class='ocrx_word' id='word_1_54' title='bbox 848 531 941 565; x_wconf 80' lang='lat' dir='ltr'>socio</span> <span class='ocrx_word' id='word_1_55' title='bbox 962 530 997 564; x_wconf 82' lang='lat' dir='ltr'>z&#39;n</span> <span class='ocrx_word' id='word_1_56' title='bbox 1010 540 1167 576; x_wconf 67' lang='lat' dir='ltr'>praesen·</span> 
     </span>
     <span class='ocr_line' id='line_1_7' title="bbox 52 591 1166 640; baseline 0.001 -14"><span class='ocrx_word' id='word_1_57' title='bbox 52 593 104 627; x_wconf 76' lang='lat' dir='ltr'>tia</span> <span class='ocrx_word' id='word_1_58' title='bbox 123 591 298 633; x_wconf 77' lang='lat' dir='ltr'>habitum,</span> <span class='ocrx_word' id='word_1_59' title='bbox 321 592 430 627; x_wconf 72' lang='lat' dir='ltr'>libera</span> <span class='ocrx_word' id='word_1_60' title='bbox 450 593 613 627; x_wconf 71' lang='lat' dir='ltr'>custodia</span> <span class='ocrx_word' id='word_1_61' title='bbox 632 592 729 628; x_wconf 77' lang='lat' dir='ltr'>haud</span> <span class='ocrx_word' id='word_1_62' title='bbox 743 594 875 640; x_wconf 75' lang='lat' dir='ltr'>procul</span> <span class='ocrx_word' id='word_1_63' title='bbox 899 605 922 627; x_wconf 82' lang='grc' dir='ltr'><em>α</em></span> <span class='ocrx_word' id='word_1_64' title='bbox 941 594 1067 628; x_wconf 70' lang='lat' dir='ltr'>castris</span> <span class='ocrx_word' id='word_1_65' title='bbox 1081 593 1166 640; x_wconf 77' lang='lat' dir='ltr'>pla-</span> 
     </span>
     <span class='ocr_line' id='line_1_8' title="bbox 49 655 1166 704; baseline 0 -13"><span class='ocrx_word' id='word_1_66' title='bbox 49 667 128 691; x_wconf 80' lang='lat' dir='ltr'>cere</span> <span class='ocrx_word' id='word_1_67' title='bbox 146 657 184 691; x_wconf 80' lang='lat' dir='ltr'>in</span> <span class='ocrx_word' id='word_1_68' title='bbox 212 656 337 703; x_wconf 78' lang='lat' dir='ltr'>aliqua</span> <span class='ocrx_word' id='word_1_69' title='bbox 352 655 438 704; x_wconf 79' lang='lat' dir='ltr'>fida</span> <span class='ocrx_word' id='word_1_70' title='bbox 467 656 612 691; x_wconf 75' lang='lat' dir='ltr'>civitate</span> <span class='ocrx_word' id='word_1_71' title='bbox 639 658 774 692; x_wconf 80' lang='lat' dir='ltr'>servari</span> <span class='ocrx_word' id='word_1_72' title='bbox 798 669 865 704; x_wconf 83' lang='lat' dir='ltr'>per</span> <span class='ocrx_word' id='word_1_73' title='bbox 892 657 974 692; x_wconf 69' lang='lat' dir='ltr'>belli</span> <span class='ocrx_word' id='word_1_74' title='bbox 1003 661 1166 703; x_wconf 80' lang='lat' dir='ltr'>tempus:</span> 
     </span>
     <span class='ocr_line' id='line_1_9' title="bbox 43 719 1167 768; baseline 0.001 -14"><span class='ocrx_word' id='word_1_75' title='bbox 43 723 253 768; x_wconf 76' lang='lat' dir='ltr'>perpetrato</span> <span class='ocrx_word' id='word_1_76' title='bbox 286 719 390 761; x_wconf 84' lang='lat' dir='ltr'>bello,</span> <span class='ocrx_word' id='word_1_77' title='bbox 426 723 499 754; x_wconf 76' lang='lat' dir='ltr'>tum</span> <span class='ocrx_word' id='word_1_78' title='bbox 533 720 820 761; x_wconf 77' lang='lat' dir='ltr'>consultandum,</span> <span class='ocrx_word' id='word_1_79' title='bbox 859 725 980 756; x_wconf 75' lang='lat' dir='ltr'>utrum</span> <span class='ocrx_word' id='word_1_80' title='bbox 1013 719 1167 768; x_wconf 67' lang='lat' dir='ltr'>defectio</span> 
     </span>
     <span class='ocr_line' id='line_1_10' title="bbox 10 778 1168 831; baseline 0.001 -13"><span class='ocrx_word' id='word_1_81' title='bbox 10 778 11 781; x_wconf 30' lang='lat'>¹</span> <span class='ocrx_word' id='word_1_82' title='bbox 44 783 150 831; x_wconf 83' lang='lat' dir='ltr'>prior</span> <span class='ocrx_word' id='word_1_83' title='bbox 164 783 249 830; x_wconf 84' lang='lat' dir='ltr'>plus</span> <span class='ocrx_word' id='word_1_84' title='bbox 266 785 398 818; x_wconf 75' lang='lat' dir='ltr'>merita</span> <span class='ocrx_word' id='word_1_85' title='bbox 415 784 462 818; x_wconf 76' lang='lat' dir='ltr'>sit</span> <span class='ocrx_word' id='word_1_86' title='bbox 476 795 602 830; x_wconf 81' lang='lat' dir='ltr'>poenae,</span> <span class='ocrx_word' id='word_1_87' title='bbox 624 797 671 819; x_wconf 76' lang='lat' dir='ltr'>cm</span> <span class='ocrx_word' id='word_1_88' title='bbox 691 784 748 820; x_wconf 79' lang='lat' dir='ltr'>hic</span> <span class='ocrx_word' id='word_1_89' title='bbox 765 786 902 821; x_wconf 75' lang='lat' dir='ltr'>reditus</span> <span class='ocrx_word' id='word_1_90' title='bbox 919 786 1040 820; x_wconf 70' lang='lat' dir='ltr'>veniae.</span> <span class='ocrx_word' id='word_1_91' title='bbox 1091 783 1168 819; x_wconf 85' lang='lat' dir='ltr'>Fa-</span> 
     </span>
     <span class='ocr_line' id='line_1_11' title="bbox 46 845 1167 896; baseline 0.002 -15"><span class='ocrx_word' id='word_1_92' title='bbox 46 845 113 882; x_wconf 93' lang='lat' dir='ltr'>bio</span> <span class='ocrx_word' id='word_1_93' title='bbox 149 845 351 882; x_wconf 82' lang='lat' dir='ltr'><strong>adsensum</strong></span> <span class='ocrx_word' id='word_1_94' title='bbox 377 852 455 881; x_wconf 89' lang='lat' dir='ltr'>est:</span> <span class='ocrx_word' id='word_1_95' title='bbox 489 847 708 896; x_wconf 84' lang='lat' dir='ltr'>catenisque</span> <span class='ocrx_word' id='word_1_96' title='bbox 745 847 900 895; x_wconf 84' lang='lat' dir='ltr'>ligatus,</span> <span class='ocrx_word' id='word_1_97' title='bbox 928 847 1091 883; x_wconf 86' lang='lat' dir='ltr'>traditur</span> <span class='ocrx_word' id='word_1_98' title='bbox 1128 854 1167 883; x_wconf 92' lang='lat' dir='ltr'>et</span> 
     </span>
     <span class='ocr_line' id='line_1_12' title="bbox 48 910 1167 961; baseline 0.002 -16"><span class='ocrx_word' id='word_1_99' title='bbox 48 910 129 961; x_wconf 90' lang='lat' dir='ltr'>ipse</span> <span class='ocrx_word' id='word_1_100' title='bbox 149 916 187 946; x_wconf 88' lang='lat' dir='ltr'>et</span> <span class='ocrx_word' id='word_1_101' title='bbox 206 911 364 946; x_wconf 86' lang='lat' dir='ltr'>comites</span> <span class='ocrx_word' id='word_1_102' title='bbox 380 924 388 945; x_wconf 94' lang='lat'>:</span> <span class='ocrx_word' id='word_1_103' title='bbox 421 916 459 945; x_wconf 85' lang='lat' dir='ltr'>et</span> <span class='ocrx_word' id='word_1_104' title='bbox 475 912 558 946; x_wconf 86' lang='lat' dir='ltr'>auri</span> <span class='ocrx_word' id='word_1_105' title='bbox 573 912 664 947; x_wconf 88' lang='lat' dir='ltr'>satis</span> <span class='ocrx_word' id='word_1_106' title='bbox 681 924 864 960; x_wconf 85' lang='lat' dir='ltr'>magnum</span> <span class='ocrx_word' id='word_1_107' title='bbox 884 912 1044 961; x_wconf 89' lang='lat' dir='ltr'>pondus,</span> <span class='ocrx_word' id='word_1_108' title='bbox 1062 911 1167 959; x_wconf 89' lang='lat' dir='ltr'>quod</span> 
     </span>
     <span class='ocr_line' id='line_1_13' title="bbox 49 974 1166 1025; baseline -0.002 -13.074"><span class='ocrx_word' id='word_1_109' title='bbox 49 987 177 1011; x_wconf 90' lang='lat' dir='ltr'>secum</span> <span class='ocrx_word' id='word_1_110' title='bbox 206 981 288 1010; x_wconf 91' lang='lat' dir='ltr'>tum</span> <span class='ocrx_word' id='word_1_111' title='bbox 322 974 523 1018; x_wconf 83' lang='lat' dir='ltr'>adtulerat,</span> <span class='ocrx_word' id='word_1_112' title='bbox 555 976 588 1010; x_wconf 90' lang='lat' dir='ltr'>ei</span> <span class='ocrx_word' id='word_1_113' title='bbox 619 977 758 1012; x_wconf 82' lang='lat' dir='ltr'>servari</span> <span class='ocrx_word' id='word_1_114' title='bbox 788 974 952 1025; x_wconf 85' lang='lat' dir='ltr'>jussum.</span> <span class='ocrx_word' id='word_1_115' title='bbox 1009 974 1166 1011; x_wconf 83' lang='lat' dir='ltr'>Calibus</span> 
     </span>
     <span class='ocr_line' id='line_1_14' title="bbox 47 1037 1166 1088; baseline -0.001 -14"><span class='ocrx_word' id='word_1_116' title='bbox 47 1051 133 1074; x_wconf 90' lang='lat' dir='ltr'>eum</span> <span class='ocrx_word' id='word_1_117' title='bbox 152 1039 316 1074; x_wconf 83' lang='lat' dir='ltr'>interdiu</span> <span class='ocrx_word' id='word_1_118' title='bbox 343 1037 510 1074; x_wconf 91' lang='lat' dir='ltr'>solutum</span> <span class='ocrx_word' id='word_1_119' title='bbox 537 1039 712 1075; x_wconf 89' lang='lat' dir='ltr'><strong>custodes</strong></span> <span class='ocrx_word' id='word_1_120' title='bbox 742 1039 1020 1088; x_wconf 81' lang='lat' dir='ltr'>sequebantur:</span> <span class='ocrx_word' id='word_1_121' title='bbox 1051 1045 1166 1074; x_wconf 89' lang='lat' dir='ltr'>nocte</span> 
     </span>
     <span class='ocr_line' id='line_1_15' title="bbox 48 1101 1166 1153; baseline -0.002 -14"><span class='ocrx_word' id='word_1_122' title='bbox 48 1102 217 1139; x_wconf 87' lang='lat' dir='ltr'>clausum</span> <span class='ocrx_word' id='word_1_123' title='bbox 243 1102 505 1138; x_wconf 87' lang='lat' dir='ltr'>adservabant.</span> <span class='ocrx_word' id='word_1_124' title='bbox 562 1103 676 1153; x_wconf 81' lang='lat' dir='ltr'>Arpis</span> <span class='ocrx_word' id='word_1_125' title='bbox 705 1104 807 1139; x_wconf 90' lang='lat' dir='ltr'>domi</span> <span class='ocrx_word' id='word_1_126' title='bbox 837 1104 1000 1152; x_wconf 87' lang='lat' dir='ltr'>primum</span> <span class='ocrx_word' id='word_1_127' title='bbox 1020 1101 1166 1138; x_wconf 89' lang='lat' dir='ltr'>deside-</span> 
     </span>
    </p>
   </div>
   <div class='ocr_carea' id='block_1_3' title="bbox 0 1167 1165 1237">
    <p class='ocr_par' dir='ltr' id='par_1_3' title="bbox 0 1167 1165 1237">
     <span class='ocr_line' id='line_1_16' title="bbox 0 1167 1165 1237; baseline -0.002 -35"><span class='ocrx_word' id='word_1_128' title='bbox 0 1175 3 1237; x_wconf 51' lang='grc' dir='ltr'>Ξ</span> <span class='ocrx_word' id='word_1_129' title='bbox 45 1167 121 1202; x_wconf 89' lang='lat' dir='ltr'>rari</span> <span class='ocrx_word' id='word_1_130' title='bbox 140 1167 330 1215; x_wconf 86' lang='lat' dir='ltr'>quaerique</span> <span class='ocrx_word' id='word_1_131' title='bbox 350 1173 408 1201; x_wconf 92' lang='lat' dir='ltr'>est</span> <span class='ocrx_word' id='word_1_132' title='bbox 427 1173 574 1216; x_wconf 83' lang='lat' dir='ltr'>coeptus</span> <span class='ocrx_word' id='word_1_133' title='bbox 591 1182 598 1203; x_wconf 88' lang='lat'><strong>:</strong></span> <span class='ocrx_word' id='word_1_134' title='bbox 632 1168 720 1203; x_wconf 88' lang='lat' dir='ltr'>dein</span> <span class='ocrx_word' id='word_1_135' title='bbox 738 1167 854 1210; x_wconf 87' lang='lat' dir='ltr'>fama,</span> <span class='ocrx_word' id='word_1_136' title='bbox 875 1179 940 1216; x_wconf 91' lang='lat' dir='ltr'>per</span> <span class='ocrx_word' id='word_1_137' title='bbox 960 1172 1080 1201; x_wconf 87' lang='lat' dir='ltr'>totam</span> <span class='ocrx_word' id='word_1_138' title='bbox 1102 1178 1165 1201; x_wconf 89' lang='lat' dir='ltr'>ur-</span> 
     </span>
    </p>
   </div>
   <div class='ocr_carea' id='block_1_4' title="bbox 0 0 29 1136">
    <p class='ocr_par' dir='ltr' id='par_1_4' title="bbox 0 0 29 1136">
     <span class='ocr_line' id='line_1_17' title="bbox 0 0 29 1136; baseline 0 0"><span class='ocrx_word' id='word_1_139' title='bbox 0 0 29 1136; x_wconf 95' lang='lat' dir='ltr'> </span> 
     </span>
    </p>
   </div>
   <div class='ocr_carea' id='block_1_5' title="bbox 0 1229 1366 2365">
    <p class='ocr_par' dir='ltr' id='par_1_5' title="bbox 46 1229 1160 1280">
     <span class='ocr_line' id='line_1_18' title="bbox 46 1229 1160 1280; baseline -0.001 -14"><span class='ocrx_word' id='word_1_140' title='bbox 46 1229 134 1266; x_wconf 90' lang='lat' dir='ltr'>bem</span> <span class='ocrx_word' id='word_1_141' title='bbox 155 1230 325 1278; x_wconf 85' lang='lat' dir='ltr'>vulgata,</span> <span class='ocrx_word' id='word_1_142' title='bbox 353 1230 573 1273; x_wconf 87' lang='lat' dir='ltr'>tumultum,</span> <span class='ocrx_word' id='word_1_143' title='bbox 601 1237 643 1267; x_wconf 89' lang='lat' dir='ltr'>ut</span> <span class='ocrx_word' id='word_1_144' title='bbox 669 1232 841 1280; x_wconf 85' lang='lat' dir='ltr'>principe</span> <span class='ocrx_word' id='word_1_145' title='bbox 871 1231 1024 1272; x_wconf 84' lang='lat' dir='ltr'>amisso,</span> <span class='ocrx_word' id='word_1_146' title='bbox 1045 1229 1160 1266; x_wconf 86' lang='lat' dir='ltr'>fecit:</span> 
     </span>
    </p>

    <p class='ocr_par' dir='ltr' id='par_1_6' title="bbox 0 1293 1164 1349">
     <span class='ocr_line' id='line_1_19' title="bbox 0 1293 1164 1349; baseline -0.001 -20"><span class='ocrx_word' id='word_1_147' title='bbox 0 1343 1 1349; x_wconf 19' lang='grc'>1</span> <span class='ocrx_word' id='word_1_148' title='bbox 45 1300 224 1342; x_wconf 89' lang='lat' dir='ltr'>metuque</span> <span class='ocrx_word' id='word_1_149' title='bbox 243 1306 368 1329; x_wconf 86' lang='lat' dir='ltr'>rerum</span> <span class='ocrx_word' id='word_1_150' title='bbox 388 1307 572 1330; x_wconf 83' lang='lat' dir='ltr'>novarum</span> <span class='ocrx_word' id='word_1_151' title='bbox 590 1294 782 1344; x_wconf 87' lang='lat' dir='ltr'>extemplo</span> <span class='ocrx_word' id='word_1_152' title='bbox 802 1295 931 1329; x_wconf 87' lang='lat' dir='ltr'>nuncii</span> <span class='ocrx_word' id='word_1_153' title='bbox 947 1293 994 1329; x_wconf 90' lang='lat' dir='ltr'>ad</span> <span class='ocrx_word' id='word_1_154' title='bbox 1010 1293 1164 1329; x_wconf 87' lang='lat' dir='ltr'>Hanni-</span> 
     </span>
    </p>

    <p class='ocr_par' dir='ltr' id='par_1_7' title="bbox 0 1356 1164 1975">
     <span class='ocr_line' id='line_1_20' title="bbox 0 1356 1162 1407; baseline -0.001 -14"><span class='ocrx_word' id='word_1_155' title='bbox 0 1369 1 1372; x_wconf 52' lang='lat'><em>*</em></span> <span class='ocrx_word' id='word_1_156' title='bbox 42 1356 167 1394; x_wconf 85' lang='lat' dir='ltr'>balem</span> <span class='ocrx_word' id='word_1_157' title='bbox 188 1358 305 1394; x_wconf 86' lang='lat' dir='ltr'>missi.</span> <span class='ocrx_word' id='word_1_158' title='bbox 362 1357 511 1397; x_wconf 86' lang='lat' dir='ltr'>Quibus</span> <span class='ocrx_word' id='word_1_159' title='bbox 538 1371 776 1407; x_wconf 89' lang='lat' dir='ltr'>nequaquam</span> <span class='ocrx_word' id='word_1_160' title='bbox 804 1358 984 1394; x_wconf 89' lang='lat' dir='ltr'>obfensus</span> <span class='ocrx_word' id='word_1_161' title='bbox 1004 1357 1162 1399; x_wconf 87' lang='lat' dir='ltr'>Poenus,</span> 
     </span>
     <span class='ocr_line' id='line_1_21' title="bbox 45 1421 1164 1471; baseline 0 -15"><span class='ocrx_word' id='word_1_162' title='bbox 45 1421 133 1469; x_wconf 85' lang='lat' dir='ltr'>quia</span> <span class='ocrx_word' id='word_1_163' title='bbox 161 1427 200 1456; x_wconf 89' lang='lat' dir='ltr'>et</span> <span class='ocrx_word' id='word_1_164' title='bbox 224 1421 362 1471; x_wconf 88' lang='lat' dir='ltr'>ipsum,</span> <span class='ocrx_word' id='word_1_165' title='bbox 395 1428 436 1457; x_wconf 92' lang='lat' dir='ltr'>ut</span> <span class='ocrx_word' id='word_1_166' title='bbox 461 1421 649 1470; x_wconf 86' lang='lat' dir='ltr'>ambiguae</span> <span class='ocrx_word' id='word_1_167' title='bbox 668 1421 755 1457; x_wconf 90' lang='lat' dir='ltr'>fidei</span> <span class='ocrx_word' id='word_1_168' title='bbox 784 1422 919 1464; x_wconf 86' lang='lat' dir='ltr'>virum,</span> <span class='ocrx_word' id='word_1_169' title='bbox 946 1427 1164 1470; x_wconf 91' lang='lat' dir='ltr'>suspectum</span> 
     </span>
     <span class='ocr_line' id='line_1_22' title="bbox 34 1484 1161 1536; baseline -0.002 -15"><span class='ocrx_word' id='word_1_170' title='bbox 34 1484 118 1536; x_wconf 88' lang='lat' dir='ltr'>jam</span> <span class='ocrx_word' id='word_1_171' title='bbox 138 1485 282 1535; x_wconf 88' lang='lat' dir='ltr'>pridem</span> <span class='ocrx_word' id='word_1_172' title='bbox 302 1485 483 1529; x_wconf 88' lang='lat' dir='ltr'>habebat,</span> <span class='ocrx_word' id='word_1_173' title='bbox 504 1492 542 1521; x_wconf 91' lang='lat' dir='ltr'>et</span> <span class='ocrx_word' id='word_1_174' title='bbox 561 1498 733 1521; x_wconf 83' lang='lat' dir='ltr'>caussam</span> <span class='ocrx_word' id='word_1_175' title='bbox 753 1491 885 1521; x_wconf 87' lang='lat' dir='ltr'>nactus</span> <span class='ocrx_word' id='word_1_176' title='bbox 907 1490 987 1520; x_wconf 87' lang='lat' dir='ltr'>erat</span> <span class='ocrx_word' id='word_1_177' title='bbox 1006 1490 1085 1520; x_wconf 87' lang='lat' dir='ltr'>tarn</span> <span class='ocrx_word' id='word_1_178' title='bbox 1104 1484 1161 1519; x_wconf 89' lang='lat' dir='ltr'>di-</span> 
     </span>
     <span class='ocr_line' id='line_1_23' title="bbox 42 1549 1162 1600; baseline -0.002 -15"><span class='ocrx_word' id='word_1_179' title='bbox 42 1549 92 1585; x_wconf 89' lang='lat' dir='ltr'>tis</span> <span class='ocrx_word' id='word_1_180' title='bbox 111 1549 276 1585; x_wconf 91' lang='lat' dir='ltr'>hominis</span> <span class='ocrx_word' id='word_1_181' title='bbox 299 1549 403 1586; x_wconf 83' lang='lat' dir='ltr'>bona</span> <span class='ocrx_word' id='word_1_182' title='bbox 428 1550 647 1600; x_wconf 87' lang='lat' dir='ltr'>possidendi</span> <span class='ocrx_word' id='word_1_183' title='bbox 675 1549 960 1597; x_wconf 78' lang='lat' dir='ltr'>vendendique3</span> <span class='ocrx_word' id='word_1_184' title='bbox 994 1554 1162 1583; x_wconf 86' lang='lat' dir='ltr'>ceterum</span> 
     </span>
     <span class='ocr_line' id='line_1_24' title="bbox 44 1612 1160 1663; baseline -0.002 -15"><span class='ocrx_word' id='word_1_185' title='bbox 44 1619 87 1649; x_wconf 93' lang='lat' dir='ltr'>ut</span> <span class='ocrx_word' id='word_1_186' title='bbox 105 1613 169 1649; x_wconf 89' lang='lat' dir='ltr'>irae</span> <span class='ocrx_word' id='word_1_187' title='bbox 189 1615 324 1663; x_wconf 84' lang='lat' dir='ltr'>magiS,</span> <span class='ocrx_word' id='word_1_188' title='bbox 342 1627 455 1663; x_wconf 90' lang='lat' dir='ltr'>quam</span> <span class='ocrx_word' id='word_1_189' title='bbox 470 1615 656 1656; x_wconf 64' lang='lat' dir='ltr'>avaritiae,</span> <span class='ocrx_word' id='word_1_190' title='bbox 673 1614 804 1650; x_wconf 86' lang='lat' dir='ltr'>datum</span> <span class='ocrx_word' id='word_1_191' title='bbox 825 1612 1020 1648; x_wconf 87' lang='lat' dir='ltr'>crederent</span> <span class='ocrx_word' id='word_1_192' title='bbox 1035 1612 1160 1647; x_wconf 86' lang='lat' dir='ltr'>homi-</span> 
     </span>
     <span class='ocr_line' id='line_1_25' title="bbox 44 1674 1160 1727; baseline -0.004 -13"><span class='ocrx_word' id='word_1_193' title='bbox 44 1690 126 1720; x_wconf 85' lang='lat' dir='ltr'>neS,</span> <span class='ocrx_word' id='word_1_194' title='bbox 156 1677 370 1714; x_wconf 81' lang='lat' dir='ltr'>crudelitati</span> <span class='ocrx_word' id='word_1_195' title='bbox 397 1690 549 1727; x_wconf 86' lang='lat' dir='ltr'>quoque</span> <span class='ocrx_word' id='word_1_196' title='bbox 571 1679 796 1726; x_wconf 82' lang='lat' dir='ltr'>gravitatem</span> <span class='ocrx_word' id='word_1_197' title='bbox 827 1676 993 1712; x_wconf 86' lang='lat' dir='ltr'>addidit:</span> <span class='ocrx_word' id='word_1_198' title='bbox 1025 1674 1160 1724; x_wconf 90' lang='lat' dir='ltr'>conju-</span> 
     </span>
     <span class='ocr_line' id='line_1_26' title="bbox 44 1739 1160 1791; baseline -0.004 -14"><span class='ocrx_word' id='word_1_199' title='bbox 44 1753 205 1790; x_wconf 90' lang='lat' dir='ltr'>gemque</span> <span class='ocrx_word' id='word_1_200' title='bbox 225 1740 304 1791; x_wconf 89' lang='lat' dir='ltr'>ejus</span> <span class='ocrx_word' id='word_1_201' title='bbox 325 1754 370 1778; x_wconf 89' lang='lat' dir='ltr'>ac</span> <span class='ocrx_word' id='word_1_202' title='bbox 395 1741 534 1778; x_wconf 89' lang='lat' dir='ltr'>liberos</span> <span class='ocrx_word' id='word_1_203' title='bbox 558 1742 597 1777; x_wconf 91' lang='lat' dir='ltr'>in</span> <span class='ocrx_word' id='word_1_204' title='bbox 618 1748 742 1777; x_wconf 87' lang='lat' dir='ltr'>castra</span> <span class='ocrx_word' id='word_1_205' title='bbox 769 1741 928 1782; x_wconf 81' lang='lat' dir='ltr'>adcitos,</span> <span class='ocrx_word' id='word_1_206' title='bbox 950 1739 1160 1787; x_wconf 62' lang='lat' dir='ltr'>quaestione</span> 
     </span>
     <span class='ocr_line' id='line_1_27' title="bbox 43 1804 1159 1856; baseline -0.002 -16"><span class='ocrx_word' id='word_1_207' title='bbox 43 1806 146 1856; x_wconf 88' lang='lat' dir='ltr'>prius</span> <span class='ocrx_word' id='word_1_208' title='bbox 172 1805 318 1849; x_wconf 84' lang='lat' dir='ltr'>habita,</span> <span class='ocrx_word' id='word_1_209' title='bbox 340 1807 502 1855; x_wconf 88' lang='lat' dir='ltr'>primum</span> <span class='ocrx_word' id='word_1_210' title='bbox 522 1806 567 1841; x_wconf 82' lang='lat' dir='ltr'>de</span> <span class='ocrx_word' id='word_1_211' title='bbox 587 1805 678 1854; x_wconf 85' lang='lat' dir='ltr'>fuga</span> <span class='ocrx_word' id='word_1_212' title='bbox 696 1805 847 1847; x_wconf 87' lang='lat' dir='ltr'>Altinii‚</span> <span class='ocrx_word' id='word_1_213' title='bbox 869 1804 954 1839; x_wconf 87' lang='lat' dir='ltr'>dein</span> <span class='ocrx_word' id='word_1_214' title='bbox 975 1811 1159 1852; x_wconf 86' lang='lat' dir='ltr'>quantum</span> 
     </span>
     <span class='ocr_line' id='line_1_28' title="bbox 44 1867 1156 1919; baseline -0.002 -15"><span class='ocrx_word' id='word_1_215' title='bbox 44 1870 125 1905; x_wconf 83' lang='lat' dir='ltr'>auri</span> <span class='ocrx_word' id='word_1_216' title='bbox 155 1871 378 1919; x_wconf 83' lang='lat' dir='ltr'>argentique</span> <span class='ocrx_word' id='word_1_217' title='bbox 398 1870 501 1906; x_wconf 87' lang='lat' dir='ltr'>(lomi</span> <span class='ocrx_word' id='word_1_218' title='bbox 533 1870 706 1906; x_wconf 86' lang='lat' dir='ltr'>relictum</span> <span class='ocrx_word' id='word_1_219' title='bbox 735 1876 846 1911; x_wconf 87' lang='lat' dir='ltr'>esset,</span> <span class='ocrx_word' id='word_1_220' title='bbox 871 1868 961 1904; x_wconf 81' lang='lat' dir='ltr'>satis</span> <span class='ocrx_word' id='word_1_221' title='bbox 993 1867 1156 1915; x_wconf 83' lang='lat' dir='ltr'>cognitis</span> 
     </span>
     <span class='ocr_line' id='line_1_29' title="bbox 44 1932 601 1975; baseline 0.004 -7"><span class='ocrx_word' id='word_1_222' title='bbox 44 1932 234 1975; x_wconf 90' lang='lat' dir='ltr'>omnibus,</span> <span class='ocrx_word' id='word_1_223' title='bbox 255 1934 359 1969; x_wconf 85' lang='lat' dir='ltr'>vivos</span> <span class='ocrx_word' id='word_1_224' title='bbox 381 1934 601 1970; x_wconf 86' lang='lat' dir='ltr'>combussit.</span> 
     </span>
    </p>

    <p class='ocr_par' dir='ltr' id='par_1_8' title="bbox 42 1994 1366 2365">
     <span class='ocr_line' id='line_1_30' title="bbox 88 1994 1366 2048; baseline -0.002 -16"><span class='ocrx_word' id='word_1_225' title='bbox 88 1996 242 2033; x_wconf 84' lang='lat' dir='ltr'><strong>XLVI.</strong></span> <span class='ocrx_word' id='word_1_226' title='bbox 272 1996 427 2039; x_wconf 81' lang='lat' dir='ltr'>Fabius,</span> <span class='ocrx_word' id='word_1_227' title='bbox 448 1997 494 2033; x_wconf 85' lang='lat' dir='ltr'>ab</span> <span class='ocrx_word' id='word_1_228' title='bbox 517 1996 694 2033; x_wconf 89' lang='lat' dir='ltr'>Suessula</span> <span class='ocrx_word' id='word_1_229' title='bbox 712 1995 919 2046; x_wconf 87' lang='lat' dir='ltr'>profectus,</span> <span class='ocrx_word' id='word_1_230' title='bbox 935 1995 1060 2044; x_wconf 90' lang='lat' dir='ltr'>Arpos</span> <span class='ocrx_word' id='word_1_231' title='bbox 1081 1994 1158 2043; x_wconf 91' lang='lat' dir='ltr'>pri·</span> <span class='ocrx_word' id='word_1_232' title='bbox 1173 2000 1272 2048; x_wconf 63' lang='lat' dir='ltr'>Arpos</span> <span class='ocrx_word' id='word_1_233' title='bbox 1290 2001 1366 2048; x_wconf 63' lang='lat' dir='ltr'>rcci-</span> 
     </span>
     <span class='ocr_line' id='line_1_31' title="bbox 45 2044 1348 2110; baseline -0.005 -13"><span class='ocrx_word' id='word_1_234' title='bbox 45 2072 147 2097; x_wconf 91' lang='lat' dir='ltr'>mum</span> <span class='ocrx_word' id='word_1_235' title='bbox 168 2061 307 2096; x_wconf 85' lang='lat' dir='ltr'>institit</span> <span class='ocrx_word' id='word_1_236' title='bbox 326 2060 546 2110; x_wconf 85' lang='lat' dir='ltr'>obpugnare</span> <span class='ocrx_word' id='word_1_237' title='bbox 562 2075 569 2096; x_wconf 91' lang='lat'>:</span> <span class='ocrx_word' id='word_1_238' title='bbox 603 2060 667 2096; x_wconf 92' lang='lat' dir='ltr'>ubi</span> <span class='ocrx_word' id='word_1_239' title='bbox 680 2072 794 2108; x_wconf 89' lang='lat' dir='ltr'>quum</span> <span class='ocrx_word' id='word_1_240' title='bbox 810 2072 831 2094; x_wconf 90' lang='lat' dir='ltr'>a</span> <span class='ocrx_word' id='word_1_241' title='bbox 847 2058 1063 2107; x_wconf 81' lang='lat' dir='ltr'>quingentis</span> <span class='ocrx_word' id='word_1_242' title='bbox 1080 2057 1158 2092; x_wconf 84' lang='lat' dir='ltr'>fere</span> <span class='ocrx_word' id='word_1_243' title='bbox 1172 2050 1216 2082; x_wconf 57' lang='lat' dir='ltr'>pst</span> <span class='ocrx_word' id='word_1_244' title='bbox 1236 2044 1348 2074; x_wconf 62' lang='lat' dir='ltr'>Fabius</span> 
     </span>
     <span class='ocr_line' id='line_1_32' title="bbox 43 2122 1159 2174; baseline -0.004 -14"><span class='ocrx_word' id='word_1_245' title='bbox 43 2124 214 2174; x_wconf 86' lang='lat' dir='ltr'>passibus</span> <span class='ocrx_word' id='word_1_246' title='bbox 231 2131 354 2160; x_wconf 84' lang='lat' dir='ltr'>castra</span> <span class='ocrx_word' id='word_1_247' title='bbox 369 2126 571 2174; x_wconf 85' lang='lat' dir='ltr'>posuisset,</span> <span class='ocrx_word' id='word_1_248' title='bbox 586 2122 864 2173; x_wconf 87' lang='lat' dir='ltr'>contemplatus</span> <span class='ocrx_word' id='word_1_249' title='bbox 882 2135 925 2157; x_wconf 82' lang='lat' dir='ltr'>ex</span> <span class='ocrx_word' id='word_1_250' title='bbox 944 2122 1159 2171; x_wconf 85' lang='lat' dir='ltr'>propinquo</span> 
     </span>
     <span class='ocr_line' id='line_1_33' title="bbox 44 2184 1159 2237; baseline -0.004 -14"><span class='ocrx_word' id='word_1_251' title='bbox 44 2188 159 2223; x_wconf 80' lang='lat' dir='ltr'>situm</span> <span class='ocrx_word' id='word_1_252' title='bbox 181 2188 283 2224; x_wconf 82' lang='lat' dir='ltr'>urbis</span> <span class='ocrx_word' id='word_1_253' title='bbox 304 2189 535 2236; x_wconf 81' lang='lat' dir='ltr'>moeniaque,</span> <span class='ocrx_word' id='word_1_254' title='bbox 557 2201 639 2236; x_wconf 88' lang='lat' dir='ltr'>quae</span> <span class='ocrx_word' id='word_1_255' title='bbox 658 2199 744 2237; x_wconf 87' lang='lat' dir='ltr'>pars</span> <span class='ocrx_word' id='word_1_256' title='bbox 764 2186 955 2222; x_wconf 86' lang='lat' dir='ltr'>tutissima</span> <span class='ocrx_word' id='word_1_257' title='bbox 970 2184 1159 2220; x_wconf 83' lang='lat' dir='ltr'>moeuibus</span> 
     </span>
     <span class='ocr_line' id='line_1_34' title="bbox 42 2248 1157 2300; baseline -0.004 -14"><span class='ocrx_word' id='word_1_258' title='bbox 42 2258 136 2293; x_wconf 83' lang='lat' dir='ltr'>erat,</span> <span class='ocrx_word' id='word_1_259' title='bbox 162 2264 235 2300; x_wconf 81' lang='lat' dir='ltr'>qua</span> <span class='ocrx_word' id='word_1_260' title='bbox 255 2253 416 2288; x_wconf 85' lang='lat' dir='ltr'>maxime</span> <span class='ocrx_word' id='word_1_261' title='bbox 436 2252 648 2299; x_wconf 87' lang='lat' dir='ltr'>neglectam</span> <span class='ocrx_word' id='word_1_262' title='bbox 669 2250 881 2286; x_wconf 80' lang='lat' dir='ltr'>custodiam</span> <span class='ocrx_word' id='word_1_263' title='bbox 899 2248 1005 2290; x_wconf 85' lang='lat' dir='ltr'>vidit,</span> <span class='ocrx_word' id='word_1_264' title='bbox 1027 2260 1071 2283; x_wconf 82' lang='lat' dir='ltr'>ea</span> <span class='ocrx_word' id='word_1_265' title='bbox 1089 2260 1157 2297; x_wconf 88' lang='lat' dir='ltr'>po-</span> 
     </span>
     <span class='ocr_line' id='line_1_35' title="bbox 43 2313 1157 2365; baseline -0.003 -16"><span class='ocrx_word' id='word_1_266' title='bbox 43 2316 236 2352; x_wconf 78' lang='lat' dir='ltr'>tissimum&#39;</span> <span class='ocrx_word' id='word_1_267' title='bbox 247 2316 401 2365; x_wconf 78' lang='lat' dir='ltr'>adgredi</span> <span class='ocrx_word' id='word_1_268' title='bbox 418 2317 563 2353; x_wconf 83' lang='lat' dir='ltr'>statuit.</span> <span class='ocrx_word' id='word_1_269' title='bbox 612 2315 850 2365; x_wconf 83' lang='lat' dir='ltr'>Comparatis</span> <span class='ocrx_word' id='word_1_270' title='bbox 868 2313 1059 2353; x_wconf 80' lang='lat' dir='ltr'>omuibus,</span> <span class='ocrx_word' id='word_1_271' title='bbox 1075 2324 1157 2361; x_wconf 72' lang='lat' dir='ltr'>qua.-</span> 
     </span>
    </p>
   </div>
  </div>
 </body>
</html>
