<?xml version="1.0" encoding="UTF-8"?>
<!DOCTYPE html PUBLIC "-//W3C//DTD XHTML 1.0 Transitional//EN"
    "http://www.w3.org/TR/xhtml1/DTD/xhtml1-transitional.dtd">
<html xmlns="http://www.w3.org/1999/xhtml" xml:lang="en" lang="en">
 <head>
  <title>
</title>
<meta http-equiv="Content-Type" content="text/html;charset=utf-8" />
  <meta name='ocr-system' content='tesseract 3.04.00' />
  <meta name='ocr-capabilities' content='ocr_page ocr_carea ocr_par ocr_line ocrx_word'/>
</head>
<body>
  <div class='ocr_page' id='page_1' title='image "./historiarumquaes02livyuoft/historiarumquaes02livyuoft_0081.png"; bbox 0 0 1527 2661; ppageno 0'>
   <div class='ocr_carea' id='block_1_1' title="bbox 301 211 1127 254">
    <p class='ocr_par' dir='ltr' id='par_1_1' title="bbox 301 211 1127 254">
     <span class='ocr_line' id='line_1_1' title="bbox 301 211 1127 254; baseline 0 -13"><span class='ocrx_word' id='word_1_1' title='bbox 301 213 455 241; x_wconf 81' lang='lat' dir='ltr'>LIBER</span> <span class='ocrx_word' id='word_1_2' title='bbox 483 211 556 240; x_wconf 89' lang='lat' dir='ltr'>IX.</span> <span class='ocrx_word' id='word_1_3' title='bbox 590 212 699 240; x_wconf 79' lang='lat' dir='ltr'>CAP.</span> <span class='ocrx_word' id='word_1_4' title='bbox 723 212 840 241; x_wconf 82' lang='lat' dir='ltr'><strong>XLV.</strong></span> <span class='ocrx_word' id='word_1_5' title='bbox 1078 211 1127 254; x_wconf 81' lang='lat'>71</span> 
     </span>
    </p>
   </div>
   <div class='ocr_carea' id='block_1_2' title="bbox 10 300 1326 351">
    <p class='ocr_par' dir='ltr' id='par_1_2' title="bbox 10 300 1326 351">
     <span class='ocr_line' id='line_1_2' title="bbox 10 300 1326 351; baseline -0.001 -13"><span class='ocrx_word' id='word_1_6' title='bbox 10 300 97 337; x_wconf 80' lang='lat' dir='ltr'>inde</span> <span class='ocrx_word' id='word_1_7' title='bbox 128 308 270 338; x_wconf 84' lang='lat' dir='ltr'>veteres</span> <span class='ocrx_word' id='word_1_8' title='bbox 296 303 441 345; x_wconf 84' lang='lat' dir='ltr'>hostes,</span> <span class='ocrx_word' id='word_1_9' title='bbox 464 309 631 338; x_wconf 82' lang='lat' dir='ltr'>ceterum</span> <span class='ocrx_word' id='word_1_10' title='bbox 657 314 724 351; x_wconf 88' lang='lat' dir='ltr'>per</span> <span class='ocrx_word' id='word_1_11' title='bbox 751 301 890 337; x_wconf 89' lang='lat' dir='ltr'>multos</span> <span class='ocrx_word' id='word_1_12' title='bbox 912 314 1031 338; x_wconf 86' lang='lat' dir='ltr'>annos</span> <span class='ocrx_word' id='word_1_13' title='bbox 1063 303 1131 339; x_wconf 90' lang='lat' dir='ltr'>sub</span> <span class='ocrx_word' id='word_1_14' title='bbox 1146 305 1234 335; x_wconf 91' lang='lat' dir='ltr'>U.C.</span> <span class='ocrx_word' id='word_1_15' title='bbox 1252 311 1326 338; x_wconf 77' lang='lat'><strong>449-</strong></span> 
     </span>
    </p>
   </div>
   <div class='ocr_carea' id='block_1_3' title="bbox 9 364 1138 1055">
    <p class='ocr_par' dir='ltr' id='par_1_3' title="bbox 9 364 1138 1055">
     <span class='ocr_line' id='line_1_3' title="bbox 14 364 1130 416; baseline 0.003 -16"><span class='ocrx_word' id='word_1_16' title='bbox 14 366 138 414; x_wconf 85' lang='lat' dir='ltr'>specie</span> <span class='ocrx_word' id='word_1_17' title='bbox 171 364 295 402; x_wconf 82' lang='lat' dir='ltr'>infidae</span> <span class='ocrx_word' id='word_1_18' title='bbox 327 367 430 416; x_wconf 86' lang='lat' dir='ltr'>pacis</span> <span class='ocrx_word' id='word_1_19' title='bbox 459 366 623 414; x_wconf 87' lang='lat' dir='ltr'>quietos,</span> <span class='ocrx_word' id='word_1_20' title='bbox 658 377 764 400; x_wconf 87' lang='lat' dir='ltr'>versa</span> <span class='ocrx_word' id='word_1_21' title='bbox 794 377 898 401; x_wconf 87' lang='lat' dir='ltr'>arma</span> <span class='ocrx_word' id='word_1_22' title='bbox 929 364 1130 403; x_wconf 86' lang='lat' dir='ltr'>Romana:</span> 
     </span>
     <span class='ocr_line' id='line_1_4' title="bbox 12 428 1135 476; baseline 0.003 -14"><span class='ocrx_word' id='word_1_23' title='bbox 12 428 128 476; x_wconf 90' lang='lat' dir='ltr'>quod,</span> <span class='ocrx_word' id='word_1_24' title='bbox 150 428 331 465; x_wconf 86' lang='lat' dir='ltr'>incolumi</span> <span class='ocrx_word' id='word_1_25' title='bbox 352 428 524 464; x_wconf 86' lang='lat' dir='ltr'>Hernico</span> <span class='ocrx_word' id='word_1_26' title='bbox 541 429 710 471; x_wconf 84' lang='lat' dir='ltr'>nomine,</span> <span class='ocrx_word' id='word_1_27' title='bbox 727 428 1006 464; x_wconf 85' lang='lat' dir='ltr'>missitaverant</span> <span class='ocrx_word' id='word_1_28' title='bbox 1024 429 1135 465; x_wconf 90' lang='lat' dir='ltr'>simul</span> 
     </span>
     <span class='ocr_line' id='line_1_5' title="bbox 12 491 1135 542; baseline 0.002 -14"><span class='ocrx_word' id='word_1_29' title='bbox 12 504 97 528; x_wconf 90' lang='lat' dir='ltr'>cum</span> <span class='ocrx_word' id='word_1_30' title='bbox 117 493 162 528; x_wconf 89' lang='lat' dir='ltr'>iis</span> <span class='ocrx_word' id='word_1_31' title='bbox 183 493 345 529; x_wconf 86' lang='lat' dir='ltr'>Samniti</span> <span class='ocrx_word' id='word_1_32' title='bbox 365 492 527 537; x_wconf 77' lang='lat' dir='ltr'>auxilia3</span> <span class='ocrx_word' id='word_1_33' title='bbox 552 499 603 536; x_wconf 90' lang='lat' dir='ltr'>et,</span> <span class='ocrx_word' id='word_1_34' title='bbox 624 498 712 542; x_wconf 84' lang='lat' dir='ltr'>post</span> <span class='ocrx_word' id='word_1_35' title='bbox 731 491 923 528; x_wconf 88' lang='lat' dir='ltr'>Hernicos</span> <span class='ocrx_word' id='word_1_36' title='bbox 940 492 1135 538; x_wconf 79' lang='lat' dir='ltr'>subactos,</span> 
     </span>
     <span class='ocr_line' id='line_1_6' title="bbox 10 556 1137 606; baseline 0.004 -16"><span class='ocrx_word' id='word_1_37' title='bbox 10 556 186 592; x_wconf 86' lang='lat' dir='ltr'>universa</span> <span class='ocrx_word' id='word_1_38' title='bbox 201 569 319 606; x_wconf 86' lang='lat' dir='ltr'><strong>prope</strong></span> <span class='ocrx_word' id='word_1_39' title='bbox 335 569 444 605; x_wconf 86' lang='lat' dir='ltr'>gens,</span> <span class='ocrx_word' id='word_1_40' title='bbox 461 557 542 592; x_wconf 90' lang='lat' dir='ltr'>sine</span> <span class='ocrx_word' id='word_1_41' title='bbox 558 556 862 592; x_wconf 81' lang='lat' dir='ltr'>dissimulatione</span> <span class='ocrx_word' id='word_1_42' title='bbox 875 556 1023 592; x_wconf 91' lang='lat' dir='ltr'>consilii</span> <span class='ocrx_word' id='word_1_43' title='bbox 1040 558 1137 606; x_wconf 89' lang='lat' dir='ltr'>pub-</span> 
     </span>
     <span class='ocr_line' id='line_1_7' title="bbox 9 607 1136 669; baseline 0.004 -15"><span class='ocrx_word' id='word_1_44' title='bbox 9 607 90 662; x_wconf 85' lang='lat' dir='ltr'>lici,</span> <span class='ocrx_word' id='word_1_45' title='bbox 111 620 158 655; x_wconf 90' lang='lat' dir='ltr'>ad</span> <span class='ocrx_word' id='word_1_46' title='bbox 181 621 315 657; x_wconf 87' lang='lat' dir='ltr'>hostes</span> <span class='ocrx_word' id='word_1_47' title='bbox 338 621 569 656; x_wconf 84' lang='lat' dir='ltr'>desciverat:</span> <span class='ocrx_word' id='word_1_48' title='bbox 603 627 641 655; x_wconf 89' lang='lat' dir='ltr'>et</span> <span class='ocrx_word' id='word_1_49' title='bbox 666 626 882 669; x_wconf 84' lang='lat' dir='ltr'>postquam,</span> <span class='ocrx_word' id='word_1_50' title='bbox 903 621 980 656; x_wconf 89' lang='lat' dir='ltr'>icto</span> <span class='ocrx_word' id='word_1_51' title='bbox 999 620 1136 659; x_wconf 84' lang='lat' dir='ltr'>Romae</span> 
     </span>
     <span class='ocr_line' id='line_1_8' title="bbox 13 683 1137 735; baseline 0.004 -17"><span class='ocrx_word' id='word_1_52' title='bbox 13 695 99 719; x_wconf 91' lang='lat' dir='ltr'>cum</span> <span class='ocrx_word' id='word_1_53' title='bbox 127 683 362 720; x_wconf 84' lang='lat' dir='ltr'>Samnitibus</span> <span class='ocrx_word' id='word_1_54' title='bbox 385 684 543 726; x_wconf 78' lang='lat' dir='ltr'>foedere,</span> <span class='ocrx_word' id='word_1_55' title='bbox 564 683 716 719; x_wconf 84' lang='lat' dir='ltr'>feciales</span> <span class='ocrx_word' id='word_1_56' title='bbox 744 690 925 719; x_wconf 84' lang='lat' dir='ltr'>venerant</span> <span class='ocrx_word' id='word_1_57' title='bbox 952 697 1009 720; x_wconf 88' lang='lat' dir='ltr'>res</span> <span class='ocrx_word' id='word_1_58' title='bbox 1030 698 1137 735; x_wconf 88' lang='lat' dir='ltr'>repe-</span> 
     </span>
     <span class='ocr_line' id='line_1_9' title="bbox 18 746 1137 790; baseline 0.004 -9"><span class='ocrx_word' id='word_1_59' title='bbox 18 746 146 790; x_wconf 85' lang='lat' dir='ltr'>titum,</span> <span class='ocrx_word' id='word_1_60' title='bbox 178 750 411 784; x_wconf 77' lang='lat' dir='ltr'>tentationem</span> <span class='ocrx_word' id='word_1_61' title='bbox 442 747 595 783; x_wconf 85' lang='lat' dir='ltr'>aiebant</span> <span class='ocrx_word' id='word_1_62' title='bbox 627 759 711 789; x_wconf 78' lang='lat' dir='ltr'>esse,</span> <span class='ocrx_word' id='word_1_63' title='bbox 743 752 797 790; x_wconf 81' lang='lat' dir='ltr'>ut,</span> <span class='ocrx_word' id='word_1_64' title='bbox 834 753 969 784; x_wconf 84' lang='lat' dir='ltr'>terrore</span> <span class='ocrx_word' id='word_1_65' title='bbox 1001 751 1137 787; x_wconf 74' lang='lat' dir='ltr'>incusso</span> 
     </span>
     <span class='ocr_line' id='line_1_10' title="bbox 15 810 1138 862; baseline 0.004 -16"><span class='ocrx_word' id='word_1_66' title='bbox 15 810 109 854; x_wconf 71' lang='lat' dir='ltr'>belli,</span> <span class='ocrx_word' id='word_1_67' title='bbox 141 811 324 848; x_wconf 83' lang='lat' dir='ltr'>Romanos</span> <span class='ocrx_word' id='word_1_68' title='bbox 354 824 389 848; x_wconf 81' lang='lat' dir='ltr'>se</span> <span class='ocrx_word' id='word_1_69' title='bbox 408 813 496 861; x_wconf 80' lang='lat' dir='ltr'>fieri</span> <span class='ocrx_word' id='word_1_70' title='bbox 526 817 764 859; x_wconf 75' lang='lat' dir='ltr'>paterentur:</span> <span class='ocrx_word' id='word_1_71' title='bbox 795 814 889 860; x_wconf 81' lang='lat' dir='ltr'>quod</span> <span class='ocrx_word' id='word_1_72' title='bbox 918 819 1138 862; x_wconf 81' lang='lat' dir='ltr'>quantopere</span> 
     </span>
     <span class='ocr_line' id='line_1_11' title="bbox 18 873 1136 925; baseline 0.003 -14"><span class='ocrx_word' id='word_1_73' title='bbox 18 877 218 924; x_wconf 79' lang='lat' dir='ltr'>optandum</span> <span class='ocrx_word' id='word_1_74' title='bbox 236 876 354 925; x_wconf 84' lang='lat' dir='ltr'>foret,</span> <span class='ocrx_word' id='word_1_75' title='bbox 382 877 560 912; x_wconf 79' lang='lat' dir='ltr'>Hernicos</span> <span class='ocrx_word' id='word_1_76' title='bbox 585 878 766 912; x_wconf 77' lang='lat' dir='ltr'>docuisse:</span> <span class='ocrx_word' id='word_1_77' title='bbox 796 889 916 925; x_wconf 73' lang='lat' dir='ltr'>quum,</span> <span class='ocrx_word' id='word_1_78' title='bbox 942 873 1065 925; x_wconf 69' lang='lat' dir='ltr'>quibus</span> <span class='ocrx_word' id='word_1_79' title='bbox 1090 880 1136 915; x_wconf 70' lang='lat' dir='ltr'>li-</span> 
     </span>
     <span class='ocr_line' id='line_1_12' title="bbox 17 941 1137 991; baseline 0.002 -14"><span class='ocrx_word' id='word_1_80' title='bbox 17 942 143 983; x_wconf 79' lang='lat' dir='ltr'>cuerit,</span> <span class='ocrx_word' id='word_1_81' title='bbox 163 953 245 976; x_wconf 77' lang='lat' dir='ltr'>suas</span> <span class='ocrx_word' id='word_1_82' title='bbox 265 942 356 989; x_wconf 79' lang='lat' dir='ltr'>leges</span> <span class='ocrx_word' id='word_1_83' title='bbox 375 941 550 977; x_wconf 73' lang='lat' dir='ltr'>Romana?</span> <span class='ocrx_word' id='word_1_84' title='bbox 568 942 709 977; x_wconf 78' lang='lat' dir='ltr'>civitati</span> <span class='ocrx_word' id='word_1_85' title='bbox 722 944 1005 989; x_wconf 63' lang='lat' dir='ltr'>praeoptaverint</span> <span class='ocrx_word' id='word_1_86' title='bbox 1018 959 1030 979; x_wconf 90' lang='lat'>.·</span> <span class='ocrx_word' id='word_1_87' title='bbox 1058 945 1137 991; x_wconf 78' lang='lat' dir='ltr'>qui-</span> 
     </span>
     <span class='ocr_line' id='line_1_13' title="bbox 19 1004 1138 1055; baseline 0.004 -15"><span class='ocrx_word' id='word_1_88' title='bbox 19 1004 81 1040; x_wconf 80' lang='lat' dir='ltr'>bus</span> <span class='ocrx_word' id='word_1_89' title='bbox 110 1006 262 1053; x_wconf 70' lang='lat' dir='ltr'>legendi,</span> <span class='ocrx_word' id='word_1_90' title='bbox 284 1008 370 1054; x_wconf 76' lang='lat' dir='ltr'>quid</span> <span class='ocrx_word' id='word_1_91' title='bbox 395 1007 558 1048; x_wconf 81' lang='lat' dir='ltr'>mallent,</span> <span class='ocrx_word' id='word_1_92' title='bbox 580 1007 684 1054; x_wconf 81' lang='lat' dir='ltr'>copia</span> <span class='ocrx_word' id='word_1_93' title='bbox 708 1018 780 1041; x_wconf 73' lang='lat' dir='ltr'>non</span> <span class='ocrx_word' id='word_1_94' title='bbox 795 1005 930 1054; x_wconf 80' lang='lat' dir='ltr'>fuerit,</span> <span class='ocrx_word' id='word_1_95' title='bbox 948 1020 1016 1054; x_wconf 83' lang='lat' dir='ltr'>pro</span> <span class='ocrx_word' id='word_1_96' title='bbox 1031 1020 1138 1055; x_wconf 83' lang='lat' dir='ltr'>poena</span> 
     </span>
    </p>
   </div>
   <div class='ocr_carea' id='block_1_4' title="bbox 1146 348 1327 379">
    <p class='ocr_par' dir='ltr' id='par_1_4' title="bbox 1146 348 1327 379">
     <span class='ocr_line' id='line_1_14' title="bbox 1146 348 1327 379; baseline -0.006 0"><span class='ocrx_word' id='word_1_97' title='bbox 1146 350 1184 379; x_wconf 88' lang='lat' dir='ltr'>A.</span> <span class='ocrx_word' id='word_1_98' title='bbox 1199 348 1236 377; x_wconf 90' lang='lat' dir='ltr'>C.</span> <span class='ocrx_word' id='word_1_99' title='bbox 1253 354 1327 378; x_wconf 74' lang='lat'><strong>80-3.</strong></span> 
     </span>
    </p>
   </div>
   <div class='ocr_carea' id='block_1_5' title="bbox 19 1068 1279 1118">
    <p class='ocr_par' dir='ltr' id='par_1_5' title="bbox 19 1068 1279 1118">
     <span class='ocr_line' id='line_1_15' title="bbox 19 1068 1279 1118; baseline 0.004 -15"><span class='ocrx_word' id='word_1_100' title='bbox 19 1071 252 1105; x_wconf 74' lang='lat' dir='ltr'>necessariam</span> <span class='ocrx_word' id='word_1_101' title='bbox 268 1072 450 1106; x_wconf 79' lang='lat' dir='ltr'>civitatem</span> <span class='ocrx_word' id='word_1_102' title='bbox 458 1069 557 1118; x_wconf 85' lang='lat' dir='ltr'>fore.</span> <span class='ocrx_word' id='word_1_103' title='bbox 601 1068 662 1104; x_wconf 94' lang='lat' dir='ltr'>Ob</span> <span class='ocrx_word' id='word_1_104' title='bbox 678 1069 759 1104; x_wconf 87' lang='lat' dir='ltr'>haec</span> <span class='ocrx_word' id='word_1_105' title='bbox 774 1068 889 1118; x_wconf 83' lang='lat' dir='ltr'>vulgo</span> <span class='ocrx_word' id='word_1_106' title='bbox 909 1070 947 1105; x_wconf 93' lang='lat' dir='ltr'>in</span> <span class='ocrx_word' id='word_1_107' title='bbox 964 1071 1135 1107; x_wconf 80' lang='lat' dir='ltr'>conciliis</span> <span class='ocrx_word' id='word_1_108' title='bbox 1150 1068 1279 1100; x_wconf 82' lang='lat' dir='ltr'>Bellum</span> 
     </span>
    </p>
   </div>
   <div class='ocr_carea' id='block_1_6' title="bbox 1148 1121 1227 1142">
    <p class='ocr_par' dir='ltr' id='par_1_6' title="bbox 1148 1121 1227 1142">
     <span class='ocr_line' id='line_1_16' title="bbox 1148 1121 1227 1142; baseline 0 0"><span class='ocrx_word' id='word_1_109' title='bbox 1148 1121 1227 1142; x_wconf 81' lang='lat' dir='ltr'>cum</span> 
     </span>
    </p>
   </div>
   <div class='ocr_carea' id='block_1_7' title="bbox 13 1130 1277 1195">
    <p class='ocr_par' dir='ltr' id='par_1_7' title="bbox 13 1130 1277 1195">
     <span class='ocr_line' id='line_1_17' title="bbox 13 1130 1277 1195; baseline 0.006 -28"><span class='ocrx_word' id='word_1_110' title='bbox 13 1130 175 1182; x_wconf 83' lang='lat' dir='ltr'>jactata,</span> <span class='ocrx_word' id='word_1_111' title='bbox 196 1133 356 1184; x_wconf 87' lang='lat' dir='ltr'>populus</span> <span class='ocrx_word' id='word_1_112' title='bbox 372 1134 572 1170; x_wconf 85' lang='lat' dir='ltr'>Romanus</span> <span class='ocrx_word' id='word_1_113' title='bbox 587 1132 729 1169; x_wconf 91' lang='lat' dir='ltr'>bellum</span> <span class='ocrx_word' id='word_1_114' title='bbox 745 1133 825 1169; x_wconf 87' lang='lat' dir='ltr'>fieri</span> <span class='ocrx_word' id='word_1_115' title='bbox 840 1133 977 1182; x_wconf 83' lang='lat' dir='ltr'>AEquis</span> <span class='ocrx_word' id='word_1_116' title='bbox 991 1135 1109 1184; x_wconf 86' lang='lat' dir='ltr'>jussit</span> <span class='ocrx_word' id='word_1_117' title='bbox 1125 1152 1132 1172; x_wconf 77' lang='lat' dir='ltr'><em>z</em></span> <span class='ocrx_word' id='word_1_118' title='bbox 1148 1155 1277 1195; x_wconf 83' lang='lat' dir='ltr'>AEquis.</span> 
     </span>
    </p>
   </div>
   <div class='ocr_carea' id='block_1_8' title="bbox 0 1196 1150 2399">
    <p class='ocr_par' dir='ltr' id='par_1_8' title="bbox 0 1196 1150 2399">
     <span class='ocr_line' id='line_1_18' title="bbox 22 1196 1137 1249; baseline 0.005 -18"><span class='ocrx_word' id='word_1_119' title='bbox 22 1196 270 1246; x_wconf 88' lang='lat' dir='ltr'>consulesque</span> <span class='ocrx_word' id='word_1_120' title='bbox 290 1198 417 1242; x_wconf 86' lang='lat' dir='ltr'>ambo,</span> <span class='ocrx_word' id='word_1_121' title='bbox 439 1198 486 1234; x_wconf 89' lang='lat' dir='ltr'>ad</span> <span class='ocrx_word' id='word_1_122' title='bbox 513 1211 654 1234; x_wconf 86' lang='lat' dir='ltr'>novum</span> <span class='ocrx_word' id='word_1_123' title='bbox 680 1197 843 1248; x_wconf 85' lang='lat' dir='ltr'>profecti</span> <span class='ocrx_word' id='word_1_124' title='bbox 868 1198 1023 1243; x_wconf 90' lang='lat' dir='ltr'>bellum,</span> <span class='ocrx_word' id='word_1_125' title='bbox 1044 1213 1137 1249; x_wconf 80' lang='lat' dir='ltr'>qua-</span> 
     </span>
     <span class='ocr_line' id='line_1_19' title="bbox 21 1261 1138 1313; baseline 0.004 -17"><span class='ocrx_word' id='word_1_126' title='bbox 21 1266 110 1296; x_wconf 85' lang='lat' dir='ltr'>tuor</span> <span class='ocrx_word' id='word_1_127' title='bbox 128 1261 292 1298; x_wconf 87' lang='lat' dir='ltr'>millibus</span> <span class='ocrx_word' id='word_1_128' title='bbox 313 1276 335 1298; x_wconf 92' lang='lat' dir='ltr'>a</span> <span class='ocrx_word' id='word_1_129' title='bbox 355 1263 485 1298; x_wconf 86' lang='lat' dir='ltr'>castris</span> <span class='ocrx_word' id='word_1_130' title='bbox 507 1263 675 1298; x_wconf 87' lang='lat' dir='ltr'>hostium</span> <span class='ocrx_word' id='word_1_131' title='bbox 701 1263 965 1300; x_wconf 83' lang='lat' dir='ltr'>consederunt.</span> <span class='ocrx_word' id='word_1_132' title='bbox 987 1264 1138 1313; x_wconf 90' lang='lat' dir='ltr'>AEquo-</span> 
     </span>
     <span class='ocr_line' id='line_1_20' title="bbox 20 1326 1135 1376; baseline 0.004 -16"><span class='ocrx_word' id='word_1_133' title='bbox 20 1336 105 1360; x_wconf 81' lang='lat' dir='ltr'>rum</span> <span class='ocrx_word' id='word_1_134' title='bbox 124 1326 323 1368; x_wconf 82' lang='lat' dir='ltr'>exercitus,</span> <span class='ocrx_word' id='word_1_135' title='bbox 348 1328 407 1373; x_wconf 83' lang='lat' dir='ltr'>(ut</span> <span class='ocrx_word' id='word_1_136' title='bbox 426 1327 490 1376; x_wconf 88' lang='lat' dir='ltr'>qui</span> <span class='ocrx_word' id='word_1_137' title='bbox 509 1339 577 1362; x_wconf 91' lang='lat' dir='ltr'>suo</span> <span class='ocrx_word' id='word_1_138' title='bbox 604 1327 758 1362; x_wconf 84' lang='lat' dir='ltr'>nomine</span> <span class='ocrx_word' id='word_1_139' title='bbox 777 1327 985 1376; x_wconf 81' lang='lat' dir='ltr'>permultos</span> <span class='ocrx_word' id='word_1_140' title='bbox 1014 1341 1135 1364; x_wconf 84' lang='lat' dir='ltr'>annos</span> 
     </span>
     <span class='ocr_line' id='line_1_21' title="bbox 23 1386 1137 1437; baseline 0.005 -15"><span class='ocrx_word' id='word_1_141' title='bbox 23 1386 180 1423; x_wconf 86' lang='lat' dir='ltr'>inbelles</span> <span class='ocrx_word' id='word_1_142' title='bbox 208 1389 390 1437; x_wconf 84' lang='lat' dir='ltr'>egissent)</span> <span class='ocrx_word' id='word_1_143' title='bbox 419 1389 669 1426; x_wconf 84' lang='lat' dir='ltr'>tumultuario</span> <span class='ocrx_word' id='word_1_144' title='bbox 701 1390 846 1433; x_wconf 89' lang='lat' dir='ltr'>similis,</span> <span class='ocrx_word' id='word_1_145' title='bbox 875 1391 956 1426; x_wconf 90' lang='lat' dir='ltr'>sine</span> <span class='ocrx_word' id='word_1_146' title='bbox 982 1391 1137 1428; x_wconf 91' lang='lat' dir='ltr'>ducibus</span> 
     </span>
     <span class='ocr_line' id='line_1_22' title="bbox 21 1451 1138 1503; baseline 0.005 -17"><span class='ocrx_word' id='word_1_147' title='bbox 21 1451 149 1494; x_wconf 84' lang='lat' dir='ltr'>certis,</span> <span class='ocrx_word' id='word_1_148' title='bbox 184 1451 264 1487; x_wconf 88' lang='lat' dir='ltr'>siue</span> <span class='ocrx_word' id='word_1_149' title='bbox 301 1452 474 1503; x_wconf 86' lang='lat' dir='ltr'>imperio,</span> <span class='ocrx_word' id='word_1_150' title='bbox 512 1453 722 1502; x_wconf 83' lang='lat' dir='ltr'>trepidare:</span> <span class='ocrx_word' id='word_1_151' title='bbox 759 1453 824 1489; x_wconf 88' lang='lat' dir='ltr'>alii</span> <span class='ocrx_word' id='word_1_152' title='bbox 857 1455 1069 1491; x_wconf 79' lang='lat' dir='ltr'>exeundum</span> <span class='ocrx_word' id='word_1_153' title='bbox 1099 1457 1138 1492; x_wconf 91' lang='lat' dir='ltr'>in</span> 
     </span>
     <span class='ocr_line' id='line_1_23' title="bbox 23 1516 1139 1570; baseline 0.004 -18"><span class='ocrx_word' id='word_1_154' title='bbox 23 1517 155 1560; x_wconf 87' lang='lat' dir='ltr'>aciem,</span> <span class='ocrx_word' id='word_1_155' title='bbox 177 1516 241 1553; x_wconf 86' lang='lat' dir='ltr'>alii</span> <span class='ocrx_word' id='word_1_156' title='bbox 260 1523 384 1554; x_wconf 87' lang='lat' dir='ltr'>castra</span> <span class='ocrx_word' id='word_1_157' title='bbox 414 1518 554 1554; x_wconf 85' lang='lat' dir='ltr'>tuenda</span> <span class='ocrx_word' id='word_1_158' title='bbox 573 1524 752 1554; x_wconf 83' lang='lat' dir='ltr'>censent:</span> <span class='ocrx_word' id='word_1_159' title='bbox 785 1526 913 1555; x_wconf 89' lang='lat' dir='ltr'>movet</span> <span class='ocrx_word' id='word_1_160' title='bbox 939 1519 1139 1570; x_wconf 88' lang='lat' dir='ltr'>plerosque</span> 
     </span>
     <span class='ocr_line' id='line_1_24' title="bbox 22 1581 1140 1632; baseline 0.006 -17"><span class='ocrx_word' id='word_1_161' title='bbox 22 1581 186 1617; x_wconf 80' lang='lat' dir='ltr'>vastatio</span> <span class='ocrx_word' id='word_1_162' title='bbox 215 1581 344 1618; x_wconf 86' lang='lat' dir='ltr'>futura</span> <span class='ocrx_word' id='word_1_163' title='bbox 375 1595 567 1632; x_wconf 84' lang='lat' dir='ltr'>agrorum,</span> <span class='ocrx_word' id='word_1_164' title='bbox 601 1596 644 1618; x_wconf 87' lang='lat' dir='ltr'>ac</span> <span class='ocrx_word' id='word_1_165' title='bbox 675 1582 849 1632; x_wconf 89' lang='lat' dir='ltr'>deinceps</span> <span class='ocrx_word' id='word_1_166' title='bbox 881 1596 966 1620; x_wconf 92' lang='lat' dir='ltr'>cum</span> <span class='ocrx_word' id='word_1_167' title='bbox 996 1584 1140 1621; x_wconf 80' lang='lat' dir='ltr'>levibus</span> 
     </span>
     <span class='ocr_line' id='line_1_25' title="bbox 24 1645 1139 1700; baseline 0.005 -20"><span class='ocrx_word' id='word_1_168' title='bbox 24 1645 206 1694; x_wconf 84' lang='lat' dir='ltr'>praesidiis</span> <span class='ocrx_word' id='word_1_169' title='bbox 236 1646 384 1683; x_wconf 79' lang='lat' dir='ltr'>urbium</span> <span class='ocrx_word' id='word_1_170' title='bbox 411 1646 627 1683; x_wconf 82' lang='lat' dir='ltr'>relictarum</span> <span class='ocrx_word' id='word_1_171' title='bbox 657 1648 814 1684; x_wconf 82' lang='lat' dir='ltr'>excidia.</span> <span class='ocrx_word' id='word_1_172' title='bbox 863 1647 1012 1697; x_wconf 88' lang='lat' dir='ltr'>Itaque,</span> <span class='ocrx_word' id='word_1_173' title='bbox 1034 1657 1139 1700; x_wconf 89' lang='lat' dir='ltr'>post·</span> 
     </span>
     <span class='ocr_line' id='line_1_26' title="bbox 24 1712 1141 1762; baseline 0.004 -15"><span class='ocrx_word' id='word_1_174' title='bbox 24 1723 137 1759; x_wconf 87' lang='lat' dir='ltr'>quam</span> <span class='ocrx_word' id='word_1_175' title='bbox 155 1712 254 1748; x_wconf 84' lang='lat' dir='ltr'>inter</span> <span class='ocrx_word' id='word_1_176' title='bbox 272 1712 408 1749; x_wconf 88' lang='lat' dir='ltr'>multas</span> <span class='ocrx_word' id='word_1_177' title='bbox 435 1713 642 1749; x_wconf 86' lang='lat' dir='ltr'>sententias</span> <span class='ocrx_word' id='word_1_178' title='bbox 665 1726 752 1756; x_wconf 86' lang='lat' dir='ltr'>una,</span> <span class='ocrx_word' id='word_1_179' title='bbox 773 1726 870 1762; x_wconf 86' lang='lat' dir='ltr'>quae,</span> <span class='ocrx_word' id='word_1_180' title='bbox 891 1715 1031 1751; x_wconf 88' lang='lat' dir='ltr'>omissa</span> <span class='ocrx_word' id='word_1_181' title='bbox 1051 1729 1141 1752; x_wconf 90' lang='lat' dir='ltr'>cura</span> 
     </span>
     <span class='ocr_line' id='line_1_27' title="bbox 26 1776 1142 1827; baseline 0.004 -16"><span class='ocrx_word' id='word_1_182' title='bbox 26 1776 298 1820; x_wconf 84' lang='lat' dir='ltr'>communium,</span> <span class='ocrx_word' id='word_1_183' title='bbox 320 1777 366 1812; x_wconf 89' lang='lat' dir='ltr'>ad</span> <span class='ocrx_word' id='word_1_184' title='bbox 392 1783 605 1826; x_wconf 90' lang='lat' dir='ltr'>respectum</span> <span class='ocrx_word' id='word_1_185' title='bbox 631 1789 782 1813; x_wconf 86' lang='lat' dir='ltr'>suarum</span> <span class='ocrx_word' id='word_1_186' title='bbox 802 1790 987 1827; x_wconf 84' lang='lat' dir='ltr'>quemque</span> <span class='ocrx_word' id='word_1_187' title='bbox 1017 1792 1142 1816; x_wconf 89' lang='lat' dir='ltr'>rerum</span> 
     </span>
     <span class='ocr_line' id='line_1_28' title="bbox 25 1839 1141 1890; baseline 0.004 -16"><span class='ocrx_word' id='word_1_188' title='bbox 25 1839 213 1883; x_wconf 77' lang='lat' dir='ltr'>vertisset,</span> <span class='ocrx_word' id='word_1_189' title='bbox 245 1840 395 1886; x_wconf 67' lang='lat' dir='ltr'>audita,</span> <span class='ocrx_word' id='word_1_190' title='bbox 429 1847 470 1876; x_wconf 85' lang='lat' dir='ltr'>ut</span> <span class='ocrx_word' id='word_1_191' title='bbox 498 1841 619 1890; x_wconf 87' lang='lat' dir='ltr'>prima</span> <span class='ocrx_word' id='word_1_192' title='bbox 649 1840 780 1889; x_wconf 73' lang='lat' dir='ltr'>vigilia</span> <span class='ocrx_word' id='word_1_193' title='bbox 799 1842 934 1877; x_wconf 80' lang='lat' dir='ltr'>diversi</span> <span class='ocrx_word' id='word_1_194' title='bbox 964 1855 985 1878; x_wconf 85' lang='lat' dir='ltr'>e</span> <span class='ocrx_word' id='word_1_195' title='bbox 1010 1844 1141 1879; x_wconf 86' lang='lat' dir='ltr'>castris</span> 
     </span>
     <span class='ocr_line' id='line_1_29' title="bbox 28 1902 1142 1954; baseline 0.004 -15"><span class='ocrx_word' id='word_1_196' title='bbox 28 1902 75 1939; x_wconf 85' lang='lat' dir='ltr'>ad</span> <span class='ocrx_word' id='word_1_197' title='bbox 95 1903 328 1954; x_wconf 87' lang='lat' dir='ltr'>deportanda</span> <span class='ocrx_word' id='word_1_198' title='bbox 355 1905 483 1941; x_wconf 85' lang='lat' dir='ltr'>omnia</span> <span class='ocrx_word' id='word_1_199' title='bbox 508 1905 722 1953; x_wconf 87' lang='lat' dir='ltr'>tuendaque</span> <span class='ocrx_word' id='word_1_200' title='bbox 748 1905 936 1942; x_wconf 85' lang='lat' dir='ltr'>moenibus</span> <span class='ocrx_word' id='word_1_201' title='bbox 960 1907 999 1942; x_wconf 92' lang='lat' dir='ltr'>in</span> <span class='ocrx_word' id='word_1_202' title='bbox 1030 1907 1142 1943; x_wconf 83' lang='lat' dir='ltr'>urbes</span> 
     </span>
     <span class='ocr_line' id='line_1_30' title="bbox 27 1966 1142 2017; baseline 0.004 -14"><span class='ocrx_word' id='word_1_203' title='bbox 27 1966 203 2013; x_wconf 72' lang='lat' dir='ltr'>abirent3</span> <span class='ocrx_word' id='word_1_204' title='bbox 235 1969 361 2004; x_wconf 87' lang='lat' dir='ltr'>cuncti</span> <span class='ocrx_word' id='word_1_205' title='bbox 382 1982 463 2005; x_wconf 87' lang='lat' dir='ltr'>eam</span> <span class='ocrx_word' id='word_1_206' title='bbox 483 1970 712 2005; x_wconf 84' lang='lat' dir='ltr'>sententiam</span> <span class='ocrx_word' id='word_1_207' title='bbox 730 1969 877 2017; x_wconf 84' lang='lat' dir='ltr'>ingenti</span> <span class='ocrx_word' id='word_1_208' title='bbox 899 1970 1060 2006; x_wconf 83' lang='lat' dir='ltr'>adsensu</span> <span class='ocrx_word' id='word_1_209' title='bbox 1079 1984 1142 2007; x_wconf 88' lang='lat' dir='ltr'>ac-</span> 
     </span>
     <span class='ocr_line' id='line_1_31' title="bbox 29 2032 1144 2084; baseline 0.003 -16"><span class='ocrx_word' id='word_1_210' title='bbox 29 2045 175 2082; x_wconf 81' lang='lat' dir='ltr'>cepere.</span> <span class='ocrx_word' id='word_1_211' title='bbox 214 2032 356 2069; x_wconf 84' lang='lat' dir='ltr'>Palatis</span> <span class='ocrx_word' id='word_1_212' title='bbox 383 2034 557 2070; x_wconf 82' lang='lat' dir='ltr'>hostibus</span> <span class='ocrx_word' id='word_1_213' title='bbox 578 2047 644 2084; x_wconf 86' lang='lat' dir='ltr'>per</span> <span class='ocrx_word' id='word_1_214' title='bbox 670 2046 795 2082; x_wconf 82' lang='lat' dir='ltr'>agros,</span> <span class='ocrx_word' id='word_1_215' title='bbox 816 2035 938 2084; x_wconf 87' lang='lat' dir='ltr'>prima</span> <span class='ocrx_word' id='word_1_216' title='bbox 959 2034 1042 2071; x_wconf 84' lang='lat' dir='ltr'>luce</span> <span class='ocrx_word' id='word_1_217' title='bbox 1061 2035 1144 2071; x_wconf 86' lang='lat' dir='ltr'>Ro-</span> 
     </span>
     <span class='ocr_line' id='line_1_32' title="bbox 32 2097 1144 2147; baseline 0.003 -15"><span class='ocrx_word' id='word_1_218' title='bbox 32 2097 148 2140; x_wconf 86' lang='lat' dir='ltr'>mani,</span> <span class='ocrx_word' id='word_1_219' title='bbox 166 2097 282 2146; x_wconf 84' lang='lat' dir='ltr'>signis</span> <span class='ocrx_word' id='word_1_220' title='bbox 301 2097 474 2147; x_wconf 87' lang='lat' dir='ltr'>prolatis,</span> <span class='ocrx_word' id='word_1_221' title='bbox 495 2099 533 2134; x_wconf 92' lang='lat' dir='ltr'>in</span> <span class='ocrx_word' id='word_1_222' title='bbox 553 2099 633 2134; x_wconf 86' lang='lat' dir='ltr'>acie</span> <span class='ocrx_word' id='word_1_223' title='bbox 653 2099 890 2142; x_wconf 80' lang='lat' dir='ltr'>consistunt3</span> <span class='ocrx_word' id='word_1_224' title='bbox 924 2105 974 2141; x_wconf 86' lang='lat' dir='ltr'>et,</span> <span class='ocrx_word' id='word_1_225' title='bbox 992 2098 1056 2134; x_wconf 90' lang='lat' dir='ltr'>ubi</span> <span class='ocrx_word' id='word_1_226' title='bbox 1076 2112 1144 2135; x_wconf 86' lang='lat' dir='ltr'>ne-</span> 
     </span>
     <span class='ocr_line' id='line_1_33' title="bbox 0 2160 1145 2213; baseline 0.001 -16"><span class='ocrx_word' id='word_1_227' title='bbox 0 2194 1 2201; x_wconf 70' lang='grc'>,</span> <span class='ocrx_word' id='word_1_228' title='bbox 32 2174 96 2197; x_wconf 91' lang='lat' dir='ltr'>mo</span> <span class='ocrx_word' id='word_1_229' title='bbox 117 2160 250 2197; x_wconf 88' lang='lat' dir='ltr'>obvius</span> <span class='ocrx_word' id='word_1_230' title='bbox 270 2161 364 2205; x_wconf 87' lang='lat' dir='ltr'>ibat,</span> <span class='ocrx_word' id='word_1_231' title='bbox 384 2162 498 2213; x_wconf 89' lang='lat' dir='ltr'>pleno</span> <span class='ocrx_word' id='word_1_232' title='bbox 521 2162 639 2210; x_wconf 81' lang='lat' dir='ltr'>gradu</span> <span class='ocrx_word' id='word_1_233' title='bbox 659 2162 705 2198; x_wconf 88' lang='lat' dir='ltr'>ad</span> <span class='ocrx_word' id='word_1_234' title='bbox 726 2168 847 2198; x_wconf 85' lang='lat' dir='ltr'>castra</span> <span class='ocrx_word' id='word_1_235' title='bbox 874 2163 1041 2198; x_wconf 88' lang='lat' dir='ltr'>hostium</span> <span class='ocrx_word' id='word_1_236' title='bbox 1060 2170 1145 2199; x_wconf 83' lang='lat' dir='ltr'>ten-</span> 
     </span>
     <span class='ocr_line' id='line_1_34' title="bbox 0 2225 1146 2276; baseline 0.001 -16"><span class='ocrx_word' id='word_1_237' title='bbox 0 2248 2 2273; x_wconf 75' lang='lat' dir='ltr'>t</span> <span class='ocrx_word' id='word_1_238' title='bbox 33 2225 138 2261; x_wconf 86' lang='lat' dir='ltr'>dunt.</span> <span class='ocrx_word' id='word_1_239' title='bbox 183 2225 375 2268; x_wconf 87' lang='lat' dir='ltr'>Ceterum,</span> <span class='ocrx_word' id='word_1_240' title='bbox 399 2232 600 2275; x_wconf 83' lang='lat' dir='ltr'>postquam</span> <span class='ocrx_word' id='word_1_241' title='bbox 628 2225 681 2262; x_wconf 90' lang='lat' dir='ltr'>ibi</span> <span class='ocrx_word' id='word_1_242' title='bbox 708 2238 829 2274; x_wconf 86' lang='lat' dir='ltr'>neque</span> <span class='ocrx_word' id='word_1_243' title='bbox 860 2227 1043 2261; x_wconf 85' lang='lat' dir='ltr'>stationes</span> <span class='ocrx_word' id='word_1_244' title='bbox 1077 2239 1146 2276; x_wconf 85' lang='lat' dir='ltr'>pro</span> 
     </span>
     <span class='ocr_line' id='line_1_35' title="bbox 0 2288 1148 2341; baseline 0.001 -18"><span class='ocrx_word' id='word_1_245' title='bbox 0 2289 3 2341; x_wconf 56' lang='grc' dir='ltr'>ᾗ</span> <span class='ocrx_word' id='word_1_246' title='bbox 35 2289 169 2339; x_wconf 81' lang='lat' dir='ltr'>portis,</span> <span class='ocrx_word' id='word_1_247' title='bbox 189 2301 259 2325; x_wconf 87' lang='lat' dir='ltr'>nec</span> <span class='ocrx_word' id='word_1_248' title='bbox 279 2302 505 2338; x_wconf 87' lang='lat' dir='ltr'>quemquam</span> <span class='ocrx_word' id='word_1_249' title='bbox 533 2289 573 2324; x_wconf 87' lang='lat' dir='ltr'>in</span> <span class='ocrx_word' id='word_1_250' title='bbox 602 2288 715 2331; x_wconf 87' lang='lat' dir='ltr'>vallo,</span> <span class='ocrx_word' id='word_1_251' title='bbox 746 2301 815 2324; x_wconf 88' lang='lat' dir='ltr'>nec</span> <span class='ocrx_word' id='word_1_252' title='bbox 834 2288 1027 2324; x_wconf 88' lang='lat' dir='ltr'>fremitum</span> <span class='ocrx_word' id='word_1_253' title='bbox 1057 2302 1148 2325; x_wconf 90' lang='lat' dir='ltr'>con-</span> 
     </span>
     <span class='ocr_line' id='line_1_36' title="bbox 37 2353 1150 2399; baseline 0.003 -12"><span class='ocrx_word' id='word_1_254' title='bbox 37 2358 184 2389; x_wconf 55' lang='lat' dir='ltr'>victum</span> <span class='ocrx_word' id='word_1_255' title='bbox 199 2360 408 2390; x_wconf 78' lang='lat' dir='ltr'>castrorum</span> <span class='ocrx_word' id='word_1_256' title='bbox 425 2354 792 2399; x_wconf 72' lang='lat' dir='ltr'>animadverterunt,</span> <span class='ocrx_word' id='word_1_257' title='bbox 826 2353 981 2389; x_wconf 84' lang='lat' dir='ltr'>insolito</span> <span class='ocrx_word' id='word_1_258' title='bbox 999 2354 1150 2390; x_wconf 76' lang='lat' dir='ltr'>silentio</span> 
     </span>
    </p>
   </div>
  </div>
 </body>
</html>
