1527 2661
247 230 399 258 LIBER
422 231 577 258 xxlu.
611 231 716 259 cAr.
740 232 942 259 xxxv11.
1082 233 1164 276 353

0 295 5 360 i
54 316 162 353 Cales
193 325 315 354 castra
342 318 522 361 habebat,
543 319 773 354 Vulturnum
801 319 939 354 flumen
969 320 1164 357 traducere
1179 330 1220 361 U.
1238 330 1274 360 C.
1294 338 1367 366 537.

0 359 4 375 Η

2 405 3 409 =
51 381 212 417 audebat
232 383 461 427 exercitum3
494 389 699 431 occupatus
720 383 842 431 primo
863 384 1037 432 auspiciis
1058 396 1164 434 repe-

1180 374 1215 403 A.
1233 374 1269 404 C.
1286 382 1360 405 215.

1178 416 1328 447 Defendit

2 440 3 443 ¹
49 445 186 488 tendis,
217 446 303 481 dein
332 447 529 496 prodigiis,
551 460 632 495 quae
662 446 735 482 alia
764 458 875 496 super
904 447 977 483 alia
1005 449 1162 484 nuncia·
1178 458 1297 488 Cumas

0 510 1 544 ζ
48 507 198 552 bantur,
227 511 471 559 expiantique
499 524 543 546 ea
570 511 672 547 haud
691 510 802 546 facile
831 511 932 546 litari
969 512 1162 562 aruspices

1178 501 1356 532 Gracchus.

48 573 343 621 respondebant.

99 635 316 674 XXXVII.
347 636 421 673 Hae
456 650 597 673 caussae
626 650 740 685 quum
777 636 938 672 Fabium
971 644 1158 681 tenerent,

47 698 290 750 Sempronius
310 702 350 737 in
370 701 571 737 obsidione
594 707 698 745 erat3
733 707 769 735 et
783 699 864 749 jam
892 702 1068 751 operibus
1090 703 1159 739 ob—

46 763 311 811 pugnabatur:
344 764 519 800 adversus
548 763 714 811 ligneam
744 764 938 811 ingentem
967 764 1159 801 admotam

41 825 139 870 urbi,
167 826 279 863 aliam
305 833 449 863 turrem
482 839 529 862 ex
560 826 643 876 ipso
673 839 782 862 muro
813 828 994 862 excitavit
1026 828 1160 864 consul

40 888 253 935 Romanus,
275 891 470 940 aliquanto
503 889 700 926 altiorem:
734 891 822 937 quia
840 903 949 926 muro
975 892 1065 927 satis
1092 904 1159 942 per

41 965 80 989 se
99 954 178 991 alto
204 954 385 1006 subjectis
405 954 537 991 validis
565 954 718 990 sublicis
745 966 814 1003 pro
834 954 916 990 solo
937 967 1023 990 usus
1050 961 1155 1004 erat:

40 1017 128 1054 inde
146 1020 309 1069 primum
335 1021 449 1062 saxis,
471 1019 714 1067 sudibusque,
736 1025 773 1054 et
792 1019 925 1054 ceteris
952 1018 1155 1055 missilibus

38 1090 339 1132 propugnatores
356 1084 498 1120 moenia
514 1090 629 1132 atque
644 1083 774 1119 urbem
794 1082 1002 1119 tuebantur
1017 1098 1024 1118 :
1048 1090 1155 1132 post—

36 1156 155 1189 remo,
185 1147 251 1183 ubi
287 1147 547 1196 promovendo
586 1145 805 1196 adjunctam
839 1158 951 1182 muro
980 1146 1155 1182 viderunt

35 1214 192 1253 turrem,
222 1210 367 1247 facibus
398 1211 617 1247 ardentibus
647 1210 854 1260 plurimum
884 1210 995 1245 simul
1024 1211 1152 1258 ignem

34 1273 303 1324 conjecerunt:
336 1288 411 1325 quo
432 1275 608 1312 incendio
627 1275 774 1324 trepida
793 1281 1026 1310 armatorum
1046 1273 1145 1310 mul-

36 1337 162 1374 titudo
181 1352 296 1388 quum
316 1339 361 1376 de
388 1345 492 1375 turre
521 1352 602 1375 sese
631 1339 897 1388 praecipitaret,
925 1339 1073 1389 eruptio
1103 1352 1149 1375 ex
1161 1346 1293 1388 Eruptio

33 1402 176 1451 oppido
201 1402 312 1438 simul
331 1402 476 1438 duabus
496 1402 617 1451 portis
638 1403 821 1438 stationes
848 1402 1015 1437 hostium
1035 1402 1146 1446 fudit,
1161 1390 1310 1426 Gracchj.

30 1465 253 1515 fugavitque
272 1467 311 1502 in
330 1472 478 1512 castra,
511 1472 553 1501 ut
575 1478 621 1502 eo
640 1466 699 1502 die
720 1466 889 1508 obsesso,
910 1478 1023 1514 quam
1044 1467 1146 1502 obsi·

32 1529 150 1573 denti,
172 1530 331 1566 similior
350 1536 449 1567 esset
468 1531 621 1567 Poenus.
665 1530 725 1566 Ad
745 1529 847 1565 mille
866 1530 1027 1565 trecenti
1044 1530 1147 1567 Kar-

31 1593 328 1642 thaginiensium
365 1595 465 1637 caesi,
502 1600 540 1630 et
572 1594 870 1641 undesexaginta
906 1593 981 1628 vivi
1018 1595 1144 1643 capti3

33 1657 110 1704 qui,
132 1657 232 1693 circa
259 1670 385 1694 muros
416 1659 512 1693 etin
542 1657 770 1692 stationibus
800 1656 922 1692 solute
951 1669 994 1692 ac
1023 1656 1145 1705 negli-

32 1727 165 1768 genter
184 1729 351 1770 agentes,
369 1735 484 1770 quum
501 1722 597 1757 nihil
613 1723 749 1763 minuss,
764 1734 875 1769 quam
892 1722 1143 1770 eruptionem,

30 1785 260 1827 timuissent,
278 1798 324 1821 ex
339 1786 534 1834 inproviso
550 1785 720 1835 obpressi
736 1785 898 1820 fuerant.
933 1785 1139 1829 Gracchus,

30 1848 247 1897 priusquam
277 1861 316 1884 se
344 1850 474 1885 hostes
504 1849 552 1884 ab
575 1849 776 1898 repentino
805 1861 943 1898 pavore
973 1849 1142 1898 conlige-

30 1918 128 1955 rent,
149 1913 317 1962 receptui
343 1914 493 1961 signum
513 1913 615 1948 dedit
634 1926 678 1948 ac
697 1925 784 1948 suos
809 1913 909 1948 intra
935 1924 1059 1949 muros
1081 1926 1139 1949 re-

29 1977 141 2025 cepit.
198 1976 359 2013 Postero
392 1977 451 2012 die
487 1976 698 2019 Hannibal,
736 1976 865 2012 laetum
897 1977 1061 2013 secunda
1096 1991 1136 2013 re
1151 1991 1314 2022 Recedita

28 2039 222 2075 consulem
234 2038 343 2088 justo
363 2039 499 2089 proelio
514 2045 616 2075 ratus
632 2045 877 2080 certaturum,
898 2040 1018 2075 aciem
1037 2036 1283 2108 intergqmssb
1305 2076 1314 2107 l

28 2109 150 2139 castra
170 2110 283 2153 atque
302 2103 432 2139 urbem
445 2104 624 2139 instruxit
640 2118 648 2140 ε
671 2110 835 2140 ceterum
852 2110 1052 2153 postquam
1069 2117 1136 2140 ne·
1184 2087 1259 2108 dnm
1286 2087 1303 2107 ὃ
1319 2102 1327 2107 ”

28 2167 166 2202 minem
202 2168 345 2203 moveri
382 2168 429 2203 ab
459 2168 571 2204 solita
600 2168 771 2203 custodia
799 2167 902 2202 urbis
930 2167 1037 2209 vidit,
1068 2181 1138 2203 nec

29 2232 214 2267 committi
234 2232 438 2281 quidquam
463 2233 671 2269 telnerariae
697 2232 790 2280 spei,
815 2231 862 2267 ad
879 2230 1010 2267 Tifata
1038 2232 1137 2268 redit

27 2293 166 2331 infecta
184 2308 236 2331 re.
293 2296 442 2336 Quibus
463 2296 592 2332 diebus
613 2296 742 2331 Cumae
768 2295 936 2331 liberatae
957 2301 1045 2330 sunt
1065 2295 1133 2331 ob-

27 2358 183 2402 sidione,
205 2360 335 2396 iisdem
355 2360 485 2396 diebus
507 2366 544 2396 et
571 2361 608 2396 in
631 2359 793 2396 Lucanis
815 2360 861 2396 ad
881 2358 1131 2395 Grumentum
