1527 2661
402 216 558 255 LxssE'R
583 223 652 254 1x.
685 224 912 254 cAP.xx1.
1160 224 1210 268 19

97 327 174 353 sum
191 315 328 366 suerit,
348 315 487 353 abeant.
526 316 579 353 Et
604 316 659 352 illi
679 315 844 366 quidem,
865 314 1027 352 forsitan
1055 319 1093 351 et
1112 313 1208 365 pub-
1222 310 1317 385 {gg-
1332 316 1410 385 {¹133-

98 379 185 423 lica,
214 393 282 417 sua
311 387 413 417 certe
438 381 603 417 'liberata
632 380 717 424 fide,
749 380 797 417 ab
831 380 978 417 Caudio
1010 379 1051 415 in
1089 385 1213 415 castra
1256 377 1262 385 '
1308 376 1315 385 '
1399 374 1408 385 ⁶

96 443 275 481 Romana
293 444 466 481 inviolati
486 445 688 481 redierunt.

149 508 247 546 XII.
278 509 526 552 Samnitibus,
544 521 614 559 pro
633 507 795 559 superba
814 521 907 559 pace
927 507 1215 544 infestissimum

98 573 339 610 cernentibus
359 581 533 609 renatum
552 573 707 616 bellum,
729 574 872 615 omnia,
893 586 976 622 quae
996 571 1131 608 deinde
1150 584 1214 607 ve-

97 643 250 680 nerunt,
275 650 353 674 non
381 638 421 674 in
451 638 586 674 animis
616 637 753 681 solum,
784 638 849 674 sed
878 650 996 688 prope
1025 638 1064 673 in
1093 635 1212 673 oculis

97 713 201 738 esse:
234 709 273 739 et
301 715 385 739 sero
415 717 458 740 ac
487 705 743 753 nequidquam
775 703 928 740 laudare
957 704 1055 739 senis
1083 702 1215 739 Pontii

97 772 256 816 utraque
275 768 433 804 consilia
447 785 457 814 5
491 768 589 804 inter
604 781 686 817 quae
703 781 742 804 se
762 768 885 804 media
903 767 1029 818 lapsos
1045 767 1214 802 victoriae

95 831 374 879 possessionem
403 845 496 882 pace
524 833 670 868 incerta
698 837 877 874 mutasse,
899 836 950 873 et,
973 830 1149 866 beneficii
1178 834 1217 865 et

96 892 272 930 maleficii
292 897 492 932 occasione
508 897 660 940 amissa,
676 902 912 945 pugnaturos
929 906 1015 930 cum
1034 894 1101 936 eis,
1119 904 1214 942 quos

95 959 292 1008 potuerint
327 960 366 996 in
403 966 628 1012 perpetuum
665 960 724 996 vel
761 960 935 996 inimicos
973 958 1122 1001 tollere,
1157 956 1215 993 vel

96 1023 238 1059 amicos
258 1024 406 1062 facere:
440 1026 625 1075 adeoque,
653 1024 851 1061 nullodum
871 1024 1078 1061 certamine
1103 1021 1214 1058 incli-

96 1088 196 1123 natis
218 1089 373 1133 viribus,
394 1098 483 1141 post
503 1091 716 1127 Caudinam
735 1102 869 1140 pacem
899 1089 1016 1125 animi
1043 1093 1215 1124 mutave-

95 1156 196 1195 rant,
224 1158 267 1188 ut
295 1153 494 1191 clariorem
531 1155 631 1190 iuter
660 1154 858 1190 Romanos
893 1153 1037 1189 deditio
1074 1151 1214 1187 Postu-

94 1214 228 1258 mium,
249 1228 360 1264 quam
381 1217 563 1256 Pontium
583 1220 782 1256 incruenta
801 1220 963 1256 victoria
980 1219 1080 1253 inter
1106 1217 1215 1253 Sam-

95 1277 194 1314 nites
230 1278 395 1317 faceret:
428 1289 466 1318 et
495 1284 574 1331 geri
612 1296 724 1333 posse
760 1282 902 1319 bellum
938 1281 1108 1317 Romani
1144 1293 1215 1329 pro

94 1342 254 1379 victoria
274 1351 377 1380 certa
394 1345 595 1390 haberent,
617 1348 806 1383 Samnites
827 1345 938 1382 simul
958 1344 1160 1381 rebellasse
1177 1349 1216 1380 et

92 1405 227 1443 vicisse
242 1409 438 1445 crederent
458 1410 690 1448 Romanum.
736 1411 843 1447 Inter
861 1411 942 1447 haec
963 1409 1151 1445 Satricani
1168 1408 1216 1444 ad

93 1471 280 1508 Samnites
297 1471 531 1516 defecerunt,
553 1480 590 1510 et
609 1473 791 1523 Fregellae
810 1476 960 1510 colonia
985 1473 1214 1522 necopinato

95 1535 258 1571 adventu
278 1536 507 1572 Samnitium
531 1537 664 1585 (fuisse
684 1544 722 1574 et
743 1538 960 1574 Satricanos
982 1549 1067 1574 cum
1087 1538 1131 1572 iis
1153 1548 1213 1572 sa·-

97 1600 146 1635 tis
167 1602 335 1648 constat)
358 1609 472 1637 nocte
492 1611 678 1652 occupata
699 1609 779 1639 est:
812 1603 927 1638 timor
953 1601 1040 1637 inde
1060 1607 1212 1637 mutnus

95 1670 276 1714 utrosque
306 1678 424 1715 usque
443 1667 490 1702 ad
518 1666 642 1703 lucem
661 1668 810 1716 quietos
840 1666 989 1702 tenuit:
1021 1665 1085 1701 lux
1115 1678 1212 1715 pug-

96 1741 155 1764 nae
183 1730 335 1765 initium
354 1729 452 1776 fuit3
484 1744 597 1780 quam
626 1732 859 1781 aliquamdiu
887 1744 1047 1780 aequam,
1069 1737 1106 1767 et
1126 1731 1216 1780 quia

98 1805 168 1842 pro
188 1794 261 1829 aris
291 1806 334 1829 ac
353 1794 448 1830 focis
469 1795 735 1838 dimicabatur,
757 1802 794 1832 et
814 1796 902 1845 quia
931 1808 976 1832 ex
1006 1795 1117 1831 tectis
1147 1794 1214 1832 ad-

93 1857 255 1908 juvabat
281 1859 429 1895 inbellis
461 1860 678 1904 multitudo,
699 1868 828 1897 tamen
856 1860 1070 1910 Fregellani
1100 1861 1214 1896 susti-

100 1929 275 1959 nuerunt.
317 1923 435 1960 Fraus
457 1925 591 1961 deinde
610 1938 688 1962 rem
718 1925 928 1968 inclinavit,
951 1925 1051 1974 quod
1080 1936 1214 1962 vocem

100 1986 220 2022 audiri
255 1989 440 2037 praeconis
478 1991 580 2039 passi
616 1979 728 2035 sunt3
762 1991 982 2027 Incolumem
1018 1990 1213 2032 abiturum,

100 2053 161 2099 qui
179 2063 282 2088 arma
295 2055 493 2100 posuisset:
525 2067 568 2090 ea
587 2067 670 2104 spes
696 2055 841 2090 remisit
866 2067 889 2090 a
907 2055 1112 2091 certamine
1132 2054 1215 2090 ani·

100 2126 197 2157 mOS,
236 2122 273 2151 et
310 2118 449 2166 passim
479 2130 584 2153 arma
614 2117 754 2168 jactari
783 2125 922 2167 coepta.
976 2118 1216 2154 Pertinacior

100 2192 185 2230 pars
205 2188 351 2231 armata
378 2196 445 2232 per
474 2197 641 2220 aversam
661 2191 811 2235 portam
840 2185 987 2236 erupit3
1019 2185 1215 2233 tutiorque

101 2243 152 2279 eis
183 2244 339 2281 audacia
366 2246 453 2289 fuit,
475 2260 588 2296 qnam
618 2249 792 2284 incautus
828 2248 874 2284 ad
896 2247 1120 2284 credendum
1152 2260 1212 2283 ce<

83 2307 192 2360 lteris
228 2321 369 2358 pavor:
402 2323 495 2359 quos
535 2312 787 2347 circumdatos
825 2311 919 2359 igni,
959 2311 1213 2359 nequidquam

104 2367 209 2407 Deos
235 2371 419 2424 fidemque
456 2375 692 2419 invocantes,
724 2375 911 2412 Samnites
950 2385 1215 2414 concremave-
