1527 2661
336 196 487 224 LIBER
512 195 654 223 XXIV.
687 194 793 222 CAP.
817 194 881 221 XV
895 193 976 222 111.
1133 192 1213 235 391

105 295 228 338 parat,
258 300 326 323 nec
356 299 499 323 moram
528 285 730 322 dimicandi
757 284 893 320 facere.
953 284 996 320 C.
1017 283 1216 320 Claudium
1231 288 1273 318 U.
1285 287 1321 318 C.
1340 294 1414 318 538.

106 351 301 388 Neronem
329 363 413 387 cum
442 349 579 386 robore
613 349 781 398 equitum
811 347 963 384 silentio
997 349 1120 384 noctis
1153 361 1219 397 per
1232 333 1271 362 Α·
1286 331 1412 361 02¹⁴·

107 428 274 452 aversam
299 416 463 451 maxime
489 415 535 451 ab
558 414 670 449 hoste
689 419 839 464 portam
860 413 1026 448 emittit:
1059 413 1220 448 circum-

107 485 330 528 vectumque
356 479 505 515 occulte
528 478 704 526 subsequi
732 477 871 512 sensim
897 489 1033 526 agmen
1052 477 1221 530 hostiurn

100 543 227 593 jubet,
254 550 305 586 et,
334 556 449 592 quum
469 550 641 578 coortum
669 541 845 592 proelium
865 542 1020 583 videret,
1043 541 1089 577 ab
1113 544 1221 589 tergo

107 620 146 643 se
166 605 343 657 objicere.
390 607 435 643 Id
453 619 578 642 errore
597 606 756 649 viarum,
777 618 825 641 an
846 606 1055 654 exiguitate
1074 611 1221 655 tempo-

106 672 171 714 ris,
192 671 298 707 Nero
321 672 474 720 exsequi
499 683 576 706 non
602 672 782 720 potuerit,
802 671 989 706 incertum
1016 675 1085 706 est.
1141 669 1222 705 Ab·

107 742 213 771 sente
240 748 285 771 eo
304 749 419 785 quum
445 736 622 786 proelium
650 736 892 771 commissum
918 740 1031 777 esset,
1053 734 1224 784 superior

107 799 258 847 quidem
277 799 379 835 haud
405 799 517 836 dubie
543 800 742 836 Romanus
770 804 876 834 erat:
908 798 986 841 sed,
1007 798 1096 847 quia
1119 798 1223 847 equi-

107 869 162 897 tes
183 875 261 898 non
281 862 434 899 adfuere
454 864 493 899 in
509 869 695 913 tempore,
712 863 810 898 ratio
830 862 1051 912 compositae
1070 863 1124 897 rei
1143 867 1224 897 tur-

107 926 198 962 bata
214 933 290 963 est:
313 940 394 964 non
413 941 523 964 ausus
547 928 693 977 insequi
713 928 887 964 cedentes
907 926 1127 969 Marcellus,
1142 926 1224 962 vin-

106 990 279 1035 centibus
311 993 385 1028 suis
420 993 571 1041 signum
603 992 771 1042 receptui
804 991 918 1028 dedit.
975 990 1064 1027 Plus
1097 997 1225 1026 tamen

108 1054 184 1091 duo
202 1055 322 1092 millia
342 1057 510 1093 hostium
537 1070 582 1093 eo
603 1057 663 1093 die
686 1069 781 1092 caesa
803 1056 1024 1092 traduntur:
1057 1055 1227 1092 Romani

108 1118 231 1155 minus
252 1120 550 1170 quadringentis.
606 1120 705 1156 Solis
724 1120 803 1157 fere
826 1132 964 1157 occasu
985 1119 1106 1163 Nero,
1127 1119 1226 1155 diem

109 1189 336 1233 noctemque
372 1185 625 1235 nequidquam
654 1185 824 1235 fatigatis
855 1185 959 1234 equis
987 1184 1226 1221 hominibus-

108 1260 196 1296 que,
217 1261 265 1285 ne
284 1249 365 1285 viso
385 1250 536 1298 quidem
554 1250 666 1286 hoste
689 1250 851 1294 rediens,
873 1250 968 1286 adeo
988 1249 1151 1298 graviter
1171 1254 1228 1284 est

109 1310 156 1347 ab
187 1312 342 1348 consule
367 1314 588 1364 increpitus,
616 1321 655 1350 ut
683 1327 750 1364 per
779 1327 864 1350 eum
894 1314 1041 1349 stetisse
1071 1312 1226 1355 diceret,

108 1388 184 1424 quo
204 1377 327 1429 minus
355 1385 510 1428 accepta
530 1380 574 1415 ad
604 1380 757 1415 Cannas
785 1378 1002 1414 redderetur
1029 1377 1131 1415 hosti
1151 1376 1228 1413 cla-

108 1438 186 1476 des.
241 1439 402 1477 Postero
440 1441 500 1478 die
536 1442 734 1478 Romanus
772 1443 812 1478 in
850 1442 969 1477 aciem
1007 1440 1223 1476 descendit:

107 1502 265 1547 Poenus,
298 1506 416 1541 tacita
444 1506 560 1542 etiam
590 1506 832 1542 confessione
858 1506 994 1548 victus,
1026 1505 1157 1540 castris
1190 1518 1229 1540 se

108 1568 244 1604 tenuit.
291 1568 424 1605 Tertio
444 1571 504 1606 die
524 1571 676 1607 silentio
703 1571 842 1612 noctis,
863 1570 1004 1606 omissa
1031 1582 1095 1619 spe
1116 1568 1226 1604 Nolae

109 1632 317 1681 potiundae,
334 1635 388 1669 rei
407 1648 613 1684 numquam
633 1647 812 1684 prospere
828 1639 1000 1677 tentatae‚
1017 1633 1228 1669 Tarentum

109 1695 158 1732 ad
176 1697 376 1733 certiorem
395 1711 498 1748 spem
518 1700 744 1749 proditionis
765 1699 1028 1748 proficiscitur.

164 1759 319 1798 XVIII.
356 1762 440 1798 Nec
473 1764 620 1799 minore
650 1764 777 1799 animo
816 1776 872 1798 res
903 1762 1081 1798 Romana
1110 1761 1226 1805 domi,
1241 1763 1385 1794 Censura

111 1836 225 1872 quam
253 1824 412 1869 militi-ae,
438 1827 650 1875 gerebatur.
709 1828 909 1870 Censores,
931 1827 1039 1863 vacui
1067 1826 1114 1862 ab
1136 1839 1227 1877 ope-
1240 1806 1417 1879 ῗεῖἓηῗχίἷ

113 1901 195 1923 rum
224 1888 472 1926 locandorum
501 1905 604 1934 cura,
635 1898 791 1942 propter
822 1893 990 1943 inopiam
1021 1891 1155 1933 aerarii,
1184 1892 1229 1927 ad
1241 1894 1314 1923 cita,

111 1965 234 1988 mores
255 1954 451 1991 hominum
473 1957 657 2004 regendos
681 1958 850 1993 animum
870 1957 1126 1998 adverterunt,
1147 1947 1228 1991 cas-

110 2016 339 2066 tigandaque
364 2020 483 2065 vitia5
524 2034 621 2069 quae,
650 2021 753 2057 velut
779 2022 933 2057 diutinis
961 2020 1103 2057 morbis
1132 2033 1231 2069 aegra

110 2093 271 2130 corpora
294 2094 338 2118 ex
369 2095 408 2118 se
437 2084 615 2132 gignunt,
645 2093 736 2121 nata
762 2085 863 2122 bello
884 2092 1003 2122 erant.
1061 2085 1230 2121 Primum

108 2156 173 2179 eos
203 2145 428 2189 citaverunt,
455 2148 519 2195 qui
548 2154 636 2198 post
665 2149 905 2186 Cannensem
936 2161 1103 2199 pugnam
1133 2161 1231 2184 rem-

109 2207 301 2258 publicam
336 2210 558 2255 deseruisse‚
594 2213 782 2262 Italiaque
813 2215 1017 2250 excessisse
1050 2211 1144 2248 velle
1175 2212 1231 2247 di-

110 2270 323 2309 cebantur:
372 2275 545 2325 princeps
585 2289 715 2312 eorum
751 2277 798 2314 L.
833 2277 1007 2313 Caecilius
1048 2274 1229 2312 Metellus

67 2361 70 2363 A
109 2341 276 2383 quaestor
294 2343 374 2373 tum
395 2338 494 2376 forte
514 2347 606 2378 erat.
653 2341 769 2377 Jusso
789 2341 923 2378 deinde
950 2354 995 2376 eo
1020 2340 1229 2389 ceterisque

650 2405 675 2440 S
696 2405 717 2440 4
