1527 2661
249 172 336 217 544
714 172 761 199 T.
786 170 921 200 mvn

58 272 150 304 uc,
169 265 337 304 542,estis·
364 263 513 297 extremi
539 262 864 309 Syracusanorum,
886 262 1016 308 quippe
1037 260 1096 308 qui
1123 260 1205 296 aliis
1229 259 1375 297 humili-

57 317 100 348 Α·
115 316 153 348 C·
168 323 367 363 21⁰·tatem
389 324 575 371 objiciatis.
626 326 713 365 Quis
732 330 781 360 est
802 323 967 367 vestram,
989 327 1049 372 qui
1077 338 1112 360 se
1138 325 1227 360 mihi
1252 330 1379 372 portas

255 395 483 440 aperturum,
506 392 566 437 qui
586 394 747 423 armatos
767 390 897 424 milites
925 400 1015 424 meos
1042 391 1078 424 in
1099 389 1225 425 -urbem
1252 401 1377 437 accep-

256 463 380 495 turum
397 456 632 505 promiserit?
663 456 796 490 Odistis
816 459 851 489 et
870 455 1100 489 exsecramini
1119 466 1188 496 eos,
1206 457 1265 502 qui
1273 454 1378 503 fece-

255 527 357 566 runt,
379 526 414 558 et
433 533 476 557 ne
495 521 553 556 hic
572 521 715 568 quidem
738 519 961 555 contumeliis
981 520 1016 554 itz
1036 531 1093 554 eos
1112 520 1269 555 dicendis
1290 531 1380 567 par-

257 588 364 623 citis:
395 590 537 622 tantum
563 585 671 627 abest,
696 588 737 620 ut
764 588 800 619 et
826 584 894 632 ipsi
920 584 993 619 tale
1021 584 1217 631 quidquam
1235 582 1384 632 facturi

246 649 414 699 fueritis.
446 650 533 698 Ipsa
552 649 740 685 humilitas
758 659 894 689 eorum,
910 648 1040 684 Patres
1053 649 1257 696 conscripti,
1274 659 1383 695 quam

258 718 319 753 isti
337 715 521 763 objiciunt,
542 716 699 751 maximo
719 719 930 762 argumento
949 719 1014 756 est,
1034 725 1090 749 me
1112 715 1300 756 neminem,
1320 714 1382 761 qui

257 786 430 817 navatam
464 792 613 828 operam
648 779 853 827 reipublica,²
888 783 1016 814 nostrcc
1046 779 1145 821 velit,
1180 783 1383 815 aversatum

257 858 339 883 esse.
385 846 449 888 Et,
477 850 672 893 antequam
697 844 891 880 obsiderem
921 844 1133 891 Syracusas,
1160 856 1254 880 nunc
1284 845 1382 891 lega-

260 911 305 946 tis
329 910 525 951 mittendis,
547 921 640 945 nunc
665 910 714 944 ad
741 909 968 956 conloquium
996 909 1125 952 eundo,
1153 910 1286 944 tentavi
1312 921 1381 957 pa-

258 987 361 1012 cem:
391 979 438 1017 et,
464 979 657 1022 postquam
684 986 795 1022 neque
823 975 960 1021 legatos
986 974 1148 1010 violandi
1169 975 1382 1010 verecundia

258 1044 352 1080 erat,
373 1050 436 1074 nec
456 1038 543 1074 mihi
564 1039 634 1086 ipsi
653 1049 834 1085 congresso
854 1038 902 1074 ad
918 1042 1042 1085 portas
1062 1049 1142 1073 cum
1162 1038 1386 1086 principibus

258 1115 464 1151 responsum
485 1102 654 1144 (labatur,
675 1103 799 1138 multis
826 1107 923 1138 terra
949 1104 1113 1150 marique
1130 1102 1310 1138 exhaustis
1330 1103 1386 1138 la·

257 1168 410 1210 boribus,
433 1168 577 1203 tandem
597 1168 632 1203 vi
658 1172 766 1215 atque
791 1169 902 1204 armis
927 1167 1125 1215 Syracusas
1150 1167 1238 1215 cepi.
1299 1166 1386 1208 Quae

258 1234 374 1280 captis
400 1234 611 1275 acciderint,
632 1233 732 1280 apud
750 1232 992 1268 Hannibalem
1013 1236 1049 1268 et
1067 1231 1387 1279 Karthaginienses

257 1298 438 1345 victosque
456 1296 604 1343 justius,
633 1310 741 1345 quam
769 1298 868 1345 apud
895 1298 1039 1333 victoris
1062 1297 1191 1345 populi
1207 1302 1384 1340 senatum,

258 1367 502 1409 quererentur.
541 1363 636 1410 Ego,
655 1363 785 1398 Patres
804 1363 1011 1410 conscripti,
1034 1362 1232 1410 Syracusas
1248 1363 1384 1411 spolia-

259 1430 315 1461 tas
338 1427 367 1461 si
394 1430 591 1474 negaturus
616 1438 738 1468 essem,
761 1438 957 1474 numquam
981 1426 1103 1473 spoliis
1121 1438 1244 1462 earum
1263 1427 1384 1463 urbem

259 1490 415 1526 Romam
445 1502 665 1527 exornarem.
725 1491 814 1531 Quae
842 1496 964 1527 autem
995 1492 1146 1538 singulis
1176 1493 1290 1527 victor
1321 1497 1386 1528 aut

260 1556 392 1598 ademi,
412 1560 478 1591 aut
497 1557 580 1592 dedi
591 1573 604 1600 ,-
630 1568 738 1604 quum
758 1556 840 1591 belli
849 1553 948 1601 jure,
971 1560 1047 1591 tum
1066 1567 1108 1591 ex
1126 1555 1294 1604 cujusque
1312 1568 1384 1592 me-

257 1622 343 1662 rito,
363 1621 452 1656 satis
470 1622 542 1656 scio
562 1632 617 1656 me
623 1619 771 1668 fecisse.
807 1620 865 1655 Ea
882 1632 943 1655 vos
961 1624 1046 1655 rata
1065 1619 1237 1662 habeatis,
1255 1621 1387 1657 Patres

260 1687 464 1733 conscripti,
497 1697 551 1721 nae
578 1687 694 1732 magis
723 1684 930 1733 reipublicae
962 1685 1122 1727 interest,
1156 1697 1265 1732 quam
1294 1697 1386 1723 mea.
1414 1706 1417 1707 ν

260 1749 349 1784 Elea
369 1750 500 1797 quippe
516 1750 613 1797 fides
635 1750 796 1785 exsoluta
816 1754 893 1785 est:
922 1750 971 1784 ad
988 1749 1245 1797 rempublicam
1269 1751 1385 1797 perti-

259 1818 333 1855 net,
353 1825 396 1847 ne
416 1817 500 1848 acta
520 1825 598 1848 mea
617 1814 861 1855 rescindendo,
883 1813 975 1848 alios
993 1814 1030 1848 in
1045 1817 1229 1860 posterum
1247 1815 1385 1859 segnio-

260 1890 314 1914 res
333 1877 617 1927 clucessaciatis.
662 1879 713 1914 Et
733 1881 902 1927 quoniam
922 1890 1042 1914 coram
1068 1883 1103 1914 et
1128 1878 1333 1915 Siculorum
1352 1884 1388 1915 et

261 1955 338 1979 meu
358 1943 464 1978 verba
485 1944 648 1985 audistis,
672 1944 804 1979 Patres
827 1944 1029 1991 conscripti,
1049 1944 1157 1979 simul
1177 1944 1307 1992 templo
1327 1956 1386 1980 ex-

259 2009 434 2050 cedemus,
458 2012 510 2050 ut,
533 2019 586 2042 me
609 2008 764 2050 absente,
788 2008 931 2044 liberius
952 2010 1086 2044 consuli
1103 2014 1247 2045 senatus
1261 2010 1385 2057 possit.

261 2070 321 2107 Ita
342 2071 505 2107 dimissis
527 2071 678 2114 Siculis,
701 2078 737 2107 et
766 2072 847 2121 ipse
867 2073 904 2107 in
927 2072 1162 2121 Capitolium
1190 2072 1237 2108 ad
1263 2071 1386 2109 delec-

260 2140 342 2171 tum
363 2135 548 2172 discessit.

313 2199 497 2236 XXXII.
528 2199 674 2236 Consul
695 2200 790 2236 alter
810 2200 855 2235 de
876 2199 1078 2249 postulatis
1104 2201 1318 2238 Siculorum
1339 2202 1386 2238 ad

259 2263 392 2300 Patres
415 2265 556 2303 retulit.
611 2266 671 2302 Ibi
693 2279 807 2316 quum
829 2266 893 2302 diu
912 2267 958 2303 de
979 2268 1179 2304 sententiis
1200 2274 1384 2304 certatum

259 2337 372 2374 esset,
395 2339 433 2368 et
452 2345 591 2382 magna
617 2345 703 2384 pars
731 2341 899 2375 senatus,
924 2333 1095 2383 principe
1123 2331 1202 2382 ejus
1233 2340 1385 2368 senten-
