1527 2661
328 223 407 265 192
783 219 828 245 T.
857 215 985 244 LIVII

131 311 450 348 U.C.534.nando
485 309 587 357 quies
626 308 717 343 data
743 305 948 341 militibus:
978 303 1226 354 jumentaque
1262 301 1419 350 aliquot,

128 361 220 391 A.C.
237 366 406 424 ²¹8'quae
433 372 610 423 prolapsa
641 371 680 405 in
708 369 862 419 rupibus
896 374 1015 410 erant,
1047 367 1236 415 sequendo
1264 365 1423 412 vestigia

322 436 481 486 agminis
502 436 541 470 in
563 440 685 469 castra
710 443 923 481 pervenere.
977 430 1100 466 Fessis
1128 429 1239 465 taedio
1257 434 1316 464 tot
1340 440 1421 463 ma-

320 501 443 537 lorum
468 498 563 534 nivis
590 497 702 532 etiam
732 507 853 537 casus,
877 494 1070 529 occidente
1092 492 1174 542 jam
1194 493 1312 528 sidere
1331 491 1424 526 Ver-

311 564 511 613 giliarum,
545 561 737 607 ingentem
770 564 951 593 terrorem
987 555 1135 605 adjecit.
1192 555 1264 590 Per
1296 554 1424 590 omnia

323 628 409 663 nive
428 624 582 675 oppleta
597 635 725 671 quum,
743 622 858 670 signis
874 621 995 670 prima
1013 620 1095 655 luce
1113 620 1241 661 motis,
1259 619 1424 667 segniter

324 702 460 739 agmen
489 686 692 728 incederet,
723 685 948 735 pigritiaque
978 690 1016 719 et
1044 683 1254 733 desperatio
1274 683 1314 717 in
1342 693 1424 717 om-

323 754 429 789 nium
459 750 563 787 vultu
597 750 799 793 emineret,
836 759 1061 796 praegressus
1093 747 1201 794 signa
1229 742 1425 781 Hannibal

324 818 363 852 in
391 814 654 866 promontorio
687 812 863 861 quodam,
894 811 993 846 unde
1021 810 1134 858 longe
1160 822 1202 845 ac
1232 808 1307 844 late
1335 820 1424 857 pro-

324 887 473 931 spectus
487 885 580 921 erat,
594 878 797 914 consistere
802 875 918 926 jussis
935 874 1114 911 militibus
1132 873 1281 909 Italiam
1297 879 1425 908 osten-

323 951 394 988 tat,
425 943 689 993 subjectosque
711 941 859 990 Alpinis
885 938 1076 975 montibus
1104 937 1423 986 Circumpadanos

324 1021 502 1058 campos:
534 1008 728 1053 moeniaque
752 1017 808 1040 eos
837 1010 911 1040 tum
941 1004 1186 1040 transcendere
1211 1013 1282 1037 non
1308 1001 1427 1036 Italiae

323 1074 440 1114 modo,
460 1072 521 1107 sed
538 1071 647 1106 etiam
672 1069 767 1105 urbis
786 1069 958 1104 Romame
970 1084 982 1103 .·
1011 1072 1127 1103 cetera
1148 1067 1275 1114 plana,
1293 1065 1427 1112 procli-

323 1139 383 1173 via
397 1136 509 1184 fore:
537 1147 618 1176 urm,
645 1139 708 1169 aut
737 1145 912 1169 summum
944 1133 1057 1168 altero
1088 1131 1212 1179 proelz'o
1241 1141 1359 1165 arcem
1393 1132 1429 1163 et

324 1205 432 1247 caput
461 1200 579 1234 Italiae
614 1199 651 1233 in
684 1209 792 1232 manu
820 1210 862 1232 ac
884 1200 1063 1244 potestate
1091 1194 1280 1230 habituros.
1335 1191 1430 1227 Pro-

325 1263 455 1299 cedere
486 1261 573 1297 inde
606 1273 741 1309 agmen
773 1260 912 1310 coepit3
938 1259 1020 1309 jam
1046 1257 1141 1295 nihil
1173 1270 1221 1294 ne
1255 1254 1428 1292 hostibus

324 1326 488 1375 quidem,
509 1330 643 1374 praeter
662 1337 776 1374 parva
794 1324 895 1359 furta
913 1336 979 1373 per
1003 1323 1254 1364 occasionem,
1276 1325 1428 1356 tentan-

325 1389 438 1425 tibus.
468 1388 645 1423 Ceterum
660 1387 731 1422 iter
748 1386 882 1429 multo,
904 1399 1015 1435 quam
1034 1387 1073 1421 in
1093 1385 1275 1421 adscensu
1288 1383 1425 1424 fuerat,

328 1456 388 1499 (ut
406 1452 581 1502 pleraque
598 1450 751 1499 Alpium
768 1450 814 1486 ab
835 1450 947 1485 Italia
966 1450 1062 1485 sicut
1080 1449 1265 1489 breviora,
1288 1447 1341 1482 ita
1359 1446 1425 1481 ad-

326 1517 487 1552 rectiora
509 1514 613 1561 sunt)
635 1514 818 1550 difficilius
838 1514 933 1549 fuit:
966 1513 1087 1549 omnis
1113 1512 1213 1548 enim
1232 1509 1347 1546 ferme
1367 1511 1426 1545 via

325 1592 504 1630 praeceps,
531 1584 703 1626 angusta,
724 1578 868 1613 lubrica
893 1584 995 1613 erat:
1028 1582 1070 1612 ut
1094 1588 1215 1625 neque
1242 1575 1425 1610 sustinere

325 1657 364 1681 se
384 1658 405 1680 a
424 1644 529 1693 lapsu
555 1649 732 1692 possent3
764 1655 847 1685 nec,
868 1643 930 1691 qui
950 1641 1157 1691 paullulum
1182 1640 1423 1681 titubassent,

324 1709 465 1744 haerere
491 1707 629 1743 adflicti
654 1706 815 1754 vestigio
835 1718 927 1749 suo3
959 1705 1096 1753 aliique
1122 1716 1232 1753 super
1257 1703 1365 1745 alios,
1387 1709 1422 1738 et

318 1772 493 1823 jumenta
512 1777 549 1806 et
566 1770 751 1812 homines,
772 1769 995 1804 occiderent.

378 1833 571 1870 XXXVI.
600 1833 766 1868 Ventum
795 1832 927 1867 deinde
957 1831 1002 1866 ad
1021 1829 1140 1866 multo
1170 1828 1425 1877 angustiorem

326 1910 469 1947 rupem,
491 1903 603 1944 atque
623 1896 675 1931 ita
693 1896 804 1931 rectis
824 1895 937 1938 saxis,
959 1900 1000 1929 ut
1023 1905 1120 1942 aegre
1141 1892 1333 1942 expeditus
1353 1891 1424 1926 mi-

325 1961 377 1996 les
413 1958 682 2000 tentabundus,
713 1957 959 2005 manibusque
992 1957 1156 1992 retinens
1190 1954 1352 2003 virgulta
1381 1966 1424 1989 ac

327 2024 458 2070 stirpes
478 2022 576 2057 circa
596 2021 816 2061 eminentes,
837 2020 1032 2055 demittere
1052 2031 1130 2054 sese
1150 2025 1289 2067 posset.
1344 2016 1425 2052 Na·

328 2091 412 2120 tura
430 2083 533 2118 locus
546 2082 628 2131 jam
654 2090 741 2119 ante
760 2094 939 2132 praeceps,
959 2082 1101 2117 recenti
1121 2081 1227 2129 lapsu
1245 2086 1353 2115 terrae
1383 2080 1421 2115 in

327 2148 460 2197 pedum
493 2145 593 2180 mille
621 2147 822 2185 admodum
850 2145 1086 2181 altitudinem
1115 2143 1294 2192 abruptus
1332 2150 1422 2179 erat.

327 2211 385 2247 lbi
405 2223 532 2259 quum,
553 2208 654 2244 velut
679 2210 723 2244 ad
750 2210 861 2245 finem
881 2209 963 2251 viae,
984 2209 1125 2256 equites
1152 2200 1422 2249 constitissent,

327 2274 477 2311 miranti
505 2271 728 2314 Hannibali,
748 2284 829 2320 quae
848 2284 905 2307 res
931 2277 1138 2306 moraretur
1157 2283 1305 2318 agmen,
1325 2282 1422 2305 nun-

322 2339 459 2377 ciatur,
479 2348 608 2385 rupem
629 2335 766 2371 inviam
787 2347 887 2370 esse:
921 2335 1106 2382 digressus
1127 2334 1258 2369 deinde
1278 2333 1356 2383 ipse
1376 2333 1419 2369 ad
