1527 2661
272 177 362 233 564
735 191 782 219 T.
807 191 940 220 mvn

76 273 263 351 Xmggssg·
329 278 455 316 XLV.
485 278 591 315 Inter
618 280 699 316 haec
728 280 938 331 repleverat
960 278 1044 330 jam
1066 280 1207 318 Poenus
1237 282 1393 319 armatis

110 340 118 349 ⁶
163 341 170 349 '
255 341 262 349 ’
275 357 418 387 muros,
439 350 477 380 et
496 345 550 380 vis
574 358 726 394 magna,
747 358 794 381 ex
821 346 968 394 ingenti
988 346 1100 395 copia
1118 353 1314 395 congesta,
1334 353 1392 382 te-

273 407 398 444 lorum
421 408 701 459 subpeditabat.
759 409 832 446 Sed
860 422 982 458 neque
1001 410 1086 452 viri,
1112 423 1182 447 nec
1208 410 1299 454 tela,
1325 423 1396 446 nec

273 473 478 522 quidquam
499 472 600 509 aliud
617 487 735 522 aeque,
753 486 866 522 quam
885 475 1029 510 moenia
1047 475 1128 524 ipsa
1148 487 1243 518 sese,
1263 474 1394 511 defen-

274 538 415 576 debant
431 554 438 575 :
471 552 564 576 rarae
581 540 682 576 enim
697 539 807 576 scalae
823 539 1016 576 altitudini
1034 540 1173 588 :equari
1188 546 1391 590 poterant:

274 609 325 647 et,
347 616 423 653 quo
443 616 601 653 quaeque
628 604 797 648 altiores,
819 617 864 641 eo
884 604 1110 641 infirmiores
1137 611 1257 642 erant.
1313 604 1396 642 Ita-

272 681 360 717 que,
375 682 490 718 quum
510 682 677 705 summus
693 670 853 719 quisque
872 670 1029 706 evadere
1048 683 1125 706 non
1146 676 1289 720 posset,
1306 669 1395 706 sub-

272 732 372 769 irent
392 740 519 770 tamen
550 734 628 777 alii,
650 747 765 771 onere
796 736 877 785 ipso
897 734 1195 783 frangebantur:
1227 734 1395 783 quidam,

272 798 462 834 stantibus
484 798 610 842 scalis,
631 813 747 849 quum
774 800 936 836 altitudo
957 798 1158 848 caliginem
1184 798 1303 835 oculis
1323 798 1395 835 ob-

269 860 443 904 fudisset,
462 863 509 899 ad
528 870 668 900 terram
685 863 797 900 delati
819 871 919 901 sunt.
965 863 1018 899 Et
1034 876 1149 912 quum
1163 863 1304 913 passim
1321 863 1394 898 ho—

270 928 389 964 mines
410 929 596 978 scalaeque
615 936 780 972 ruerent,
803 938 840 966 et
860 931 944 980 ipso
964 942 1140 966 successu
1159 929 1316 966 audacia
1335 936 1394 966 at-

269 1004 341 1040 que
362 992 536 1028 alacritas
556 994 725 1028 hostium
745 1000 944 1036 cresceret,
966 995 1117 1042 signum
1136 994 1305 1043 receptui
1326 993 1390 1030 da-

269 1062 351 1092 tum
373 1063 453 1102 est3
488 1058 588 1105 qnod
617 1070 721 1107 spem
749 1071 826 1094 non
848 1059 1046 1107 praesentis
1073 1058 1188 1094 modo
1216 1058 1263 1094 ab
1283 1064 1395 1094 tanto

269 1122 476 1157 certamine
503 1135 546 1157 ac
576 1121 706 1158 labore
736 1123 872 1170 quietis
904 1123 1082 1165 obsessis,
1113 1123 1178 1158 sed
1206 1122 1321 1158 etiam
1353 1123 1394 1158 in

267 1191 464 1237 posterum
493 1186 607 1228 dedit,
639 1186 748 1222 scalis
780 1193 817 1222 et
851 1199 995 1223 corona
1023 1187 1107 1236 capi
1145 1186 1278 1223 urbem
1312 1199 1392 1222 non

268 1262 403 1301 posse:
437 1263 550 1300 opera
579 1257 616 1287 et
636 1251 801 1287 difficilia
827 1264 921 1294 esse,
944 1258 982 1288 et
1007 1258 1155 1302 tempus
1176 1251 1323 1294 datura,
1345 1251 1393 1287 ad

267 1315 463 1352 ferendam
490 1328 616 1364 opem,
638 1316 930 1364 imperatoribus
958 1317 1046 1352 suis.
1105 1316 1181 1351 Vix
1203 1316 1307 1366 prior
1331 1321 1393 1351 tu-

222 1375 227 1377 *
268 1379 409 1416 multus
427 1380 678 1423 conticuerat,
695 1393 811 1428 quum
833 1380 960 1430 Scipio
981 1381 1028 1417 ab
1045 1380 1197 1416 defessis
1210 1380 1293 1430 jam
1310 1380 1392 1416 vul-

268 1443 486 1491 neratisque
505 1449 674 1479 recentes
695 1444 940 1492 integrosque
961 1444 1055 1479 alios
1082 1445 1252 1494 accipere
1271 1444 1391 1480 scalas

259 1505 388 1557 jubet,
410 1513 447 1542 et.
469 1507 501 1542 vi
524 1505 668 1555 majore
684 1508 837 1555 adgredi
856 1507 998 1544 urbem.
1056 1508 1157 1557 Ipse,
1176 1514 1218 1543 ut
1238 1508 1271 1543 ei
1291 1521 1390 1544 nun-

266 1572 407 1607 ciatum
427 1577 498 1614 est,
517 1578 650 1607 aestum
666 1571 857 1615 decedere,
875 1572 976 1621 quod
991 1585 1057 1621 per
1072 1573 1278 1622 piscatores
1294 1573 1391 1609 Tar-

265 1647 508 1678 raconenses,
537 1648 638 1671 nunc
664 1635 809 1671 levibus
837 1636 996 1686 cymbiS,
1024 1649 1140 1679 nunc,
1170 1637 1234 1673 ubi
1260 1649 1312 1673 eae
1339 1638 1390 1673 si·-

266 1700 414 1743 derent,
448 1701 549 1736 vadis
582 1706 807 1749 pervagatos
839 1707 1031 1750 stagnum,
1059 1708 1296 1751 compertum
1320 1702 1388 1741 ha-

264 1764 395 1808 bebat,
418 1763 568 1800 facilem
589 1764 747 1814 pedibus
769 1764 815 1800 ad
835 1778 983 1801 murum
1003 1767 1207 1801 transitum
1227 1766 1321 1810 dari,
1342 1779 1389 1802 eo

266 1840 394 1864 secum
422 1835 588 1865 armatos
610 1828 729 1864 duxit.
786 1828 959 1865 Medium
978 1829 1096 1865 ferme
1116 1829 1188 1865 diei
1215 1836 1319 1866 erat:
1352 1836 1391 1866 et

266 1892 314 1929 ad
333 1892 385 1935 id,
407 1893 508 1941 quod
528 1905 594 1928 sua
620 1898 757 1942 sponte
776 1893 933 1929 cedente
953 1894 993 1929 in
1019 1906 1121 1929 mare
1142 1900 1234 1929 aestu
1260 1894 1389 1931 trahe-

265 1956 379 1993 batur
407 1969 519 2006 aqua,
541 1969 627 1992 acer
653 1958 767 1993 etiarn
789 1958 1008 2007 Septentrio
1032 1964 1137 1993 ortus
1163 1957 1389 1995 inclinatum

265 2027 442 2070 stagnum
471 2022 618 2065 eodem,
640 2035 716 2071 quo
747 2028 873 2065 aestus‚
894 2021 1055 2066 ferebat,
1083 2028 1120 2058 et
1149 2023 1244 2058 adeo
1268 2024 1388 2060 nuda-

263 2092 370 2122 verat
391 2086 497 2129 vada,
521 2092 561 2121 ut
587 2085 676 2121 alibi
705 2086 884 2122 umbilico
904 2092 1014 2122 tenus
1038 2099 1136 2135 aqua
1161 2094 1274 2130 esset,
1295 2087 1387 2124 alibi

264 2162 389 2199 genua
406 2151 471 2187 vix
490 2158 694 2200 superaret.
752 2151 855 2194 Hoc,
876 2163 965 2187 cura
985 2163 1028 2187 ac
1047 2151 1196 2187 ratione
1213 2163 1385 2201 comper-

262 2220 359 2257 tum,
386 2215 426 2250 in
454 2216 668 2265 prodigium
695 2228 738 2252 ac
767 2215 873 2252 Deos
902 2222 1060 2252 vertens
1082 2215 1224 2265 Scipio,
1245 2216 1310 2264 qui
1339 2216 1387 2253 ad

262 2279 466 2316 transitum
485 2277 672 2316 Romanis
691 2291 794 2317 mare
815 2285 1018 2325 verterent,
1038 2285 1076 2317 et
1103 2284 1241 2328 stagno
1261 2279 1384 2319 aufer-
