1527 2661
104 302 196 335 U.C.
216 310 287 335 535.

104 350 144 380 A.
159 346 194 376 C·
213 354 287 383 217.

106 489 195 518 Coss.
209 491 282 520 arti-

104 533 165 561 bus
182 533 268 563 Fabii

104 575 228 606 bellum

103 626 229 658 gerunt.

101 1532 284 1573 Neapolita-

102 1578 136 1608 ni
155 1586 271 1607 aurum

106 1621 255 1649 obferunt

107 1663 275 1694 Romanis.

302 198 381 240 266
752 211 797 239 T.
822 211 951 240 vau

299 296 486 347 insignem
506 297 609 333 ducis
637 304 673 333 et
700 305 881 347 augentes
903 297 1056 334 titulum
1076 299 1250 348 imaginis
1276 307 1405 350 postes

300 374 376 404 ros,
403 367 458 404 ut,
479 361 543 410 qui
573 374 641 411 pro
668 361 867 405 dictatore,
888 362 1052 398 dictator
1077 362 1275 407 diceretur,
1295 363 1408 401 facile

300 425 521 461 obtinuisse.

353 488 533 525 XXXII.
578 487 778 531 Consules,
816 488 956 524 Atilius
996 489 1181 533 Fabiano,
1224 491 1406 528 Geminus

299 553 477 590 Servilius
503 552 730 589 Minuciano
760 553 927 589 exercitu
953 561 1124 604 accepto,
1153 554 1407 593 hibernaculis

298 624 444 654 mature
464 616 724 659 communitis,
741 617 968 663 (extremum
989 618 1162 654 autumni
1180 619 1277 666 crat)
1299 618 1409 656 Fabii

296 682 441 721 artibus
462 695 547 718 eum
576 695 722 718 summa
750 683 849 718 inter
876 695 914 718 se
935 683 1138 719 concordia
1164 683 1304 720 bellum
1324 696 1410 733 ges-

295 753 438 785 serunt.
478 747 768 784 Frumentatum
785 748 938 784 exeunti
954 747 1165 784 Hannibali
1181 748 1334 784 diversis
1351 748 1409 784 lo-

294 814 349 849 cis
369 813 575 864 opportuni
595 812 764 855 aderant,
786 818 983 862 carpentes
1015 825 1166 861 agmen,
1186 812 1410 863 palatosque

295 878 551 928 excipientes:
584 877 623 912 in
649 890 777 913 casum
806 878 986 913 universae
1007 877 1275 921 dimicationis,
1297 889 1410 927 quam

296 941 471 979 omnibus
493 941 635 977 artibus
656 941 812 992 petebat
830 932 966 985 hostis,
985 955 1063 978 non
1081 941 1287 978 veniebant
1303 956 1310 976 :
1343 941 1409 977 ad-

296 1020 417 1056 eoque
434 1006 566 1056 inopia
585 1012 642 1042 est
668 1013 821 1042 coactus
844 1006 1056 1049 Hannibal,
1078 1015 1134 1049 ut,
1154 1006 1227 1042 nisi
1247 1012 1328 1041 tum
1348 1005 1408 1042 fu·-

296 1085 353 1121 gae
372 1071 535 1121 speciem
559 1070 734 1106 abeundo
764 1070 967 1115 timuisset,
989 1070 1154 1106 Galliam
1179 1071 1408 1120 repetiturus

296 1136 423 1179 fuerit,
446 1135 550 1171 nulla
569 1135 701 1171 relicta
726 1148 792 1186 spe
811 1135 936 1172 alendi
957 1137 1142 1172 exercitus
1170 1135 1207 1170 in
1229 1135 1279 1171 eis
1301 1134 1408 1178 locis,

297 1203 326 1237 εἰ
347 1203 588 1251 insequentes
615 1201 788 1237 consules
815 1203 954 1238 eisdem
981 1202 1123 1238 artibus
1144 1201 1283 1237 bellum
1304 1213 1409 1249 gerc-

295 1273 392 1303 rent.
450 1267 579 1305 Quum
609 1266 657 1302 ad
686 1265 896 1302 Geronium
923 1266 1006 1317 jam
1038 1266 1162 1302 hieme
1194 1265 1410 1316 inpediente

295 1331 530 1368 constitisset
557 1330 712 1373 bellum,
734 1330 982 1381 Neapolitani
1010 1330 1126 1380 legati
1154 1329 1319 1367 Romam
1346 1342 1409 1365 ve-

294 1409 407 1433 nere:
440 1396 487 1432 ab
514 1397 558 1432 iis
580 1396 830 1444 quadraginta
849 1402 989 1446 paterae
1016 1409 1137 1431 aureae
1157 1395 1285 1443 magni
1313 1407 1410 1444 pon-

296 1461 393 1496 deris
406 1461 453 1496 ffn
474 1462 615 1496 curiam
642 1460 782 1503 inlatae‚
804 1466 917 1508 atque
943 1461 997 1495 ita
1025 1460 1139 1495 verba
1157 1459 1271 1502 facta,
1294 1465 1335 1495 ut
1354 1459 1410 1495 di-

298 1532 448 1561 cerent:
481 1526 582 1562 Scire
607 1538 691 1568 sese,
713 1525 871 1561 Romani
893 1526 1019 1573 populi
1043 1526 1209 1560 cerarium
1236 1524 1326 1559 bello
1352 1537 1411 1559 er-

299 1590 461 1626 hauriri.-
491 1594 538 1632 εἰ,
561 1602 666 1638 quum
679 1587 787 1635 juxta
803 1601 872 1636 pro
888 1588 1029 1624 urbibus
1044 1590 1208 1636 agrisque
1221 1589 1409 1631 sociorum,

300 1667 343 1690 ac
367 1660 437 1702 pro
461 1655 578 1702 capite
606 1659 714 1702 atque
742 1665 824 1689 arce
844 1653 976 1694 Italiae,
1006 1652 1089 1687 urbe
1109 1652 1274 1686 Romana
1307 1657 1414 1700 atque

300 1720 450 1767 imperio
466 1723 629 1766 geratur,
657 1729 796 1766 aequum
827 1717 996 1752 censuisse
1020 1715 1292 1763 Neapolitanos,
1318 1717 1414 1764 quod

300 1785 383 1819 auri
406 1784 471 1819 sibi
490 1796 599 1832 quum
617 1784 666 1819 ad
695 1783 910 1831 templorum
936 1786 1116 1823 ornatum,
1139 1786 1212 1817 ium
1239 1783 1286 1817 ad
1303 1782 1413 1818 subsi-

302 1850 401 1884 dium
410 1847 575 1897 fortunae
593 1861 615 1884 α
636 1846 825 1894 majoribus
839 1845 1130 1894 relictwnforet,
1152 1858 1191 1881 eo
1201 1844 1332 1891 juvare
1344 1859 1414 1894 po-

299 1914 427 1963 pulum
455 1912 672 1948 Roman-um.
729 1912 898 1959 Siquam
926 1922 1028 1958 opem
1058 1911 1095 1945 in
1123 1921 1194 1945 sese
1219 1911 1413 1953 crederent,

305 1977 426 2012 eodem
444 1977 563 2012 studio
573 1975 691 2024 fuisse
709 1975 913 2010 oblaturos:
939 1979 1086 2022 gratum
1104 1973 1169 2009 sibi
1189 1974 1318 2010 Patres
1337 1974 1412 2011 Ro-

305 2052 427 2076 manos
442 2040 687 2088 populumque
699 2037 907 2087 facturum,
927 2038 955 2072 si
982 2049 1100 2073 onmes
1127 2049 1181 2072 res
1199 2038 1414 2086 Neapolita-

305 2117 431 2141 norum
456 2116 538 2140 suas
558 2105 735 2140 duxissent
746 2120 758 2147 ,-
787 2104 980 2150 dignosque
995 2100 1250 2148 judicaverint,
1272 2101 1314 2137 ab
1334 2104 1411 2150 qui-

307 2169 367 2205 bus
386 2170 530 2212 donum,
553 2171 670 2205 (mimo
690 2181 733 2205 ac
750 2169 934 2204 voluntate
952 2179 1086 2208 eorum,
1107 2167 1167 2214 qui
1186 2165 1329 2201 libentes
1348 2168 1413 2203 cla·

306 2238 397 2276 rent,
416 2246 521 2281 quam
540 2245 592 2275 re,
609 2231 723 2279 majus
737 2233 971 2281 ampliusque,
992 2232 1201 2278 acciperent.
1255 2228 1412 2278 Legatis

306 2298 437 2345 gratiae
457 2303 550 2333 actae
569 2310 638 2347 pro
663 2296 922 2333 munificentia
947 2307 1131 2345 curaque:
1163 2300 1307 2345 patera,
1328 2307 1410 2345 quae

305 2362 481 2413 ponderis
501 2362 646 2398 minimi
666 2361 752 2405 fuit,
775 2367 942 2411 accepta.
