1527 2661
77 268 116 300 U.
129 268 167 299 C.
182 276 255 300 541.

73 313 113 342 A.
127 311 164 344 C.
181 319 254 345 211.

72 396 214 427 Acarna-

73 439 135 470 niae
148 440 217 470 bel-

73 482 146 513 lum
162 484 243 514 infe-

73 532 147 556 runt
162 527 221 558 [Ἑ-

72 570 140 599 toli.

72 630 213 660 Acarna-

73 682 155 703 num
173 683 251 706 con-

68 716 200 754 juratio.

78 1511 139 1540 Eos
156 1509 233 1539 libe-

78 1559 123 1583 rat
137 1554 216 1592 peri-

78 1596 153 1627 culo
170 1597 244 1627 Phi-

81 1640 196 1679 lippus.

267 171 351 223 536
719 189 762 216 T.
790 189 923 219 L1v11

268 270 332 308 ubi
366 273 578 322 profectum
609 278 647 313 in
676 277 880 317 Thraciam
910 295 1050 331 regem,
1082 292 1382 337 occupatumque

267 335 320 372 ibi
340 335 441 374 bello
461 340 618 384 audivit,
640 350 786 379 armata
805 346 908 381 omni
922 345 1126 396 juventute
1146 349 1381 395 AEtolorum‚

266 399 408 439 bellum
442 403 580 441 inferre
616 407 842 445 Acarnaniae
879 418 999 460 parat.
1055 414 1244 451 Adversus
1283 416 1384 465 quod

268 467 512 505 Acarnanum
531 483 623 519 gens
654 479 692 508 et
721 473 861 510 viribus
891 476 1013 526 inpar,
1035 485 1073 514 et
1093 478 1178 529 jam
1197 480 1384 517 OEniadas

268 531 490 582 Nasumque
506 535 643 572 amissa
659 550 830 582 cernenS,
846 538 1099 590 Romanaque
1113 543 1267 594 insuper
1282 557 1386 581 arma

269 596 456 646 ingruere,
479 599 535 636 ira
561 602 680 650 magis
708 603 876 648 instruit,
899 618 1011 655 quam
1037 607 1211 650 consilio,
1232 608 1386 645 bellum.

270 660 507 712 Conjugibus
528 663 730 715 liberisque
755 674 794 704 et
819 669 1031 707 senioribus
1052 684 1165 722 supra
1190 673 1390 722 sexaginta

268 738 388 762 annos
416 727 454 763 in
481 729 734 780 propinquam
759 730 919 782 Epirum
945 735 1083 779 missis,
1107 735 1154 772 ab
1175 736 1389 786 quindecim

268 789 315 826 ad
334 792 534 840 sexaginta
561 806 682 830 annos
712 795 930 847 conjurant,
950 798 1024 834 nisi
1044 799 1221 844 victores,
1240 813 1281 837 se
1309 813 1387 837 non

267 855 467 892 redituros
525 857 602 897 Qui
623 860 743 896 victus
763 861 843 898 acie
870 863 1106 907 excessisset,
1127 876 1212 901 eum
1238 877 1286 901 ne
1305 865 1387 914 quis

269 918 375 967 uJbe,
395 927 514 965 tecto,
536 935 679 968 mensa,
700 924 779 962 lare
798 927 997 978 reciperet,
1018 928 1138 965 diram
1158 929 1389 966 exsecratio-

269 985 410 1022 nemin
429 987 647 1037 populares,
664 989 963 1028 obtestationem
978 1006 1090 1042 quam
1112 993 1389 1030 sanctissimam

268 1055 476 1099 potuerunt
495 1051 671 1088 adversus
698 1053 884 1104 hospites,
906 1063 1226 1106 composuerunt:
1257 1069 1390 1107 preca-

267 1114 373 1163 tique
392 1115 504 1152 simul
521 1116 701 1167 Epirotas
722 1124 825 1163 sunt,
842 1126 898 1164 ut,
915 1121 979 1170 qui
998 1133 1154 1158 suorum
1172 1122 1212 1158 in
1227 1122 1308 1158 acie
1328 1134 1390 1158 ce-

268 1179 462 1224 cidissent,
484 1194 548 1218 eos
579 1195 656 1218 uno
685 1183 833 1220 tumulo
863 1192 1126 1234 contegerent,
1147 1185 1391 1223 adhiberent·

269 1256 341 1293 que
370 1245 535 1282 humatis
565 1245 742 1284 titulum:
777 1260 851 1284 mc
887 1260 967 1286 svn
1001 1261 1108 1287 SUNT
1138 1261 1390 1295 ACARNANES‚

272 1319 359 1353 om,
390 1322 599 1347 ADVERSUS
631 1323 709 1348 le
739 1325 875 1350 ATQUE
914 1326 1116 1352 1NJU131AM
1147 1326 1390 1352 AETOLORUM

271 1386 345 1410 PRO
377 1387 522 1413 PATmA
556 1388 814 1422 PUGNANTES,
854 1390 1030 1416 MORTEM
1067 1391 1391 1418 OBCUBUERUNT.

269 1438 342 1475 Per
361 1440 442 1476 haec
468 1443 635 1479 incitatis
666 1444 816 1487 animis,
840 1450 966 1481 castra
986 1446 1024 1481 in
1054 1446 1230 1482 extremis
1251 1444 1390 1482 finibus

271 1505 346 1540 suis
377 1506 489 1543 obvia
518 1508 620 1544 hosti
649 1516 881 1559 posuerunt:
914 1509 1061 1546 nunciis
1095 1509 1143 1546 ad
1171 1509 1391 1561 Philippum

272 1574 410 1617 missis,
431 1581 575 1624 quanto
595 1588 652 1612 res
674 1576 713 1612 in
733 1576 948 1612 discrimine
968 1582 1080 1620 esset,
1102 1577 1279 1613 omittere
1298 1576 1390 1613 Phi·

273 1638 433 1689 lippum,
454 1639 492 1675 id
511 1640 612 1688 quod
632 1640 670 1675 in
690 1639 864 1676 manibus
885 1647 980 1683 erat,
1008 1646 1216 1690 coegerunt
1233 1639 1391 1684 bellum,

274 1703 297 1740 J
302 1704 526 1754 amphorina
542 1717 608 1754 per
623 1705 855 1741 deditionem
874 1711 1040 1755 recepta,
1058 1712 1096 1741 et
1114 1717 1296 1755 prospero
1316 1705 1392 1741 alio

275 1781 451 1805 successu
469 1782 606 1806 rerum.
653 1769 873 1806 AEtolorum
895 1770 1066 1820 inpetum
1083 1770 1297 1806 tardaverat
1316 1770 1393 1820 pri-

274 1847 338 1870 mo
358 1833 636 1884 conjurationis
655 1834 758 1872 fama
776 1836 1048 1871 Acarnanicae:
1081 1835 1216 1871 deinde
1242 1835 1393 1871 auditus

274 1898 440 1949 Philippi
467 1900 664 1942 adventus,
694 1899 841 1948 regredi
871 1900 985 1935 etiam
1015 1900 1052 1935 in
1082 1899 1238 1935 intimos
1268 1899 1395 1947 coegit

274 1964 380 2001 fines.
436 1964 519 2000 Nec
536 1964 748 2015 Philippus,
766 1976 1007 2014 quamquam,
1025 1976 1073 2000 ne
1089 1963 1394 2014 obprimerentur

274 2030 508 2072 Acarnanes,
540 2029 737 2066 itineribus
767 2029 914 2077 magnis
935 2030 1043 2071 ierat,
1072 2026 1170 2063 ultra
1189 2026 1307 2063 Dium
1336 2033 1394 2063 est

275 2107 495 2146 progressus
513 2110 520 2130 :
552 2095 654 2138 inde,
671 2107 786 2144 quum
806 2093 972 2130 audisset
991 2093 1152 2129 reditum
1172 2090 1393 2128 AEtolorum

277 2173 321 2196 ex
341 2160 572 2204 Acarnania,
594 2166 631 2195 et
650 2160 730 2209 ipse
750 2158 893 2195 Pellam
913 2159 1033 2194 rediit.

329 2224 482 2261 XXVI.
512 2224 704 2267 Laevinus,
733 2225 828 2260 veris
856 2223 1042 2273 principio
1070 2236 1092 2259 a
1112 2222 1278 2270 Corcyra
1304 2233 1391 2271 pro-

274 2288 395 2326 fectus
411 2288 585 2332 navibus,
602 2295 780 2339 superato
793 2288 964 2324 Leucata
979 2286 1257 2337 promontorio,
1275 2297 1391 2334 quum

274 2354 437 2389 venisset
467 2353 725 2404 Naupactum,
750 2352 974 2401 Anticyram
1003 2350 1089 2386 inde
1119 2362 1157 2385 se
1187 2349 1394 2399 petiturum
