1527 2661
188 284 281 315 U.C.
299 289 372 315 535.

187 326 279 357 A.C.
297 333 372 362 217.

187 380 302 410 Romae

188 431 327 460 magnus

186 470 295 495 terror.

188 2084 309 2114 Matres
325 2093 371 2113 re-

188 2128 287 2165 ceptis
299 2126 371 2156 filiis

188 2169 304 2209 gaudio
317 2179 373 2199 ex-

186 2213 358 2243 animatae.

386 180 466 234 236
853 190 897 218 T.
924 190 1056 219 mvn

377 279 507 322 -sisset,
527 278 703 315 Flaminii
723 291 873 327 quoque
892 290 1041 328 corpus,
1062 277 1202 313 funeris
1224 288 1356 313 caussa
1380 290 1486 327 mag-

383 355 433 379 na
457 355 542 378 cum
569 355 657 378 cura
682 342 917 388 inquisitum,
947 353 1025 376 non
1052 340 1205 376 invenit.
1263 340 1412 384 Romae,
1442 341 1488 377 ad

381 407 544 455 primum
574 403 753 439 nuncium
787 403 900 439 cladis
932 402 1027 451 ejus,
1055 416 1139 438 cum
1171 403 1318 452 ingenti
1346 410 1490 440 terrore

382 481 425 505 ac
454 466 618 503 tumultu
649 479 851 502 concursus
884 467 923 501 in
952 466 1078 501 forum
1107 466 1237 515 populi
1271 473 1326 502 est
1354 467 1490 503 factus.
1526 489 1527 502 i

380 532 571 569 Matronae
594 543 698 578 vagae
724 543 789 579 per
817 530 910 572 vias,
932 542 1013 578 quae
1044 542 1177 580 repens
1198 529 1320 566 clades
1348 530 1489 574 adlata,

377 606 509 645 quaeve
534 594 689 631 fortuna
717 593 902 629 exercitus
934 598 1045 635 esset,
1080 591 1211 629 obvios
1242 598 1493 642 percunctan-
1526 612 1527 618 κ

377 665 462 695 tur:
495 665 533 694 et
561 670 676 708 quum
698 657 905 707 frequentis
935 657 1131 693 concionis
1162 657 1277 693 modo
1306 656 1419 693 turba
1451 658 1492 693 in

380 724 578 760 comitium
598 728 635 758 et
651 722 793 758 curiam
813 734 919 757 versa
939 721 1184 771 magistratus
1199 727 1376 765 vocaret;
1408 726 1496 758 tan-

380 788 465 824 dem
485 787 586 823 haud
615 786 737 823 multo
765 792 853 822 ante
875 786 964 822 solis
993 799 1169 822 occasum
1187 785 1244 823 M.
1260 785 1496 836 Pomponius

379 858 533 903 praetor,
553 852 697 899 Pugna,
715 851 850 899 inquit,
872 863 1004 899 magna
1017 852 1103 886 victi
1120 862 1239 886 sumus
1252 866 1263 886 .·
1292 856 1344 892 et,
1364 862 1496 898 quam·

379 929 493 966 quam
520 915 615 951 nihil
642 915 778 951 certius
806 927 852 950 ex
880 927 925 950 eo
952 915 1123 950 auditum
1150 920 1220 957 est,
1241 920 1368 950 tamen
1399 911 1494 950 alius

379 980 427 1017 ab
447 980 522 1017 alio
552 979 685 1030 inpleti
711 979 925 1015 rumoribus
950 979 1082 1014 domos
1112 978 1298 1021 referunt,
1319 979 1497 1014 consulem

379 1057 461 1082 eze-m
489 1057 624 1092 magna
645 1048 752 1092 parte
771 1045 955 1092 copiarum
974 1055 1101 1079 caeszcm
1115 1059 1128 1079 .·
1155 1054 1334 1091 superesse
1349 1054 1497 1090 paucos,

381 1113 446 1144 aut
463 1108 563 1156 fuga
584 1110 722 1156 possim
746 1120 811 1156 per
830 1108 1019 1143 Etruriam
1044 1117 1196 1155 sparsos,
1217 1111 1284 1142 aut
1308 1111 1431 1154 captos
1455 1106 1500 1143 ab
1526 1110 1527 1114 ’

381 1174 490 1210 hoste.
547 1174 654 1213 Quot
684 1185 792 1209 casus
827 1173 1013 1208 exercitus
1048 1172 1139 1207 victi
1166 1171 1331 1214 fuerant,
1368 1176 1429 1207 tot
1458 1169 1498 1207 in

380 1250 489 1275 curas
510 1238 697 1288 dispertiti
718 1251 849 1274 eorum
876 1237 992 1273 animi
1012 1241 1134 1280 erant,
1155 1248 1315 1285 quorum
1340 1236 1497 1286 propin-

379 1303 445 1352 qui
471 1302 540 1339 sub
567 1303 610 1339 C.
634 1303 823 1339 Flaminio
856 1301 1011 1338 consule
1044 1306 1279 1344 meruerant,
1314 1301 1496 1349 ignoran-

379 1368 491 1410 tium,
508 1380 591 1416 quae
611 1365 792 1416 cujusque
812 1379 969 1402 suorum
990 1365 1147 1401 fortuna
1167 1370 1287 1401 esset:
1309 1377 1380 1401 nec
1396 1364 1499 1414 quis-

381 1444 494 1480 quam
510 1432 601 1467 satis
618 1436 761 1467 certum
776 1430 906 1472 habet,
922 1430 1012 1477 quid
1028 1436 1094 1465 aut
1109 1435 1247 1479 speret,
1266 1435 1332 1465 aut
1351 1428 1497 1466 timeat.

379 1494 555 1537 Postero,
573 1507 616 1530 ac
636 1494 811 1544 deinceps
832 1493 976 1542 aliquot
996 1493 1143 1536 diebus,
1161 1493 1207 1529 ad
1227 1498 1358 1542 portas
1375 1491 1499 1542 major

380 1571 499 1609 prope
532 1558 745 1601 mulierum,
777 1570 888 1606 quam
924 1558 1105 1599 virorum,
1140 1556 1345 1592 multitudo
1376 1556 1496 1600 stetit,

382 1631 448 1661 aut
477 1637 627 1661 suorum
649 1623 826 1672 aliquem,
855 1630 919 1659 aut
938 1624 1097 1659 nuncios
1119 1624 1164 1659 de
1185 1623 1243 1659 his
1270 1622 1495 1672 obperiens:

383 1687 856 1734 circumfundebanturque
876 1687 996 1722 obviis
1024 1687 1259 1722 sciscitantes
1273 1701 1284 1730 3
1313 1698 1436 1734 neque
1455 1698 1495 1721 a-

384 1752 486 1795 velli,
508 1752 637 1801 utique
663 1751 710 1787 ab
730 1752 846 1794 notis,
867 1751 984 1800 prius,
1005 1764 1116 1799 quam
1136 1751 1268 1786 ordine
1288 1749 1416 1786 omnia
1440 1749 1499 1785 in-

383 1816 600 1865 quisissent,
628 1822 817 1866 poterant.
874 1815 968 1851 Inde
987 1815 1110 1851 varios
1138 1814 1263 1850 vultus
1284 1813 1498 1862 digredien-

381 1880 478 1915 tium
508 1880 554 1916 ab
587 1880 734 1915 nunciis
768 1892 952 1921 cerneres,
984 1885 1025 1914 ut
1056 1879 1190 1926 cuique
1221 1884 1285 1913 aut
1315 1877 1401 1912 laeta
1431 1880 1496 1912 aut

382 1944 508 1980 tristia
532 1943 837 1979 nunciabantur:
871 1942 1184 1991 gratulantesque
1211 1947 1276 1977 aut
1296 1939 1497 1976 consolan-

381 2013 438 2043 tes
482 2006 725 2043 redeuntibus
763 2006 894 2041 domos
934 2005 1193 2041 circumfusos.
1250 2003 1496 2039 Feminarum

384 2072 572 2120 praecipue
592 2076 628 2105 et
645 2069 782 2118 gaudia
801 2069 965 2117 insignia
985 2075 1105 2110 erant,
1124 2073 1161 2103 et
1181 2067 1315 2103 luctus.
1367 2066 1495 2102 Unam

384 2135 423 2170 in
442 2135 524 2184 ipsa
549 2141 673 2184 porta,
702 2134 835 2183 sospiti
856 2133 933 2169 filio
960 2140 1115 2182 repente
1135 2131 1316 2174 oblatam,
1338 2132 1378 2166 in
1401 2143 1493 2166 con-

383 2203 515 2247 spectu
544 2197 623 2247 ejus
658 2197 866 2247 exspirasse
899 2197 1048 2241 ferunt3
1085 2195 1256 2237 alteram,
1292 2194 1353 2229 cui
1390 2205 1492 2229 mors

383 2261 449 2297 filii
469 2261 566 2297 falso
584 2262 765 2297 nunciata
784 2267 878 2304 erat,
899 2268 1075 2297 moestam
1095 2260 1288 2296 sedentem
1310 2258 1425 2300 domi,
1447 2257 1493 2293 ad

383 2325 547 2376 primum
565 2330 811 2376 conspectum
834 2325 1024 2361 redeuntis
1046 2323 1111 2360 filii
1132 2322 1271 2372 gaudio
1290 2322 1408 2358 nimio
1429 2332 1493 2357 ex-
