1527 2661
143 283 187 314 U.
200 282 237 312 C.
252 287 326 317 537.

143 328 184 356 A.
197 326 233 356 C.
251 332 325 356 215.

143 379 254 410 Castra

145 422 313 461 Campana

145 466 267 495 invadit

142 508 241 539 Grac-

143 553 238 583 chus,

333 191 418 235 352
761 191 808 218 Τ.
834 190 966 219 L1V11

339 286 461 317 castra
487 280 696 329 Campana,
726 285 769 314 ut
796 279 836 315 in
873 277 1072 328 pervigilio
1107 278 1294 327 neglecta,
1333 281 1444 317 simul

339 344 514 381 omnibus
540 343 658 393 portis
690 343 855 378 invadit:
889 342 982 378 alios
1012 355 1147 378 somno
1176 350 1330 387 stratos,
1351 344 1450 381 alios-

338 413 554 458 perpetrato
575 419 681 442 sacro
707 407 867 441 inermes
895 407 1090 442 redeuntes
1116 406 1344 444 obtruncat:
1377 408 1451 444 ho-

339 473 484 510 minum
514 484 559 507 eo
578 470 742 506 tumultu
772 477 960 507 nocturno
986 483 1082 506 caesa
1110 471 1192 520 plus
1212 472 1287 508 duo
1316 472 1447 516 millia,

341 549 427 573 cum
456 536 538 584 ipso
558 535 651 570 duce
669 534 797 570 Mario
816 533 940 570 Alfio:
968 542 1084 584 capta
1101 542 1189 572 sunt
1218 537 1328 585 signa
1350 536 1450 573 mili-

336 601 435 636 taria
453 606 616 647 quatuor
634 604 672 634 et
690 599 858 646 triginta.

392 662 589 700 XXXVI.
610 662 819 704 Gracchus,
835 663 959 698 minus
977 668 1129 698 centum
1144 662 1306 699 militum
1320 662 1449 713 jactu-

337 741 381 765 ra
400 728 531 764 castris
562 727 731 762 hostium
757 727 916 776 potitus,
939 726 1077 762 Cumas
1099 739 1137 761 se
1166 739 1326 776 propere
1345 740 1449 764 rece-

338 793 409 843 pit,
440 792 486 828 ab
514 790 733 827 Hannibale
762 798 948 833 metuenS,
979 792 1041 838 qui
1075 803 1186 840 super
1205 792 1374 840 Capuam
1408 793 1448 828 in

338 855 476 893 Tifatis
496 854 663 890 habebat
683 861 816 890 castra.
874 854 958 890 Nec
977 866 1061 889 eum
1081 854 1238 903 provida
1255 854 1373 890 futuri
1391 855 1448 891 fe-

337 919 434 956 fellit
454 919 585 968 opinio
602 933 608 953 :
642 931 727 953 nam
750 917 860 953 simul
882 918 1052 967 Capuam
1072 931 1115 953 ea
1131 917 1253 954 clades
1274 925 1331 954 est
1350 932 1447 956 nun-

338 984 450 1026 ciata,
478 991 580 1019 ratus
611 982 822 1024 Hannibal,
851 983 897 1018 ab
925 996 964 1019 re
990 983 1086 1019 bene
1109 988 1216 1031 gesta
1241 983 1450 1021 insolenter

337 1048 465 1084 laetum
494 1048 701 1083 exereitum
730 1047 911 1089 tironum,
934 1059 1072 1094 magna
1094 1060 1140 1082 ex
1168 1053 1288 1096 parte,
1319 1060 1447 1084 servo-

336 1124 508 1160 rumque,
537 1110 762 1160 spoliantem
783 1111 916 1153 victos,
945 1112 1161 1161 praedasque
1187 1118 1376 1159 agentem,
1404 1113 1451 1149 ad

339 1176 483 1213 Hamas
504 1189 543 1211 se
572 1177 836 1220 inventurum3
870 1176 1026 1211 citatum
1056 1188 1190 1223 agmen
1219 1182 1355 1225 praeter
1375 1176 1449 1212 Ca-

335 1253 450 1291 puam
479 1241 591 1289 rapit,
622 1239 829 1288 obviosque
858 1253 904 1276 ex
931 1239 1018 1288 fuga
1051 1240 1331 1289 Campanorum
1360 1240 1455 1278 dato.

341 1305 516 1355 praesid?o
540 1305 708 1354 Capuam
729 1303 828 1346 duci,
850 1305 996 1340 saucios
1017 1303 1196 1340 vehiculis
1221 1306 1363 1354 portari
1383 1304 1451 1355 ju-

336 1369 402 1406 bet
418 1384 424 1405 :
459 1370 537 1418 ipse
559 1369 693 1404 Hamis
710 1381 828 1404 vacua
842 1368 889 1404 ab
906 1368 1080 1403 hostibus
1100 1374 1236 1412 castra,
1252 1381 1322 1404 nec
1338 1370 1446 1417 quid-

337 1446 449 1482 quam
470 1439 606 1481 praeter
631 1433 792 1468 recentis
814 1432 975 1480 vestigia
997 1432 1123 1475 caedis,
1144 1438 1336 1481 strataque
1361 1445 1448 1482 pas-

338 1498 407 1533 sim
429 1509 588 1546 corpora
609 1497 799 1532 sociorum
826 1497 982 1532 invenit.
1030 1497 1217 1532 Auctores
1238 1503 1344 1532 erant
1365 1498 1447 1546 qui-

337 1562 436 1604 dam,
458 1567 499 1597 ut
518 1562 690 1610 protinus
712 1561 798 1596 inde
814 1561 953 1597 Cumas
970 1561 1135 1603 duceret,
1154 1560 1358 1610 urbemque
1378 1561 1448 1598 ob-

338 1633 536 1677 pugnaret.
594 1626 640 1661 ld
668 1639 895 1674 quamquam
931 1626 1032 1661 haud
1070 1626 1215 1662 modice
1252 1625 1449 1663 Hannibal

339 1689 530 1740 cupiebat,
562 1696 615 1731 ut,
637 1690 724 1737 quia
752 1689 958 1739 Neapolim
985 1701 1063 1725 non
1093 1695 1282 1738 potuerat,
1311 1689 1449 1726 Cumas

339 1754 487 1796 saltem,
526 1754 754 1789 maritimam
790 1753 935 1795 urbem,
969 1752 1150 1798 haberet3
1187 1760 1328 1796 tamen,
1363 1755 1454 1802 quia

338 1825 475 1870 praeter
494 1831 597 1854 arma
616 1818 712 1853 nihil
731 1830 857 1854 secum
876 1816 997 1859 miles,
1018 1818 1156 1866 raptim
1179 1823 1266 1853 acto
1285 1820 1449 1866 agmine,

339 1882 540 1925 extulerat,
571 1889 672 1918 retro
701 1882 739 1917 in
770 1888 893 1917 castra
920 1894 1033 1930 supra
1057 1881 1186 1916 Tifata
1215 1894 1254 1916 se
1284 1882 1450 1931 recepit:

339 1947 440 1988 inde,
461 1946 643 1993 fatigatus
673 1945 954 1995 Campanorum
980 1945 1168 1994 precibus,
1199 1946 1370 1993 sequenti
1389 1946 1449 1982 die

339 2022 424 2045 cum
441 2010 543 2045 omui
562 2009 743 2057 adparatu
759 2009 1023 2058 obpugnandae
1041 2008 1141 2044 urbis
1161 2009 1299 2044 Cumas
1314 2009 1444 2045 rediit:

338 2072 666 2124 perpopulatoque
688 2086 779 2121 agro
800 2074 989 2116 Cumano,
1010 2072 1111 2108 mille
1137 2085 1267 2123 passus
1287 2073 1334 2110 ab
1356 2073 1446 2110 urbe

340 2144 465 2174 castra
491 2137 616 2178 locat;
649 2151 764 2185 quum
785 2138 978 2174 Gracchus
1008 2138 1128 2186 magis
1156 2137 1380 2173 verecundia
1408 2138 1453 2173 in-

337 2201 405 2238 tali
438 2203 663 2238 necessitate
689 2203 882 2239 deserendi
913 2205 1051 2247 socios,
1078 2203 1309 2253 inplorantes
1336 2203 1447 2240 fidem

338 2278 445 2302 suam
481 2267 686 2316 populique
714 2267 896 2312 Romani,
935 2269 1177 2312 substitisset,
1208 2281 1320 2317 quam
1356 2269 1446 2305 satis

339 2331 456 2370 fidens
487 2334 679 2370 exercitui.
736 2334 819 2371 Nec
849 2335 944 2372 alter
974 2335 1109 2372 consul
1133 2334 1287 2378 Fabius,
1308 2336 1371 2384 qui
1402 2335 1457 2372 ad.
