<?xml version="1.0" encoding="UTF-8"?>
<!DOCTYPE html PUBLIC "-//W3C//DTD XHTML 1.0 Transitional//EN"
    "http://www.w3.org/TR/xhtml1/DTD/xhtml1-transitional.dtd">
<html xmlns="http://www.w3.org/1999/xhtml" xml:lang="en" lang="en">
 <head>
  <title>
</title>
<meta http-equiv="Content-Type" content="text/html;charset=utf-8" />
  <meta name='ocr-system' content='tesseract 3.04.00' />
  <meta name='ocr-capabilities' content='ocr_page ocr_carea ocr_par ocr_line ocrx_word'/>
</head>
<body>
  <div class='ocr_page' id='page_1' title='image "./historiarumquaes02livyuoft/historiarumquaes02livyuoft_0135.png"; bbox 0 0 1527 2661; ppageno 0'>
   <div class='ocr_carea' id='block_1_1' title="bbox 337 192 1175 236">
    <p class='ocr_par' dir='ltr' id='par_1_1' title="bbox 337 192 1175 236">
     <span class='ocr_line' id='line_1_1' title="bbox 337 192 1175 236; baseline -0.013 -3"><span class='ocrx_word' id='word_1_1' title='bbox 337 204 493 234; x_wconf 85' lang='lat' dir='ltr'>LIBER</span> <span class='ocrx_word' id='word_1_2' title='bbox 516 202 565 230; x_wconf 83' lang='lat' dir='ltr'><strong>X.</strong></span> <span class='ocrx_word' id='word_1_3' title='bbox 597 200 705 228; x_wconf 84' lang='lat' dir='ltr'><strong>CAP.</strong></span> <span class='ocrx_word' id='word_1_4' title='bbox 728 198 909 227; x_wconf 83' lang='lat' dir='ltr'>XXXVI.</span> <span class='ocrx_word' id='word_1_5' title='bbox 1097 192 1175 236; x_wconf 79' lang='lat'><strong>125</strong></span> 
     </span>
    </p>
   </div>
   <div class='ocr_carea' id='block_1_2' title="bbox 66 285 1374 1368">
    <p class='ocr_par' dir='ltr' id='par_1_2' title="bbox 66 285 1374 1368">
     <span class='ocr_line' id='line_1_2' title="bbox 68 285 1372 340; baseline -0.013 -8"><span class='ocrx_word' id='word_1_6' title='bbox 68 295 132 331; x_wconf 82' lang='lat' dir='ltr'><strong>alii</strong></span> <span class='ocrx_word' id='word_1_7' title='bbox 169 294 262 331; x_wconf 87' lang='lat' dir='ltr'><strong>alios</strong></span> <span class='ocrx_word' id='word_1_8' title='bbox 299 293 458 335; x_wconf 84' lang='lat' dir='ltr'><strong>hortari,</strong></span> <span class='ocrx_word' id='word_1_9' title='bbox 492 298 534 327; x_wconf 92' lang='lat' dir='ltr'><strong>ut</strong></span> <span class='ocrx_word' id='word_1_10' title='bbox 570 295 787 340; x_wconf 81' lang='lat' dir='ltr'><strong>repeterent</strong></span> <span class='ocrx_word' id='word_1_11' title='bbox 816 298 1005 338; x_wconf 85' lang='lat' dir='ltr'><strong>pugnam:</strong></span> <span class='ocrx_word' id='word_1_12' title='bbox 1044 290 1176 321; x_wconf 87' lang='lat' dir='ltr'><strong>centu-</strong></span> <span class='ocrx_word' id='word_1_13' title='bbox 1192 285 1283 317; x_wconf 90' lang='lat' dir='ltr'><strong>U.C.</strong></span> <span class='ocrx_word' id='word_1_14' title='bbox 1300 291 1372 316; x_wconf 77' lang='lat'>458.</span> 
     </span>
     <span class='ocr_line' id='line_1_3' title="bbox 67 329 1374 407; baseline -0.011 -11"><span class='ocrx_word' id='word_1_15' title='bbox 67 360 192 396; x_wconf 88' lang='lat' dir='ltr'><strong>riones</strong></span> <span class='ocrx_word' id='word_1_16' title='bbox 209 358 256 395; x_wconf 84' lang='lat' dir='ltr'><strong>ab</strong></span> <span class='ocrx_word' id='word_1_17' title='bbox 273 357 462 407; x_wconf 77' lang='lat' dir='ltr'><strong>signiferis</strong></span> <span class='ocrx_word' id='word_1_18' title='bbox 482 362 592 406; x_wconf 87' lang='lat' dir='ltr'><strong>rapta</strong></span> <span class='ocrx_word' id='word_1_19' title='bbox 607 355 715 403; x_wconf 83' lang='lat' dir='ltr'><strong>signa</strong></span> <span class='ocrx_word' id='word_1_20' title='bbox 734 352 872 388; x_wconf 85' lang='lat' dir='ltr'><strong>inferre</strong></span> <span class='ocrx_word' id='word_1_21' title='bbox 887 367 895 387; x_wconf 75' lang='lat' dir='ltr'><em>z</em></span> <span class='ocrx_word' id='word_1_22' title='bbox 920 356 957 387; x_wconf 89' lang='lat' dir='ltr'><strong>et</strong></span> <span class='ocrx_word' id='word_1_23' title='bbox 977 349 1176 386; x_wconf 85' lang='lat' dir='ltr'><strong>ostendere</strong></span> <span class='ocrx_word' id='word_1_24' title='bbox 1191 332 1230 362; x_wconf 68' lang='lat' dir='ltr'><strong>A·</strong></span> <span class='ocrx_word' id='word_1_25' title='bbox 1245 329 1281 360; x_wconf 75' lang='lat' dir='ltr'><strong>C*</strong></span> <span class='ocrx_word' id='word_1_26' title='bbox 1299 335 1374 362; x_wconf 69' lang='lat'><strong>²94&#39;</strong></span> 
     </span>
     <span class='ocr_line' id='line_1_4' title="bbox 68 413 1175 473; baseline -0.011 -14"><span class='ocrx_word' id='word_1_27' title='bbox 68 423 158 465; x_wconf 81' lang='lat' dir='ltr'><strong>suis,</strong></span> <span class='ocrx_word' id='word_1_28' title='bbox 178 435 318 473; x_wconf 90' lang='lat' dir='ltr'><strong>paucos</strong></span> <span class='ocrx_word' id='word_1_29' title='bbox 340 428 377 457; x_wconf 86' lang='lat' dir='ltr'><strong>et</strong></span> <span class='ocrx_word' id='word_1_30' title='bbox 396 419 591 456; x_wconf 82' lang='lat' dir='ltr'><strong>ordinibus</strong></span> <span class='ocrx_word' id='word_1_31' title='bbox 618 416 881 466; x_wconf 86' lang='lat' dir='ltr'><strong>incompositis</strong></span> <span class='ocrx_word' id='word_1_32' title='bbox 911 415 1026 451; x_wconf 86' lang='lat' dir='ltr'><strong>effuse</strong></span> <span class='ocrx_word' id='word_1_33' title='bbox 1047 413 1175 448; x_wconf 85' lang='lat' dir='ltr'><strong>venire</strong></span> 
     </span>
     <span class='ocr_line' id='line_1_5' title="bbox 66 475 1176 524; baseline -0.01 -2"><span class='ocrx_word' id='word_1_34' title='bbox 66 486 208 522; x_wconf 86' lang='lat' dir='ltr'><strong>hostes.</strong></span> <span class='ocrx_word' id='word_1_35' title='bbox 262 485 369 521; x_wconf 85' lang='lat' dir='ltr'><strong>Inter</strong></span> <span class='ocrx_word' id='word_1_36' title='bbox 394 485 474 520; x_wconf 85' lang='lat' dir='ltr'><strong>haec</strong></span> <span class='ocrx_word' id='word_1_37' title='bbox 495 482 641 524; x_wconf 83' lang='lat' dir='ltr'><strong>consul,</strong></span> <span class='ocrx_word' id='word_1_38' title='bbox 662 493 795 517; x_wconf 83' lang='lat' dir='ltr'><strong>manus</strong></span> <span class='ocrx_word' id='word_1_39' title='bbox 827 480 873 516; x_wconf 82' lang='lat' dir='ltr'><strong>ad</strong></span> <span class='ocrx_word' id='word_1_40' title='bbox 894 478 1031 515; x_wconf 77' lang='lat' dir='ltr'><strong>coelum</strong></span> <span class='ocrx_word' id='word_1_41' title='bbox 1052 475 1176 512; x_wconf 84' lang='lat' dir='ltr'><strong>adtol-</strong></span> 
     </span>
     <span class='ocr_line' id='line_1_6' title="bbox 66 540 1179 593; baseline -0.01 -8"><span class='ocrx_word' id='word_1_42' title='bbox 66 549 162 593; x_wconf 87' lang='lat' dir='ltr'><strong>lens,</strong></span> <span class='ocrx_word' id='word_1_43' title='bbox 184 562 279 585; x_wconf 89' lang='lat' dir='ltr'><strong>voce</strong></span> <span class='ocrx_word' id='word_1_44' title='bbox 308 548 422 591; x_wconf 77' lang='lat' dir='ltr'><strong>clara,</strong></span> <span class='ocrx_word' id='word_1_45' title='bbox 450 548 503 583; x_wconf 84' lang='lat' dir='ltr'><strong>ita</strong></span> <span class='ocrx_word' id='word_1_46' title='bbox 533 553 574 582; x_wconf 91' lang='lat' dir='ltr'><strong>ut</strong></span> <span class='ocrx_word' id='word_1_47' title='bbox 603 545 857 587; x_wconf 75' lang='lat' dir='ltr'><strong>exaudiretur,</strong></span> <span class='ocrx_word' id='word_1_48' title='bbox 888 542 1072 592; x_wconf 90' lang='lat' dir='ltr'><strong>templum</strong></span> <span class='ocrx_word' id='word_1_49' title='bbox 1090 540 1179 575; x_wconf 88' lang='lat' dir='ltr'><strong>Jovi</strong></span> 
     </span>
     <span class='ocr_line' id='line_1_7' title="bbox 69 605 1180 658; baseline -0.008 -9"><span class='ocrx_word' id='word_1_50' title='bbox 69 613 213 650; x_wconf 85' lang='lat' dir='ltr'><strong>Statori</strong></span> <span class='ocrx_word' id='word_1_51' title='bbox 238 618 364 655; x_wconf 82' lang='lat' dir='ltr'><strong>vovet,</strong></span> <span class='ocrx_word' id='word_1_52' title='bbox 385 612 415 648; x_wconf 88' lang='lat' dir='ltr'><strong>si</strong></span> <span class='ocrx_word' id='word_1_53' title='bbox 447 611 681 648; x_wconf 81' lang='lat' dir='ltr'><strong>constitisset</strong></span> <span class='ocrx_word' id='word_1_54' title='bbox 707 622 730 645; x_wconf 89' lang='lat' dir='ltr'><strong>a</strong></span> <span class='ocrx_word' id='word_1_55' title='bbox 747 608 840 658; x_wconf 84' lang='lat' dir='ltr'><strong>fuga</strong></span> <span class='ocrx_word' id='word_1_56' title='bbox 857 607 1036 643; x_wconf 85' lang='lat' dir='ltr'><strong>Romana</strong></span> <span class='ocrx_word' id='word_1_57' title='bbox 1066 605 1180 648; x_wconf 86' lang='lat' dir='ltr'><strong>acies,</strong></span> 
     </span>
     <span class='ocr_line' id='line_1_8' title="bbox 68 669 1183 725; baseline -0.008 -12"><span class='ocrx_word' id='word_1_58' title='bbox 68 676 402 725; x_wconf 84' lang='lat' dir='ltr'><strong>redintegratoque</strong></span> <span class='ocrx_word' id='word_1_59' title='bbox 428 674 567 725; x_wconf 79' lang='lat' dir='ltr'><strong>proelio</strong></span> <span class='ocrx_word' id='word_1_60' title='bbox 591 673 787 709; x_wconf 86' lang='lat' dir='ltr'><strong>cecidisset</strong></span> <span class='ocrx_word' id='word_1_61' title='bbox 812 674 1037 720; x_wconf 83' lang='lat' dir='ltr'><strong>vicissetque</strong></span> <span class='ocrx_word' id='word_1_62' title='bbox 1060 669 1183 718; x_wconf 85' lang='lat' dir='ltr'><strong>legio-</strong></span> 
     </span>
     <span class='ocr_line' id='line_1_9' title="bbox 69 734 1183 785; baseline -0.006 -9"><span class='ocrx_word' id='word_1_63' title='bbox 69 752 136 776; x_wconf 88' lang='lat' dir='ltr'><strong>nes</strong></span> <span class='ocrx_word' id='word_1_64' title='bbox 164 740 404 775; x_wconf 86' lang='lat' dir='ltr'><strong>Samnitium.</strong></span> <span class='ocrx_word' id='word_1_65' title='bbox 461 737 604 773; x_wconf 83' lang='lat' dir='ltr'><strong>Omnes</strong></span> <span class='ocrx_word' id='word_1_66' title='bbox 625 736 797 785; x_wconf 74' lang='lat' dir='ltr'><strong>.undiqne</strong></span> <span class='ocrx_word' id='word_1_67' title='bbox 823 735 944 772; x_wconf 88' lang='lat' dir='ltr'><strong>adnisi</strong></span> <span class='ocrx_word' id='word_1_68' title='bbox 963 734 1010 770; x_wconf 87' lang='lat' dir='ltr'><strong>ad</strong></span> <span class='ocrx_word' id='word_1_69' title='bbox 1028 734 1183 769; x_wconf 87' lang='lat' dir='ltr'><strong>restitu-</strong></span> 
     </span>
     <span class='ocr_line' id='line_1_10' title="bbox 68 799 1183 853; baseline -0.007 -12"><span class='ocrx_word' id='word_1_70' title='bbox 68 804 205 841; x_wconf 86' lang='lat' dir='ltr'><strong>endam</strong></span> <span class='ocrx_word' id='word_1_71' title='bbox 224 816 403 853; x_wconf 80' lang='lat' dir='ltr'><strong>pugnam,</strong></span> <span class='ocrx_word' id='word_1_72' title='bbox 425 802 550 845; x_wconf 89' lang='lat' dir='ltr'><strong>duces,</strong></span> <span class='ocrx_word' id='word_1_73' title='bbox 571 800 725 843; x_wconf 82' lang='lat' dir='ltr'><strong>milites,</strong></span> <span class='ocrx_word' id='word_1_74' title='bbox 746 801 916 850; x_wconf 87' lang='lat' dir='ltr'><strong>peditum</strong></span> <span class='ocrx_word' id='word_1_75' title='bbox 937 799 1183 847; x_wconf 76' lang='lat' dir='ltr'><strong>equitumque</strong></span> 
     </span>
     <span class='ocr_line' id='line_1_11' title="bbox 68 861 1184 914; baseline -0.006 -10"><span class='ocrx_word' id='word_1_76' title='bbox 68 868 146 904; x_wconf 81' lang='lat' dir='ltr'><strong>vis:</strong></span> <span class='ocrx_word' id='word_1_77' title='bbox 180 880 319 903; x_wconf 90' lang='lat' dir='ltr'><strong>numen</strong></span> <span class='ocrx_word' id='word_1_78' title='bbox 346 868 461 902; x_wconf 82' lang='lat' dir='ltr'><strong>etiam</strong></span> <span class='ocrx_word' id='word_1_79' title='bbox 485 865 657 902; x_wconf 89' lang='lat' dir='ltr'><strong>Deorum</strong></span> <span class='ocrx_word' id='word_1_80' title='bbox 690 865 899 914; x_wconf 85' lang='lat' dir='ltr'><strong>respexisse</strong></span> <span class='ocrx_word' id='word_1_81' title='bbox 926 874 1068 898; x_wconf 89' lang='lat' dir='ltr'><strong>nomen</strong></span> <span class='ocrx_word' id='word_1_82' title='bbox 1100 861 1184 898; x_wconf 89' lang='lat' dir='ltr'><strong>Ro-</strong></span> 
     </span>
     <span class='ocr_line' id='line_1_12' title="bbox 67 926 1184 977; baseline -0.007 -8"><span class='ocrx_word' id='word_1_83' title='bbox 67 944 222 969; x_wconf 89' lang='lat' dir='ltr'><strong>manum</strong></span> <span class='ocrx_word' id='word_1_84' title='bbox 242 932 361 968; x_wconf 84' lang='lat' dir='ltr'><strong>visum</strong></span> <span class='ocrx_word' id='word_1_85' title='bbox 378 947 384 967; x_wconf 90' lang='lat'>:</span> <span class='ocrx_word' id='word_1_86' title='bbox 418 930 513 967; x_wconf 86' lang='lat' dir='ltr'><strong>adeo</strong></span> <span class='ocrx_word' id='word_1_87' title='bbox 532 930 644 966; x_wconf 88' lang='lat' dir='ltr'><strong>facile</strong></span> <span class='ocrx_word' id='word_1_88' title='bbox 669 928 854 965; x_wconf 82' lang='lat' dir='ltr'><strong>inclinata</strong></span> <span class='ocrx_word' id='word_1_89' title='bbox 873 941 946 970; x_wconf 88' lang='lat' dir='ltr'><strong>res,</strong></span> <span class='ocrx_word' id='word_1_90' title='bbox 967 926 1184 977; x_wconf 81' lang='lat' dir='ltr'><strong>repulsique</strong></span> 
     </span>
     <span class='ocr_line' id='line_1_13' title="bbox 71 990 1181 1041; baseline -0.007 -8"><span class='ocrx_word' id='word_1_91' title='bbox 71 1009 94 1033; x_wconf 88' lang='lat' dir='ltr'><strong>a</strong></span> <span class='ocrx_word' id='word_1_92' title='bbox 113 997 244 1033; x_wconf 87' lang='lat' dir='ltr'><strong>castris</strong></span> <span class='ocrx_word' id='word_1_93' title='bbox 264 996 394 1032; x_wconf 84' lang='lat' dir='ltr'><strong>hostes</strong></span> <span class='ocrx_word' id='word_1_94' title='bbox 409 1011 419 1041; x_wconf 79' lang='lat'>3</span> <span class='ocrx_word' id='word_1_95' title='bbox 451 1007 542 1030; x_wconf 89' lang='lat' dir='ltr'><strong>mox</strong></span> <span class='ocrx_word' id='word_1_96' title='bbox 561 994 677 1029; x_wconf 84' lang='lat' dir='ltr'><strong>etiam</strong></span> <span class='ocrx_word' id='word_1_97' title='bbox 702 993 847 1029; x_wconf 85' lang='lat' dir='ltr'><strong>redacti</strong></span> <span class='ocrx_word' id='word_1_98' title='bbox 866 992 914 1028; x_wconf 87' lang='lat' dir='ltr'><strong>ad</strong></span> <span class='ocrx_word' id='word_1_99' title='bbox 933 1005 1019 1027; x_wconf 88' lang='lat' dir='ltr'><strong>eum</strong></span> <span class='ocrx_word' id='word_1_100' title='bbox 1038 990 1181 1034; x_wconf 83' lang='lat' dir='ltr'><strong>locum,</strong></span> 
     </span>
     <span class='ocr_line' id='line_1_14' title="bbox 69 1056 1183 1111; baseline -0.007 -13"><span class='ocrx_word' id='word_1_101' title='bbox 69 1062 110 1098; x_wconf 87' lang='lat' dir='ltr'><strong>in</strong></span> <span class='ocrx_word' id='word_1_102' title='bbox 129 1074 205 1111; x_wconf 91' lang='lat' dir='ltr'><strong>quo</strong></span> <span class='ocrx_word' id='word_1_103' title='bbox 225 1061 427 1097; x_wconf 89' lang='lat' dir='ltr'><strong>commissa</strong></span> <span class='ocrx_word' id='word_1_104' title='bbox 450 1072 580 1111; x_wconf 85' lang='lat' dir='ltr'><strong>pugna</strong></span> <span class='ocrx_word' id='word_1_105' title='bbox 605 1065 698 1095; x_wconf 89' lang='lat' dir='ltr'><strong>erat.</strong></span> <span class='ocrx_word' id='word_1_106' title='bbox 747 1057 821 1099; x_wconf 88' lang='lat' dir='ltr'><strong>Ibi,</strong></span> <span class='ocrx_word' id='word_1_107' title='bbox 843 1056 1045 1106; x_wconf 81' lang='lat' dir='ltr'><strong>objacente</strong></span> <span class='ocrx_word' id='word_1_108' title='bbox 1066 1056 1183 1091; x_wconf 86' lang='lat' dir='ltr'><strong>sarci-</strong></span> 
     </span>
     <span class='ocr_line' id='line_1_15' title="bbox 69 1121 1183 1174; baseline -0.006 -12"><span class='ocrx_word' id='word_1_109' title='bbox 69 1139 203 1163; x_wconf 84' lang='lat' dir='ltr'><strong>narum</strong></span> <span class='ocrx_word' id='word_1_110' title='bbox 223 1125 390 1168; x_wconf 89' lang='lat' dir='ltr'><strong>cumulo,</strong></span> <span class='ocrx_word' id='word_1_111' title='bbox 407 1137 499 1174; x_wconf 89' lang='lat' dir='ltr'><strong>quas</strong></span> <span class='ocrx_word' id='word_1_112' title='bbox 520 1122 765 1173; x_wconf 83' lang='lat' dir='ltr'><strong>conjecerant</strong></span> <span class='ocrx_word' id='word_1_113' title='bbox 782 1123 821 1157; x_wconf 90' lang='lat' dir='ltr'><strong>in</strong></span> <span class='ocrx_word' id='word_1_114' title='bbox 842 1121 1022 1162; x_wconf 88' lang='lat' dir='ltr'><strong>medium,</strong></span> <span class='ocrx_word' id='word_1_115' title='bbox 1039 1121 1183 1156; x_wconf 85' lang='lat' dir='ltr'><strong>haesere</strong></span> 
     </span>
     <span class='ocr_line' id='line_1_16' title="bbox 68 1186 1183 1240; baseline -0.005 -13"><span class='ocrx_word' id='word_1_116' title='bbox 68 1190 251 1240; x_wconf 80' lang='lat' dir='ltr'><strong>inpediti:</strong></span> <span class='ocrx_word' id='word_1_117' title='bbox 284 1189 429 1231; x_wconf 70' lang='lat' dir='ltr'><strong>deinde,</strong></span> <span class='ocrx_word' id='word_1_118' title='bbox 452 1201 500 1224; x_wconf 87' lang='lat' dir='ltr'><strong>ne</strong></span> <span class='ocrx_word' id='word_1_119' title='bbox 520 1189 774 1237; x_wconf 81' lang='lat' dir='ltr'><strong>diriperentur</strong></span> <span class='ocrx_word' id='word_1_120' title='bbox 800 1199 872 1228; x_wconf 89' lang='lat' dir='ltr'><strong>res,</strong></span> <span class='ocrx_word' id='word_1_121' title='bbox 901 1186 1034 1222; x_wconf 89' lang='lat' dir='ltr'><strong>orbem</strong></span> <span class='ocrx_word' id='word_1_122' title='bbox 1059 1197 1183 1221; x_wconf 85' lang='lat' dir='ltr'><strong>arma-</strong></span> 
     </span>
     <span class='ocr_line' id='line_1_17' title="bbox 69 1250 1187 1290; baseline -0.005 0"><span class='ocrx_word' id='word_1_123' title='bbox 69 1261 197 1290; x_wconf 87' lang='lat' dir='ltr'><strong>torum</strong></span> <span class='ocrx_word' id='word_1_124' title='bbox 218 1254 375 1290; x_wconf 82' lang='lat' dir='ltr'><strong>sarcinis</strong></span> <span class='ocrx_word' id='word_1_125' title='bbox 395 1252 642 1290; x_wconf 85' lang='lat' dir='ltr'><strong>circumdant.</strong></span> <span class='ocrx_word' id='word_1_126' title='bbox 689 1251 787 1288; x_wconf 81' lang='lat' dir='ltr'><strong>Tum</strong></span> <span class='ocrx_word' id='word_1_127' title='bbox 816 1264 905 1287; x_wconf 86' lang='lat' dir='ltr'><strong>vero</strong></span> <span class='ocrx_word' id='word_1_128' title='bbox 925 1263 988 1286; x_wconf 89' lang='lat' dir='ltr'><strong>eos</strong></span> <span class='ocrx_word' id='word_1_129' title='bbox 1018 1263 1040 1286; x_wconf 89' lang='lat' dir='ltr'><strong>a</strong></span> <span class='ocrx_word' id='word_1_130' title='bbox 1058 1250 1187 1285; x_wconf 86' lang='lat' dir='ltr'><strong>fronte</strong></span> 
     </span>
     <span class='ocr_line' id='line_1_18' title="bbox 71 1314 1185 1368; baseline -0.004 -14"><span class='ocrx_word' id='word_1_131' title='bbox 71 1331 205 1368; x_wconf 84' lang='lat' dir='ltr'><strong>urgere</strong></span> <span class='ocrx_word' id='word_1_132' title='bbox 224 1318 384 1368; x_wconf 83' lang='lat' dir='ltr'><strong>pediteS,</strong></span> <span class='ocrx_word' id='word_1_133' title='bbox 406 1317 453 1353; x_wconf 91' lang='lat' dir='ltr'><strong>ab</strong></span> <span class='ocrx_word' id='word_1_134' title='bbox 479 1324 587 1366; x_wconf 84' lang='lat' dir='ltr'><strong>tergo</strong></span> <span class='ocrx_word' id='word_1_135' title='bbox 608 1317 849 1353; x_wconf 88' lang='lat' dir='ltr'><strong>circumvecti</strong></span> <span class='ocrx_word' id='word_1_136' title='bbox 870 1316 1014 1364; x_wconf 82' lang='lat' dir='ltr'><strong>equites</strong></span> <span class='ocrx_word' id='word_1_137' title='bbox 1031 1330 1038 1350; x_wconf 90' lang='lat'>:</span> <span class='ocrx_word' id='word_1_138' title='bbox 1072 1314 1126 1350; x_wconf 85' lang='lat' dir='ltr'><strong>ita</strong></span> <span class='ocrx_word' id='word_1_139' title='bbox 1145 1314 1185 1350; x_wconf 86' lang='lat' dir='ltr'><strong>in</strong></span> 
     </span>
    </p>
   </div>
   <div class='ocr_carea' id='block_1_3' title="bbox 8 692 16 1424">
    <p class='ocr_par' dir='ltr' id='par_1_3' title="bbox 8 692 16 1424">
     <span class='ocr_line' id='line_1_19' title="bbox 8 692 16 1424; baseline 0 0"><span class='ocrx_word' id='word_1_140' title='bbox 8 692 16 1424; x_wconf 95' lang='lat' dir='ltr'><strong> </strong></span> 
     </span>
    </p>
   </div>
   <div class='ocr_carea' id='block_1_4' title="bbox 16 1378 1186 2325">
    <p class='ocr_par' dir='ltr' id='par_1_4' title="bbox 16 1378 1186 2325">
     <span class='ocr_line' id='line_1_20' title="bbox 69 1378 1186 1431; baseline -0.004 -13"><span class='ocrx_word' id='word_1_141' title='bbox 69 1383 195 1419; x_wconf 88' lang='lat' dir='ltr'><strong>medio</strong></span> <span class='ocrx_word' id='word_1_142' title='bbox 215 1382 302 1417; x_wconf 82' lang='lat' dir='ltr'><strong>caesi</strong></span> <span class='ocrx_word' id='word_1_143' title='bbox 318 1382 504 1431; x_wconf 82' lang='lat' dir='ltr'><strong>captique.</strong></span> <span class='ocrx_word' id='word_1_144' title='bbox 550 1381 798 1429; x_wconf 85' lang='lat' dir='ltr'><strong>Captivorum</strong></span> <span class='ocrx_word' id='word_1_145' title='bbox 814 1392 992 1416; x_wconf 88' lang='lat' dir='ltr'><strong>numerus</strong></span> <span class='ocrx_word' id='word_1_146' title='bbox 1007 1378 1081 1414; x_wconf 85' lang='lat' dir='ltr'><strong>fuit</strong></span> <span class='ocrx_word' id='word_1_147' title='bbox 1100 1390 1186 1427; x_wconf 87' lang='lat' dir='ltr'><strong>sep-</strong></span> 
     </span>
     <span class='ocr_line' id='line_1_21' title="bbox 67 1442 1185 1494; baseline -0.004 -12"><span class='ocrx_word' id='word_1_148' title='bbox 67 1454 146 1482; x_wconf 87' lang='lat' dir='ltr'><strong>tem</strong></span> <span class='ocrx_word' id='word_1_149' title='bbox 166 1446 325 1482; x_wconf 86' lang='lat' dir='ltr'><strong>millium</strong></span> <span class='ocrx_word' id='word_1_150' title='bbox 345 1458 388 1482; x_wconf 89' lang='lat' dir='ltr'><strong>ac</strong></span> <span class='ocrx_word' id='word_1_151' title='bbox 404 1445 670 1487; x_wconf 87' lang='lat' dir='ltr'><strong>ducentorum,</strong></span> <span class='ocrx_word' id='word_1_152' title='bbox 687 1446 750 1494; x_wconf 86' lang='lat' dir='ltr'><strong>qui</strong></span> <span class='ocrx_word' id='word_1_153' title='bbox 771 1457 901 1481; x_wconf 89' lang='lat' dir='ltr'><strong>omnes</strong></span> <span class='ocrx_word' id='word_1_154' title='bbox 923 1444 1014 1479; x_wconf 91' lang='lat' dir='ltr'><strong>nudi</strong></span> <span class='ocrx_word' id='word_1_155' title='bbox 1035 1443 1103 1479; x_wconf 89' lang='lat' dir='ltr'><strong>sub</strong></span> <span class='ocrx_word' id='word_1_156' title='bbox 1117 1442 1185 1493; x_wconf 87' lang='lat' dir='ltr'><strong>ju-</strong></span> 
     </span>
     <span class='ocr_line' id='line_1_22' title="bbox 69 1507 1185 1560; baseline -0.003 -14"><span class='ocrx_word' id='word_1_157' title='bbox 69 1523 159 1560; x_wconf 86' lang='lat' dir='ltr'><strong>gum</strong></span> <span class='ocrx_word' id='word_1_158' title='bbox 179 1510 306 1546; x_wconf 90' lang='lat' dir='ltr'><strong>missi:</strong></span> <span class='ocrx_word' id='word_1_159' title='bbox 339 1521 455 1545; x_wconf 87' lang='lat' dir='ltr'><strong>caesos</strong></span> <span class='ocrx_word' id='word_1_160' title='bbox 482 1509 643 1545; x_wconf 86' lang='lat' dir='ltr'><strong>retulere</strong></span> <span class='ocrx_word' id='word_1_161' title='bbox 669 1509 717 1545; x_wconf 89' lang='lat' dir='ltr'><strong>ad</strong></span> <span class='ocrx_word' id='word_1_162' title='bbox 735 1517 899 1558; x_wconf 82' lang='lat' dir='ltr'><strong>quatuor</strong></span> <span class='ocrx_word' id='word_1_163' title='bbox 924 1507 1043 1544; x_wconf 87' lang='lat' dir='ltr'><strong>millia</strong></span> <span class='ocrx_word' id='word_1_164' title='bbox 1061 1507 1185 1544; x_wconf 86' lang='lat' dir='ltr'><strong>octin-</strong></span> 
     </span>
     <span class='ocr_line' id='line_1_23' title="bbox 70 1571 1180 1625; baseline -0.005 -14"><span class='ocrx_word' id='word_1_165' title='bbox 70 1581 218 1625; x_wconf 80' lang='lat' dir='ltr'><strong>gentos,</strong></span> <span class='ocrx_word' id='word_1_166' title='bbox 277 1574 338 1610; x_wconf 88' lang='lat' dir='ltr'><strong>Ne</strong></span> <span class='ocrx_word' id='word_1_167' title='bbox 372 1573 558 1609; x_wconf 86' lang='lat' dir='ltr'><strong>Romanis</strong></span> <span class='ocrx_word' id='word_1_168' title='bbox 592 1574 743 1622; x_wconf 91' lang='lat' dir='ltr'><strong>quidem</strong></span> <span class='ocrx_word' id='word_1_169' title='bbox 775 1573 864 1610; x_wconf 85' lang='lat' dir='ltr'><strong>laeta</strong></span> <span class='ocrx_word' id='word_1_170' title='bbox 895 1573 1055 1609; x_wconf 90' lang='lat' dir='ltr'><strong>victoria</strong></span> <span class='ocrx_word' id='word_1_171' title='bbox 1084 1571 1180 1608; x_wconf 81' lang='lat' dir='ltr'><strong>fuit:</strong></span> 
     </span>
     <span class='ocr_line' id='line_1_24' title="bbox 71 1636 1182 1688; baseline -0.004 -13"><span class='ocrx_word' id='word_1_172' title='bbox 71 1644 292 1675; x_wconf 89' lang='lat' dir='ltr'><strong>recensente</strong></span> <span class='ocrx_word' id='word_1_173' title='bbox 321 1638 476 1674; x_wconf 88' lang='lat' dir='ltr'><strong>consule</strong></span> <span class='ocrx_word' id='word_1_174' title='bbox 505 1637 622 1675; x_wconf 91' lang='lat' dir='ltr'><strong>biduo</strong></span> <span class='ocrx_word' id='word_1_175' title='bbox 657 1645 851 1688; x_wconf 86' lang='lat' dir='ltr'><strong>acceptam</strong></span> <span class='ocrx_word' id='word_1_176' title='bbox 881 1637 1041 1680; x_wconf 88' lang='lat' dir='ltr'><strong>cladem,</strong></span> <span class='ocrx_word' id='word_1_177' title='bbox 1068 1636 1182 1672; x_wconf 89' lang='lat' dir='ltr'><strong>amis-</strong></span> 
     </span>
     <span class='ocr_line' id='line_1_25' title="bbox 71 1700 1183 1751; baseline -0.004 -13"><span class='ocrx_word' id='word_1_178' title='bbox 71 1715 199 1739; x_wconf 90' lang='lat' dir='ltr'><strong>sorum</strong></span> <span class='ocrx_word' id='word_1_179' title='bbox 217 1701 383 1737; x_wconf 89' lang='lat' dir='ltr'><strong>militum</strong></span> <span class='ocrx_word' id='word_1_180' title='bbox 412 1714 590 1737; x_wconf 87' lang='lat' dir='ltr'><strong>numerus</strong></span> <span class='ocrx_word' id='word_1_181' title='bbox 618 1702 758 1738; x_wconf 85' lang='lat' dir='ltr'><strong>relatus</strong></span> <span class='ocrx_word' id='word_1_182' title='bbox 789 1708 934 1751; x_wconf 90' lang='lat' dir='ltr'><strong>septem</strong></span> <span class='ocrx_word' id='word_1_183' title='bbox 953 1700 1113 1736; x_wconf 89' lang='lat' dir='ltr'><strong>millium</strong></span> <span class='ocrx_word' id='word_1_184' title='bbox 1140 1711 1183 1734; x_wconf 89' lang='lat' dir='ltr'><strong>ac</strong></span> 
     </span>
     <span class='ocr_line' id='line_1_26' title="bbox 73 1761 1184 1814; baseline -0.003 -13"><span class='ocrx_word' id='word_1_185' title='bbox 73 1766 333 1802; x_wconf 87' lang='lat' dir='ltr'><strong>ducentorum.</strong></span> <span class='ocrx_word' id='word_1_186' title='bbox 383 1764 488 1800; x_wconf 86' lang='lat' dir='ltr'><strong>Dum</strong></span> <span class='ocrx_word' id='word_1_187' title='bbox 516 1765 598 1800; x_wconf 80' lang='lat' dir='ltr'><strong>haec</strong></span> <span class='ocrx_word' id='word_1_188' title='bbox 627 1766 666 1801; x_wconf 94' lang='lat' dir='ltr'><strong>in</strong></span> <span class='ocrx_word' id='word_1_189' title='bbox 685 1765 827 1814; x_wconf 79' lang='lat' dir='ltr'><strong>Apulia</strong></span> <span class='ocrx_word' id='word_1_190' title='bbox 855 1765 1097 1814; x_wconf 81' lang='lat' dir='ltr'><strong>gerebantur,</strong></span> <span class='ocrx_word' id='word_1_191' title='bbox 1128 1761 1184 1798; x_wconf 89' lang='lat' dir='ltr'><strong>al-</strong></span> 
     </span>
     <span class='ocr_line' id='line_1_27' title="bbox 72 1826 1182 1871; baseline -0.003 -6"><span class='ocrx_word' id='word_1_192' title='bbox 72 1836 156 1865; x_wconf 86' lang='lat' dir='ltr'><strong>tero</strong></span> <span class='ocrx_word' id='word_1_193' title='bbox 186 1830 354 1865; x_wconf 82' lang='lat' dir='ltr'><strong>exercitu</strong></span> <span class='ocrx_word' id='word_1_194' title='bbox 375 1829 562 1865; x_wconf 87' lang='lat' dir='ltr'><strong>Samnites</strong></span> <span class='ocrx_word' id='word_1_195' title='bbox 593 1828 866 1871; x_wconf 85' lang='lat' dir='ltr'><strong>Interamnam,</strong></span> <span class='ocrx_word' id='word_1_196' title='bbox 888 1828 1079 1865; x_wconf 88' lang='lat' dir='ltr'><strong>coloniam</strong></span> <span class='ocrx_word' id='word_1_197' title='bbox 1098 1826 1182 1862; x_wconf 86' lang='lat' dir='ltr'><strong>Ro-</strong></span> 
     </span>
     <span class='ocr_line' id='line_1_28' title="bbox 16 1891 1184 1942; baseline -0.003 -13"><span class='ocrx_word' id='word_1_198' title='bbox 16 1916 18 1920; x_wconf 60' lang='lat'><em>»</em></span> <span class='ocrx_word' id='word_1_199' title='bbox 71 1905 237 1935; x_wconf 90' lang='lat' dir='ltr'><strong>manam,</strong></span> <span class='ocrx_word' id='word_1_200' title='bbox 258 1905 340 1941; x_wconf 85' lang='lat' dir='ltr'><strong>quae</strong></span> <span class='ocrx_word' id='word_1_201' title='bbox 370 1893 431 1928; x_wconf 92' lang='lat' dir='ltr'><strong>via</strong></span> <span class='ocrx_word' id='word_1_202' title='bbox 460 1892 602 1928; x_wconf 86' lang='lat' dir='ltr'><strong>Latina</strong></span> <span class='ocrx_word' id='word_1_203' title='bbox 629 1899 700 1935; x_wconf 87' lang='lat' dir='ltr'><strong>est,</strong></span> <span class='ocrx_word' id='word_1_204' title='bbox 731 1905 917 1942; x_wconf 85' lang='lat' dir='ltr'><strong>occupare</strong></span> <span class='ocrx_word' id='word_1_205' title='bbox 945 1891 1089 1933; x_wconf 84' lang='lat' dir='ltr'><strong>conati,</strong></span> <span class='ocrx_word' id='word_1_206' title='bbox 1120 1903 1184 1927; x_wconf 84' lang='lat' dir='ltr'><strong>ur·</strong></span> 
     </span>
     <span class='ocr_line' id='line_1_29' title="bbox 18 1956 1185 2010; baseline -0.001 -18"><span class='ocrx_word' id='word_1_207' title='bbox 18 2004 19 2010; x_wconf 19' lang='grc'>1</span> <span class='ocrx_word' id='word_1_208' title='bbox 70 1957 155 1993; x_wconf 89' lang='lat' dir='ltr'><strong>bem</strong></span> <span class='ocrx_word' id='word_1_209' title='bbox 185 1969 263 1992; x_wconf 92' lang='lat' dir='ltr'><strong>non</strong></span> <span class='ocrx_word' id='word_1_210' title='bbox 293 1963 518 1993; x_wconf 88' lang='lat' dir='ltr'><strong>tenuerunt:</strong></span> <span class='ocrx_word' id='word_1_211' title='bbox 552 1969 663 2005; x_wconf 81' lang='lat' dir='ltr'><strong>agros</strong></span> <span class='ocrx_word' id='word_1_212' title='bbox 694 1956 914 2006; x_wconf 83' lang='lat' dir='ltr'><strong>depopulati</strong></span> <span class='ocrx_word' id='word_1_213' title='bbox 944 1968 1058 2005; x_wconf 87' lang='lat' dir='ltr'><strong>quum</strong></span> <span class='ocrx_word' id='word_1_214' title='bbox 1089 1968 1185 2006; x_wconf 80' lang='lat' dir='ltr'><strong>prae-</strong></span> 
     </span>
     <span class='ocr_line' id='line_1_30' title="bbox 17 2017 1184 2068; baseline -0.002 -12"><span class='ocrx_word' id='word_1_215' title='bbox 17 2017 19 2021; x_wconf 51' lang='lat'><strong>⁴</strong></span> <span class='ocrx_word' id='word_1_216' title='bbox 70 2021 155 2056; x_wconf 89' lang='lat' dir='ltr'><strong>dam</strong></span> <span class='ocrx_word' id='word_1_217' title='bbox 176 2019 287 2056; x_wconf 88' lang='lat' dir='ltr'><strong>aliam</strong></span> <span class='ocrx_word' id='word_1_218' title='bbox 317 2021 403 2056; x_wconf 89' lang='lat' dir='ltr'><strong>inde</strong></span> <span class='ocrx_word' id='word_1_219' title='bbox 433 2021 591 2056; x_wconf 83' lang='lat' dir='ltr'><strong>mixtam</strong></span> <span class='ocrx_word' id='word_1_220' title='bbox 620 2021 818 2056; x_wconf 89' lang='lat' dir='ltr'><strong>hominum</strong></span> <span class='ocrx_word' id='word_1_221' title='bbox 838 2026 954 2068; x_wconf 86' lang='lat' dir='ltr'><strong>atque</strong></span> <span class='ocrx_word' id='word_1_222' title='bbox 983 2019 1184 2068; x_wconf 87' lang='lat' dir='ltr'><strong>pecudum,</strong></span> 
     </span>
     <span class='ocr_line' id='line_1_31' title="bbox 71 2084 1185 2134; baseline -0.001 -14"><span class='ocrx_word' id='word_1_223' title='bbox 71 2084 304 2133; x_wconf 89' lang='lat' dir='ltr'><strong>colonosque</strong></span> <span class='ocrx_word' id='word_1_224' title='bbox 336 2092 467 2134; x_wconf 85' lang='lat' dir='ltr'><strong>captos</strong></span> <span class='ocrx_word' id='word_1_225' title='bbox 506 2094 677 2134; x_wconf 68' lang='lat' dir='ltr'><strong>agerent,</strong></span> <span class='ocrx_word' id='word_1_226' title='bbox 716 2085 756 2120; x_wconf 94' lang='lat' dir='ltr'><strong>in</strong></span> <span class='ocrx_word' id='word_1_227' title='bbox 793 2085 975 2120; x_wconf 89' lang='lat' dir='ltr'><strong>victorem</strong></span> <span class='ocrx_word' id='word_1_228' title='bbox 1013 2084 1185 2119; x_wconf 89' lang='lat' dir='ltr'><strong>incidunt</strong></span> 
     </span>
     <span class='ocr_line' id='line_1_32' title="bbox 69 2147 1184 2198; baseline -0.001 -14"><span class='ocrx_word' id='word_1_229' title='bbox 69 2147 277 2191; x_wconf 88' lang='lat' dir='ltr'><strong>consulem,</strong></span> <span class='ocrx_word' id='word_1_230' title='bbox 298 2149 344 2185; x_wconf 87' lang='lat' dir='ltr'><strong>ab</strong></span> <span class='ocrx_word' id='word_1_231' title='bbox 365 2148 527 2186; x_wconf 86' lang='lat' dir='ltr'><strong>Luceria</strong></span> <span class='ocrx_word' id='word_1_232' title='bbox 557 2149 797 2185; x_wconf 84' lang='lat' dir='ltr'><strong>redeuntem:</strong></span> <span class='ocrx_word' id='word_1_233' title='bbox 829 2161 899 2185; x_wconf 85' lang='lat' dir='ltr'><strong>nec</strong></span> <span class='ocrx_word' id='word_1_234' title='bbox 928 2148 1094 2198; x_wconf 86' lang='lat' dir='ltr'><strong>praedam</strong></span> <span class='ocrx_word' id='word_1_235' title='bbox 1123 2160 1184 2184; x_wconf 90' lang='lat' dir='ltr'><strong>so-</strong></span> 
     </span>
     <span class='ocr_line' id='line_1_33' title="bbox 70 2211 1185 2262; baseline -0.001 -15"><span class='ocrx_word' id='word_1_236' title='bbox 70 2211 148 2247; x_wconf 83' lang='lat' dir='ltr'><strong>lum</strong></span> <span class='ocrx_word' id='word_1_237' title='bbox 168 2213 363 2256; x_wconf 87' lang='lat' dir='ltr'><strong>amittunt,</strong></span> <span class='ocrx_word' id='word_1_238' title='bbox 384 2213 449 2248; x_wconf 87' lang='lat' dir='ltr'><strong>sed</strong></span> <span class='ocrx_word' id='word_1_239' title='bbox 474 2213 545 2262; x_wconf 87' lang='lat' dir='ltr'><strong>ipsi</strong></span> <span class='ocrx_word' id='word_1_240' title='bbox 565 2211 682 2261; x_wconf 81' lang='lat' dir='ltr'><strong>longo</strong></span> <span class='ocrx_word' id='word_1_241' title='bbox 702 2219 816 2262; x_wconf 88' lang='lat' dir='ltr'><strong>atque</strong></span> <span class='ocrx_word' id='word_1_242' title='bbox 843 2212 1014 2261; x_wconf 86' lang='lat' dir='ltr'><strong>inp&#39;edito</strong></span> <span class='ocrx_word' id='word_1_243' title='bbox 1034 2212 1185 2259; x_wconf 86' lang='lat' dir='ltr'><strong>agmine</strong></span> 
     </span>
     <span class='ocr_line' id='line_1_34' title="bbox 72 2275 1186 2325; baseline 0 -15"><span class='ocrx_word' id='word_1_244' title='bbox 72 2275 314 2325; x_wconf 88' lang='lat' dir='ltr'><strong>incompositi</strong></span> <span class='ocrx_word' id='word_1_245' title='bbox 337 2277 544 2313; x_wconf 81' lang='lat' dir='ltr'><strong>caeduntur.</strong></span> <span class='ocrx_word' id='word_1_246' title='bbox 593 2276 752 2319; x_wconf 80' lang='lat' dir='ltr'><strong>Consul,</strong></span> <span class='ocrx_word' id='word_1_247' title='bbox 774 2276 1033 2312; x_wconf 82' lang='lat' dir='ltr'><strong>Interamnam</strong></span> <span class='ocrx_word' id='word_1_248' title='bbox 1059 2275 1186 2311; x_wconf 86' lang='lat' dir='ltr'><strong>edicto</strong></span> 
     </span>
    </p>
   </div>
   <div class='ocr_carea' id='block_1_5' title="bbox 71 2338 1185 2439">
    <p class='ocr_par' dir='ltr' id='par_1_5' title="bbox 71 2338 1185 2439">
     <span class='ocr_line' id='line_1_35' title="bbox 71 2338 1185 2390; baseline 0.001 -17"><span class='ocrx_word' id='word_1_249' title='bbox 71 2338 232 2374; x_wconf 86' lang='lat' dir='ltr'><strong>dominis</strong></span> <span class='ocrx_word' id='word_1_250' title='bbox 264 2339 310 2375; x_wconf 86' lang='lat' dir='ltr'><strong>ad</strong></span> <span class='ocrx_word' id='word_1_251' title='bbox 338 2352 395 2376; x_wconf 84' lang='lat' dir='ltr'><strong>res</strong></span> <span class='ocrx_word' id='word_1_252' title='bbox 418 2352 502 2375; x_wconf 87' lang='lat' dir='ltr'><strong>suas</strong></span> <span class='ocrx_word' id='word_1_253' title='bbox 533 2340 744 2376; x_wconf 83' lang='lat' dir='ltr'><strong>noscendas</strong></span> <span class='ocrx_word' id='word_1_254' title='bbox 782 2339 1091 2390; x_wconf 83' lang='lat' dir='ltr'><strong>recipiendasque</strong></span> <span class='ocrx_word' id='word_1_255' title='bbox 1126 2351 1185 2375; x_wconf 84' lang='lat' dir='ltr'><strong>re-</strong></span> 
     </span>
     <span class='ocr_line' id='line_1_36' title="bbox 598 2403 674 2439; baseline 0 0"><span class='ocrx_word' id='word_1_256' title='bbox 598 2403 632 2439; x_wconf 85' lang='lat' dir='ltr'>G</span> <span class='ocrx_word' id='word_1_257' title='bbox 652 2404 674 2439; x_wconf 90' lang='lat'><strong>3</strong></span> 
     </span>
    </p>
   </div>
   <div class='ocr_carea' id='block_1_6' title="bbox 0 844 26 2661">
    <p class='ocr_par' dir='ltr' id='par_1_6' title="bbox 0 844 26 2661">
     <span class='ocr_line' id='line_1_37' title="bbox 0 844 26 2661; baseline 0 0"><span class='ocrx_word' id='word_1_258' title='bbox 0 844 26 2661; x_wconf 95' lang='lat' dir='ltr'><strong> </strong></span> 
     </span>
    </p>
   </div>
  </div>
 </body>
</html>
