1527 2661
268 452 332 504 T.
373 451 586 505 LIVII
637 424 1057 505 PATAVINI

482 602 680 640 LIBER
715 568 834 640 XXI.x

457 749 817 775 --.---

106 874 202 956 IN
230 881 339 926 parte
365 874 489 925 operis
519 874 593 910 mei
621 872 712 910 licet
740 873 833 909 mihi
862 872 1027 922 praefari,
1048 874 1151 923 quod
1179 876 1220 911 in

179 940 367 990 principio
396 951 551 975 summae
580 939 699 973 totius
737 937 898 988 professi
930 937 1099 988 plerique
1129 946 1218 976 sunt

104 1019 229 1042 rerum
261 1005 478 1054 scriptores,
505 1001 646 1038 bellum
676 1002 840 1038 maxime
871 1002 1042 1038 omnium
1072 1015 1216 1040 memo·
1232 1017 1427 1050 Beuipnni-

103 1069 235 1112 rabile,
265 1082 347 1118 quae
384 1080 561 1117 umquam
595 1073 703 1116 gesta
739 1067 829 1110 sint,
863 1078 924 1102 me
961 1063 1410 1118 scripturum30522013nd1

101 1134 217 1183 quod,
239 1131 458 1169 Hannibale
477 1132 586 1174 duce,
603 1131 946 1179 Karthaginienses
967 1144 1053 1167 curn
1073 1132 1218 1182 populo
1231 1106 1433 1146 magmmdm

104 1198 283 1234 Romano
303 1209 463 1246 gessere.
510 1195 612 1231 Nam
632 1207 756 1243 neque
781 1194 981 1231 validiores
1003 1197 1139 1246 opibus
1158 1197 1218 1233 ul-

104 1263 148 1299 lae
180 1263 278 1298 inter
312 1274 350 1297 se
380 1261 550 1296 civitates
579 1266 785 1309 gentesque
818 1259 1063 1296 contulerunt
1096 1274 1218 1306 arma,

104 1339 226 1375 neque
245 1326 303 1361 his
323 1326 413 1375 ipsis
440 1331 589 1360 tantum
616 1337 793 1373 umquam
812 1325 949 1361 virium
975 1331 1041 1361 aut
1066 1325 1215 1362 roboris

101 1391 196 1427 fuit:
231 1396 268 1426 et
296 1389 397 1425 haud
425 1389 576 1437 ignotas
606 1388 696 1424 belli
725 1395 823 1424 artes
853 1389 957 1424 inter
982 1401 1034 1432 se,
1056 1390 1121 1425 sed
1149 1403 1215 1427 ex-

100 1459 224 1505 pertas
262 1454 384 1503 primo
417 1452 564 1488 Punico
599 1452 850 1488 conserebant
884 1452 1008 1489 bello:
1049 1460 1086 1488 et
1119 1453 1214 1490 adeo

103 1518 205 1554 varia
231 1516 319 1553 belli
340 1516 496 1552 fortuna
522 1528 736 1565 ancepsque
754 1516 861 1552 Mars
882 1515 968 1559 fuit,
991 1522 1032 1552 ut
1058 1518 1213 1567 propius

100 1580 307 1632 periculum
327 1580 484 1623 fuerint,
506 1580 568 1628 qui
593 1580 775 1616 vicerunt.
831 1580 939 1616 Odiis
960 1580 1075 1616 etiam
1095 1594 1213 1631 prope

101 1645 308 1696 majoribus
326 1651 533 1687 certarunt,
550 1657 663 1693 quam
683 1644 824 1680 viribus
841 1661 847 1680 ι
880 1644 1067 1680 Romanis
1088 1645 1212 1694 indig-

98 1710 292 1751 nantibus,
307 1709 408 1758 quod
424 1708 629 1744 victoribus
646 1709 735 1744 victi
756 1709 856 1745 ultro
875 1708 1060 1744 inferrent
1080 1722 1207 1754 arma3

97 1775 242 1816 Poenis,
270 1773 372 1822 quod
397 1772 556 1822 superbe
583 1785 767 1821 avareque
795 1772 990 1808 crederent
1015 1773 1210 1822 imperita-

100 1845 180 1875 tum
205 1839 314 1874 victis
335 1850 426 1873 esse.
476 1836 595 1873 Fama
620 1837 734 1872 etiam
761 1843 831 1880 est,
854 1836 1113 1873 Hannibalem
1139 1850 1206 1873 an·
1222 1843 1385 1875 Hannibal

96 1916 232 1939 norum
261 1902 379 1938 ferme
411 1914 562 1945 novem,
592 1901 786 1951 pueriliter
822 1901 1079 1937 blandientem
1108 1904 1204 1951 patri
1219 1888 1427 1962 ξέἰέἓζέἒξᾶῑ

96 1967 322 2009 Hamilcari,
350 1973 391 2002 ut
410 1966 607 2002 duceretur
633 1966 672 2001 in
700 1965 943 2015 Hispaniam,
963 1978 1092 2013 quum,
1120 1979 1204 2016 per·
1218 1983 1288 2005 nos.

85 2033 196 2069 >fecto
215 2031 349 2067 Africo
371 2030 486 2072 bello,
508 2031 713 2066 exercitum
738 2043 783 2066 eo
810 2028 1035 2079 trajecturus
1063 2031 1204 2068 sacrifi-

95 2103 211 2140 caret,
240 2095 419 2132 altaribus
446 2095 656 2138 admotum,
678 2095 788 2131 tactis
817 2095 930 2130 sacris
952 2093 1204 2144 jurejurando

97 2161 285 2203 adactum,
307 2172 360 2203 sc,
382 2172 497 2208 quum
516 2159 679 2208 primum
699 2166 841 2208 posset,
862 2158 1014 2194 hostem
1032 2158 1114 2194 fore
1134 2173 1203 2209 po-
1219 2168 1386 2201 Hamilcar

92 2225 183 2275 pulo
215 2224 405 2261 Romano.
463 2223 669 2272 Angebant
702 2224 867 2272 ingentis
901 2224 1053 2272 spiritus
1084 2224 1203 2261 virum
1217 2211 1422 2287 Ξῖέᾚῗῃᾘο·

96 2289 223 2326 Sicilia
243 2289 489 2337 Sardiniaque
518 2289 687 2327 amissae:
718 2301 807 2324 nam
828 2294 865 2324 et
896 2287 1063 2324 Siciliam
1090 2289 1202 2325 nimis
1217 2299 1397 2333 meditatur,

95 2352 204 2390 celeri
225 2354 486 2404 desperatione
512 2365 637 2389 rerum
665 2365 898 2397 concessam,
926 2358 963 2388 et
991 2352 1206 2391 Sardiniam

605 2416 644 2453 H
667 2418 689 2453 6
