1527 2661
362 219 521 250 LIBER
544 217 690 246 XXVI.
722 213 830 245 CAP.
852 214 958 242 XLI.
1132 208 1214 254 557

101 322 218 348 caesos
234 310 355 347 securi
373 308 580 360 percussit:
604 311 749 342 ceteros
770 302 1010 354 praedamque
1025 300 1213 337 vendidit:
1229 308 1271 339 U.
1281 306 1319 338 c,
1338 313 1412 338 549.

104 387 254 413 omnem
274 375 475 426 pecuniam
496 373 662 410 Romam
687 369 802 406 misit.
858 367 976 404 Fama
995 366 1217 415 Agrigenti·
1227 353 1268 384 Α·
1284 351 1321 382 C·
1339 356 1413 382 2¹0'

100 451 236 476 norum
250 438 364 475 eladis
381 438 548 475 Siciliam
564 449 679 486 quum
693 434 933 486 pervasisset,
944 431 1074 468 omnia
1085 443 1221 482 repen-

101 510 140 539 te
162 503 209 540 ad
227 502 426 540 Romanos
447 502 735 539 inclinaverunt.
766 498 924 535 Prodita
934 496 1039 533 brevi
1059 501 1148 532 sunt
1165 496 1222 531 vi-

103 566 200 615 ginti
220 566 383 618 oppida:
417 579 483 603 sex
501 567 537 602 vi
565 570 699 614 capta:
731 562 947 599 voluntaria
964 560 1157 597 deditione
1182 559 1223 595 in

104 630 216 666 fidem
240 636 425 667 venerunt
453 630 500 666 ad
520 628 793 678 quadraginta:
827 638 985 675 quarum
1013 624 1224 661 civitatium

102 695 337 746 principibus
358 708 474 745 quum
499 709 568 746 pro
588 693 770 745 cujusque
795 692 932 730 merito
953 689 1085 726 consul
1103 689 1227 740 pretia

102 773 311 811 poenasque
343 760 579 803 exsolvisset,
611 759 872 807 coegissetque
901 755 1063 799 Siculos,
1090 754 1225 815 pqsitis

102 824 258 860 tandem
285 825 412 868 armis,
434 825 481 861 ad
510 836 642 873 agrum
662 822 863 859 colendum
892 821 1039 858 animos
1067 831 1226 856 conver-

102 894 195 932 tere,
212 894 255 924 ut
274 894 373 926 esset
387 901 466 925 non
482 887 693 924 incolarum
708 886 823 923 modo
839 885 1027 922 alimentis
1042 882 1228 931 frugifera

105 951 242 996 insula,
263 952 326 989 sed
349 952 450 989 urbis
471 952 607 989 Romae
628 957 741 997 atque
761 949 883 985 Italice
902 948 958 995 (id
978 948 1078 996 quod
1096 946 1225 983 multis

105 1027 205 1065 saepe
240 1013 531 1065 tempestatibus
564 1014 726 1060 fecerat)
758 1024 951 1049 annonam
980 1011 1122 1048 levaret
1134 1027 1145 1056 5
1179 1010 1227 1048 ab

104 1079 332 1127 Agathyrna
356 1078 592 1115 inconditam
617 1076 901 1113 multitudinem
928 1088 1055 1111 secum
1081 1075 1121 1110 in
1147 1073 1228 1110 Ita-

106 1142 197 1179 liam
229 1142 452 1179 transvexit.
509 1142 686 1181 Quatuor
722 1140 841 1177 millia
873 1140 1072 1176 hominum
1105 1145 1228 1183 erant,

107 1207 218 1244 mixti
239 1220 285 1245 ex
305 1207 407 1243 omni
430 1206 658 1243 conluvione
678 1204 839 1249 exsules,
858 1205 1029 1248 obaerati,
1052 1203 1230 1254 capitalia

106 1272 188 1308 ausi
205 1271 398 1322 plerique,
432 1278 470 1308 et
489 1284 602 1320 quum
628 1272 666 1308 in
688 1270 904 1307 civitatibus
925 1271 1000 1305 suis
1022 1282 1065 1305 ac
1085 1269 1154 1305 sub
1174 1269 1229 1305 le-

105 1335 215 1384 gibus
235 1336 421 1379 vixerant,
439 1341 477 1371 et
496 1343 698 1386 postquam
718 1347 782 1371 eos
803 1348 849 1371 ex
864 1334 976 1370 variis
993 1334 1132 1370 caussis
1149 1333 1230 1370 for-

106 1405 200 1436 tuna
227 1399 357 1437 similis
388 1399 687 1448 conglobaverat
705 1398 984 1447 Agathyrnam,
1014 1409 1082 1447 per
1110 1397 1228 1433 latro-

106 1463 207 1503 cinia
226 1476 269 1499 ac
290 1465 462 1513 rapinam
480 1464 687 1500 tolerantes
707 1464 823 1498 vitam
840 1477 847 1497 :
880 1463 949 1498 hos
971 1474 1093 1511 neque
1112 1461 1227 1498 relin-

106 1539 221 1576 quere
249 1526 427 1564 Laevinus
456 1530 496 1564 in
526 1530 662 1572 insula,
693 1536 775 1566 tum
811 1529 973 1578 primum
1004 1542 1104 1564 nova
1135 1540 1229 1579 pace

107 1590 358 1634 coalescente,
393 1592 497 1629 velut
534 1594 731 1630 materiam
763 1593 948 1630 novandis
979 1593 1105 1635 rebus,
1137 1593 1228 1629 satis

107 1659 234 1689 tutum
270 1660 373 1690 ratus
401 1662 481 1691 est:
513 1661 552 1692 et
576 1656 764 1705 Rheginis
791 1658 874 1693 usui
902 1657 1019 1693 futuri
1050 1662 1158 1693 erant
1183 1656 1231 1692 ad

106 1716 367 1768 populandum
393 1718 589 1755 Bruttium
618 1732 764 1768 agrum,
796 1720 991 1758 adsuetam
1021 1719 1230 1757 latrociniis

108 1782 364 1829 quaerentibus
386 1795 550 1821 manum.
607 1785 674 1827 Et,
691 1785 793 1834 quod
813 1786 859 1821 ad
879 1786 1046 1822 Siciliam
1067 1785 1228 1828 adtinet,

110 1858 155 1881 eo
175 1858 277 1882 anno
297 1846 527 1884 debellatum
547 1855 615 1884 est.

163 1910 274 1947 XLI.
304 1909 351 1946 In
371 1911 562 1961 Hispania
582 1912 769 1962 principio
784 1913 880 1948 veris
899 1913 943 1949 P.
958 1913 1101 1963 Scipio,
1122 1914 1228 1950 navi·
1243 1925 1408 1965 Hispania

110 1974 179 2010 bus
200 1974 384 2017 deductis,
406 1975 648 2024 evocatisque
675 1976 797 2012 edicto
820 1976 1078 2013 Tarraconem
1103 1979 1227 2014 socio·
1241 1978 1300 1999 κδ·

110 2051 192 2074 rum
213 2038 378 2081 auxiliis,
400 2039 557 2076 classem
576 2042 842 2090 onerariasque
859 2043 998 2078 ostium
1019 2043 1106 2079 inde
1126 2043 1228 2079 Iberi

110 2102 276 2139 fluminis
296 2110 423 2152 petere
442 2102 567 2153 jubet.
622 2105 770 2142 Eodem
796 2106 965 2155 legiones
987 2119 1033 2143 ex
1059 2107 1227 2143 hibernis

110 2168 313 2203 convenire
326 2180 440 2216 quum
455 2168 630 2219 jussisset
646 2187 652 2206 :
685 2171 765 2220 ipse
781 2184 865 2208 cum
882 2173 1047 2221 quinque
1063 2172 1228 2209 millibus

111 2232 301 2268 sociorum
328 2231 375 2268 ab
393 2232 612 2270 Tarracone
638 2235 829 2284 profectus
851 2237 897 2273 ad
925 2237 1132 2273 exercitum
1160 2243 1230 2273 est.

110 2294 199 2333 Quo
215 2308 330 2343 quum
345 2298 521 2341 venisset,
540 2298 796 2348 adloquendos
814 2303 976 2337 maxime
996 2307 1138 2337 veteres
1159 2301 1231 2336 mi-

110 2356 211 2400 lites,
242 2360 305 2409 qui
335 2362 451 2397 tantis
481 2363 745 2412 superfuerant
774 2363 958 2408 cladibus,
987 2371 1106 2408 ratus,
1137 2376 1229 2401 con·-

609 2426 727 2467 Bb3
