1527 2661
394 144 544 172 LIBER
567 142 696 171 XXII·
728 141 833 170 CAP.
858 141 960 170 LXI·
1133 142 1214 185 301

129 245 222 277 esse,
243 245 310 269 uec
340 233 524 268 censuisse
552 231 785 267 redimendos
816 237 1008 267 senatum:
1041 236 1078 266 et
1099 244 1217 267 novos
1234 247 1275 277 U,
1293 245 1329 277 C·
1344 252 1415 278 535„

130 297 272 346 legatos
291 303 365 333 tres
392 297 438 333 ad
457 295 713 332 Hannibalem
741 296 948 339 revertisse,
970 296 1097 332 decem
1117 302 1218 332 vete-
1232 292 1272 322 Α·
1287 290 1323 321 C·
1340 296 1412 322 21⁶·

129 374 186 397 res
215 362 456 406 remansisse3
489 361 602 410 quod,
633 372 698 410 per
727 373 894 396 caussam
927 361 1221 408 recognoscendi

129 425 282 461 nomina
307 426 538 475 captivorum
570 424 616 460 ad
644 423 899 460 Hannibalem
927 437 972 459 ex
1002 425 1134 460 itinere
1162 437 1220 460 re-

130 489 259 538 gressi,
289 489 469 538 religione
498 501 577 524 sese
606 488 872 524 exsolvissent:
906 489 950 524 de
976 489 1018 524 iis
1046 489 1220 525 dedendis

129 566 267 602 magna
286 555 528 589 contentione
547 559 671 589 actum
690 554 728 588 in
749 559 880 589 senatu
897 566 974 589 esse
990 568 997 589 ε
1029 554 1222 603 victosque

130 618 257 668 paucis
277 619 485 660 sententiis,
506 619 567 666 qui
588 618 773 653 dedendos
794 619 1027 653 censuerint:
1059 624 1224 655 ceterum

130 683 309 732 proximis
334 682 547 718 censoribus
579 683 671 718 adeo
691 682 863 718 omnibus
892 683 991 717 notis
1020 683 1224 730 ignomini-

130 746 237 795 isque
262 745 452 782 confectos
479 758 571 788 esse,
593 752 633 781 ut
652 746 799 794 quidam
822 759 949 782 eorum
975 752 1134 782 mortem
1154 747 1225 783 sibi

129 811 200 861 ipsi
229 810 416 860 extemplo
446 811 715 847 consciverint:
748 811 861 846 ceteri
889 823 965 846 non
993 811 1077 847 foro
1105 811 1226 848 solum

133 875 235 911 omni
256 874 388 910 deinde
407 874 496 917 vita,
519 874 582 910 sed
607 887 723 924 prope
742 873 823 910 luce
850 887 892 910 ac
911 874 1076 924 publico,
1098 888 1226 911 carue-

134 940 220 975 rint.
275 937 409 974 Mirari
430 938 561 986 magis,
583 938 676 973 adeo
696 938 904 987 discrepare
923 938 1021 974 inter
1039 945 1225 983 auctores,

133 1016 258 1052 quarn,
280 1003 367 1052 quid
387 1003 462 1038 veri
489 1003 550 1045 sit,
571 1003 777 1038 discernere
797 1015 922 1052 queas.
980 1003 1134 1042 Quanto
1160 1017 1227 1040 au-

134 1073 210 1103 tem
229 1065 349 1116 major
368 1080 412 1102 ea
430 1065 550 1102 clades
571 1065 821 1116 superioribus
843 1066 1008 1103 cladibus
1027 1067 1154 1111 fuerit,
1170 1063 1229 1104 vel

135 1145 180 1168 ea
198 1122 254 1167 res
275 1131 412 1167 indicio
439 1136 507 1174 est,
529 1131 641 1179 quod,
662 1131 724 1179 qui
751 1132 937 1167 sociorum
957 1132 1003 1168 ad
1029 1145 1109 1168 eam
1129 1133 1227 1168 diem

135 1195 231 1232 firmi
251 1201 443 1238 steterant,
464 1201 544 1230 tum
563 1194 688 1231 labare
708 1203 915 1244 coeperunt,
937 1195 1038 1232 nulla
1056 1196 1227 1246 profecto

135 1260 208 1297 alia
240 1260 284 1295 de
313 1272 365 1302 re,
397 1273 507 1308 quam
540 1260 640 1310 quod
670 1260 954 1309 desperaverant
982 1261 1027 1297 de
1059 1262 1229 1311 imperio.

135 1323 317 1360 Defecere
337 1331 462 1360 autem
481 1325 527 1360 ad
546 1324 685 1360 Poenos
706 1325 744 1360 hi
772 1325 922 1375 populi:
954 1325 1134 1369 Atellani,
1157 1326 1228 1362 Ca·
1242 1330 1385 1379 Defectio
1394 1340 1428 1362 so

134 1388 255 1431 latini,
294 1388 461 1437 Hirpini,
495 1389 703 1438 Apulorum
741 1402 838 1438 pars,
877 1385 1061 1426 Samnites
1097 1396 1232 1439 praeter
1243 1383 1376 1405 ⁰¹⁰¹um'

135 1453 308 1495 Pentros,
325 1452 465 1488 Bruttii
482 1465 625 1496 omnes,
641 1452 787 1489 Lucani
804 1469 810 1489 z
835 1460 968 1502 praeter
983 1454 1052 1489 hos
1070 1454 1228 1490 Surren-

138 1517 221 1559 tini,
242 1522 279 1552 et
299 1516 516 1552 Graecorum
536 1517 655 1552 omnis
677 1517 793 1552 ferme
813 1530 892 1560 ora,
913 1517 1125 1560 Tarentini,
1145 1517 1231 1554 Me-

138 1581 340 1632 tapontini,
362 1581 643 1623 Crotonienses,
664 1581 866 1630 Locrique,
889 1588 926 1617 et
946 1582 1127 1631 Cisalpini
1151 1596 1231 1618 om-

139 1659 203 1683 nes
223 1646 334 1682 Galli.
390 1646 473 1681 Nec
492 1652 617 1681 tamen
636 1647 692 1681 hae
710 1647 831 1682 clades
848 1647 1150 1696 defectionesque
1170 1661 1230 1684 so-

140 1711 283 1746 ciorum
307 1715 516 1751 moverunt,
548 1716 588 1744 ut
620 1711 721 1758 pacis
751 1723 926 1759 umquam
958 1712 1100 1746 mentio
1133 1712 1230 1761 apud
1243 1708 1329 1739 Pacis
1345 1714 1391 1738 ‘a‘

140 1774 333 1810 Romanos
357 1772 483 1817 fieret,
515 1785 635 1821 neque
665 1779 751 1808 ante
781 1774 944 1809 consulis
973 1774 1133 1810 Romam
1165 1776 1229 1811 ad·
1241 1761 1422 1825 aerim?-

140 1843 305 1880 ventum,
325 1849 393 1871 nec
422 1840 619 1885 postquam
648 1837 677 1871 is
708 1837 829 1879 rediit,
861 1839 1124 1887 renovavitque
1152 1851 1230 1874 me-

141 1903 297 1939 moriam
316 1907 476 1951 acceptae
506 1901 641 1937 cladis:
674 1915 747 1950 quo
773 1903 811 1938 in
840 1908 1007 1953 tempore
1036 1904 1117 1953 ipso
1136 1905 1230 1941 adeo

138 1978 277 2015 niagno
297 1966 421 2001 animo
442 1965 569 2001 civitas
589 1965 673 2009 fuit,
693 1972 731 2001 ut
751 1966 908 2009 consuli,
926 1979 971 2002 ex
990 1973 1096 2003 tauta
1112 1968 1228 2012 clade,

139 2030 242 2080 cujus
258 2030 335 2079 ipse
352 2042 480 2065 caussa
496 2031 655 2066 maxima
670 2030 813 2073 fuisset,
831 2031 1013 2074 redeunti,
1029 2038 1066 2067 et
1081 2032 1229 2070 obviam
1242 2047 1370 2077 Van-0125
1387 2049 1442 2078 ob-

137 2096 231 2132 itum
250 2094 462 2142 frequenter
487 2095 532 2130 ab
553 2095 724 2131 omnibus
744 2096 934 2131 ordinibus
962 2097 1023 2139 sit,
1044 2104 1081 2132 et
1099 2098 1228 2145 gratiae
1242 2090 1324 2119 viam
1338 2091 1433 2138 stum,

141 2165 247 2201 actae,
275 2159 372 2207 quod
403 2158 447 2194 de
478 2159 669 2208 republica
700 2173 776 2196 non
807 2161 1058 2210 desperasset:
1091 2162 1164 2205 cui,
1198 2163 1228 2197 si
1241 2139 1390 2208 {231th

141 2222 514 2271 Karthaginiensium
533 2223 664 2260 ductor
691 2223 836 2267 fuisset,
862 2223 956 2260 nihil
984 2225 1228 2263 recusandum

142 2286 311 2338 supplicii
331 2286 438 2324 foret.
