1527 2661
279 163 333 196 22
733 163 779 192 T.
802 163 937 193 LIVH

83 254 127 286 U.
141 254 177 286 C.
194 254 420 296 434.posuit.
473 251 686 302 Agentibus
717 252 844 289 divina
871 253 1125 302 humanaque,
1157 264 1240 303 quae
1278 251 1389 289 adso„

80 299 123 330 Α·
138 299 372 362 9'318’lent,
403 330 518 368 quum
548 318 629 354 acie
658 317 913 354 dimicandum
946 324 1017 361 est,
1049 318 1282 362 consulibus,
1311 318 1388 356 Ta·

75 1547 195 1577 Iterum

70 1590 248 1619 vincuntur

72 1632 232 1662 Samnites

74 1685 93 1705 a
107 1685 187 1707 coss·

276 384 416 421 rentini
455 382 571 431 legati
603 381 820 424 obcursare,
855 394 1077 431 responsum
1111 389 1388 432 exspectantes,

272 447 409 499 quibus
429 447 602 497 Papirius
629 446 706 482 ait:
737 447 911 494 Auspicia
934 447 1090 482 secunda
1114 458 1197 489 esse,
1224 447 1391 484 Tarenti-

271 515 324 556 ni,
353 513 533 561 pullarius
567 512 741 546 nunciat:
771 511 914 545 litatum
938 515 1115 557 praeterea
1149 515 1203 546 est
1229 512 1392 559 egregie:

273 577 476 614 auctoribus
495 577 594 617 Diis,
614 579 655 610 ut
683 575 822 615 videtis,
844 574 893 609 ad
916 585 991 609 rem
1008 574 1201 621 gerendam
1225 575 1390 624 proficis-

273 643 399 679 cimur.
445 639 564 688 Signa
600 637 687 674 inde
714 637 804 673 ferri
833 636 964 687 jussit,
1003 642 1041 674 et
1076 638 1205 689 copias
1243 638 1388 682 eduxit,

272 705 515 743 vanissimam
543 703 741 752 increpans
771 707 938 749 gentem,
968 714 1065 750 quae,
1095 714 1248 738 suarum
1276 702 1388 752 inpo-

272 776 357 807 tens
386 781 510 806 rerum
540 780 617 817 prae
646 766 863 802 domesticis
893 765 1142 802 seditionibus
1172 767 1389 803 discordiis-

272 849 360 886 que,
380 834 462 872 aliis
491 833 645 871 modum
674 832 777 882 pacis
798 845 841 868 ac
868 831 959 867 belli
977 831 1101 868 facere
1131 845 1279 881 aequum
1299 846 1388 870 cen·

271 907 382 938 seret.
432 899 618 936 Samnites
639 911 685 934 ex
714 903 822 947 parte
851 896 982 939 altera,
1003 909 1120 945 quum
1148 909 1301 933 omnem
1321 911 1387 934 cu-

270 978 352 1002 ram
379 963 470 1001 belli
499 963 746 1005 remisissent,
771 962 859 1011 quia
888 966 954 997 aut
982 973 1114 1011 pacem
1142 973 1230 997 vere
1259 962 1387 1012 cupie-

268 1028 378 1072 bant,
410 1035 476 1065 aut
505 1027 731 1078 expediebat
759 1025 950 1069 simulare,
981 1032 1024 1062 ut
1053 1025 1284 1062 Tarentinos
1313 1025 1388 1063 sibi

269 1093 532 1135 conciliarent,
567 1104 682 1141 quum
714 1092 920 1129 instructos
950 1096 1107 1140 repente
1139 1090 1185 1127 ad
1218 1103 1387 1140 pugnam

268 1156 468 1194 Romanos
496 1157 798 1206 conspexissent,
819 1155 1033 1198 vociferari,
1053 1168 1090 1192 se
1109 1157 1146 1192 z'n
1171 1157 1389 1192 auctoritate

272 1224 546 1259 Tarentinorum
579 1232 738 1262 manere,
771 1232 836 1256 nec
864 1221 1072 1256 descendere
1101 1221 1138 1255 in
1166 1220 1294 1262 aciem,
1323 1231 1389 1257 nec

264 1290 365 1322 extra
386 1285 525 1320 vallum
554 1296 657 1319 arma
672 1283 788 1331 serre.
828 1283 1012 1331 Deceptos
1034 1285 1170 1331 potius,
1191 1284 1387 1331 quodcum-

265 1361 332 1398 que
363 1360 462 1384 casus
488 1347 610 1396 ferat,
644 1358 825 1394 passuros,
863 1359 971 1395 quam
1006 1352 1048 1383 ut
1082 1348 1253 1395 sprevisse
1284 1350 1387 1397 pacis

264 1419 426 1450 auctores
450 1413 661 1448 Tarentinos
678 1413 878 1448 rideantur.
913 1413 1086 1460 Accipere
1102 1425 1138 1448 se
1156 1425 1271 1456 omen,
1292 1425 1384 1449 con-

265 1477 364 1514 sules
394 1476 514 1519 aiunt,
546 1481 581 1512 et
609 1488 687 1511 eam
717 1477 861 1524 precari
892 1481 1045 1513 mentem
1074 1477 1241 1520 hostibus,
1271 1482 1314 1514 ut
1341 1489 1386 1514 ne

265 1542 404 1578 vallum
440 1541 581 1588 quidem
609 1532 827 1588 defendant.
888 1539 982 1589 Ipsi,
1020 1540 1120 1576 inter
1157 1553 1196 1576 se
1232 1541 1381 1591 partitis

268 1606 400 1656 copiis,
423 1604 630 1641 succedunt
648 1604 817 1640 hostium
832 1604 1094 1647 munimentis,
1111 1610 1163 1647 et,
1179 1605 1292 1642 simul
1310 1618 1382 1642 un-

267 1671 378 1720 dique
405 1670 540 1712 adorti,
562 1682 677 1718 quum
703 1681 788 1719 pars
808 1669 930 1705 fossas
957 1668 1166 1718 explerent,
1190 1682 1276 1720 pars
1303 1670 1381 1707 vel-

263 1734 385 1770 lerent
403 1733 558 1776 vallum,
579 1740 691 1782 atque
711 1734 750 1768 in
770 1733 891 1769 fossas
913 1740 1151 1783 proruerent,
1171 1747 1242 1770 nec
1261 1735 1380 1771 virtus

262 1799 378 1836 modo
404 1798 533 1841 insita,
563 1797 628 1833 secl
657 1798 714 1834 ira
742 1799 871 1841 etiam,
902 1797 1139 1835 exulceratos
1167 1799 1382 1848 ignominia

260 1861 475 1898 stimularet
504 1861 665 1904 animos,
687 1867 811 1897 castra
836 1862 1029 1899 invasere:
1062 1869 1101 1899 et
1119 1875 1188 1913 pro
1218 1875 1258 1899 se
1277 1863 1380 1912 quis-

262 1938 350 1974 que,
370 1938 437 1962 non
458 1926 531 1961 haec
545 1924 729 1974 furculas,
749 1939 813 1962 nec
835 1927 1026 1971 Caudium,
1046 1940 1112 1964 nec
1134 1929 1248 1964 saltus
1268 1929 1381 1974 inpios

263 2002 347 2031 esse,
368 1990 427 2025 ubi
446 2002 600 2025 errorem
609 1989 721 2038 fraus
743 1991 888 2039 superbe
906 1993 1043 2028 vicisset
1053 2009 1065 2036 ,-
1093 1993 1155 2028 secl
1174 1991 1379 2028 Romanam

260 2055 442 2095 virtulem,
460 2066 566 2101 quam
585 2065 649 2089 nec
666 2055 815 2098 vallum,
835 2056 1019 2106 rzecfossae
1037 2062 1214 2100 arcerent,
1234 2068 1380 2093 memo-

261 2124 403 2161 rantes,
424 2118 574 2154 eaedunt
598 2119 739 2167 pariter
763 2121 979 2158 resistentes
999 2121 1193 2171 fusosque,
1215 2122 1376 2158 inermes

262 2186 375 2229 atque
405 2187 584 2224 armatoS,
604 2194 746 2226 servos,
774 2183 927 2228 liberos,
954 2185 1130 2236 puberes,
1157 2184 1373 2236 inpuberes,

260 2243 449 2287 homines,
466 2243 738 2294 jumentaque:
770 2260 841 2284 nec
869 2248 987 2285 ullum
1017 2249 1263 2299 superfuisset
1291 2248 1373 2284 ani-

260 2305 351 2350 mal,
367 2307 407 2342 ni
420 2307 591 2345 consules
604 2311 772 2360 receptui
785 2311 935 2360 signum
950 2312 1154 2357 dedissent,
1168 2311 1373 2362 avidosque
