1507 2630
421 193 576 223 Lmen
601 192 672 221 1x.
705 191 813 221 cAP.
837 191 906 221 ιν.
1203 188 1227 232 7

118 280 307 326 advectus,
328 290 559 334 vocatusque
583 283 624 320 in
643 281 844 320 consilium
870 282 924 318 ita
942 280 1061 317 ferme
1078 279 1228 316 locutus
1242 283 1284 313 U.
1297 282 1333 314 C.
1350 289 1426 314 433.

117 357 212 390 esse,
235 353 276 383 ut
294 348 390 384 nihil
419 349 616 385 sententiae
646 361 722 384 suae
751 351 939 392 mutaret3
973 357 1123 382 caussas
1142 351 1229 380 tan·
1242 327 1282 358 Α·
1299 326 1336 358 C'
1352 331 1429 360 319,

117 415 199 446 tum
224 411 427 462 adjiceret:
461 414 589 450 Priore
612 426 648 449 se
673 413 832 454 consilio,
853 412 946 460 quod
971 412 1146 459 optimum
1166 410 1232 446 du-

117 481 223 520 ceret,
256 489 335 514 cum
357 479 600 527 potentissimo
625 478 761 527 populo
788 487 852 524 per
880 477 1000 522 ingens
1031 474 1237 523 beneficium

111 546 324 588 perpetuane
340 543 495 592 firmare
519 555 647 591 pacem
682 542 971 588 amicitiamque:
999 539 1115 575 altero
1152 549 1236 574 con-

115 604 197 639 silio
217 604 254 639 in
278 606 413 641 multas
437 611 571 649 (etates,
593 606 730 654 quibus,
751 605 888 640 amissis
914 603 1048 639 duobus
1075 602 1237 637 exerciti-

116 667 191 710 bus,
212 668 312 704 haud
319 669 440 718 facile
457 674 646 717 receptura
670 671 761 705 vires
780 668 947 704 Romana
971 680 1026 703 res
1045 671 1144 710 esset,
1165 666 1236 702 bel-

119 731 194 766 lum
221 733 390 781 defferre:
421 735 566 770 tertium
594 734 734 769 nullum
763 733 949 768 consilium
981 743 1062 769 esse.
1107 730 1238 769 Quum

117 793 215 830 filius
243 795 381 846 aliique
407 797 594 847 principes
622 796 907 847 percunctando
927 800 1237 844 exsequerentur,

120 859 217 900 Quid
233 862 264 897 si
282 863 401 898 media
419 862 479 898 via
498 863 637 898 consilii
659 867 846 911 caperetur
858 878 870 905 ‚-
899 865 941 897 ut
959 865 995 896 et
1013 860 1237 896 dimitteren-

119 928 178 959 tur
205 926 411 969 incolumes,
432 931 466 963 et
496 927 588 974 leges
611 927 656 962 iis
671 925 757 973 jure
786 927 869 963 belli
896 927 999 962 victis
1026 926 1237 972 inponeren-

118 990 209 1024 tur?
238 991 307 1026 ista
327 993 468 1039 quidem
496 993 685 1035 sententia,
713 992 851 1041 inquit,
873 1003 916 1027 ea
940 994 1005 1033 est,
1027 1001 1104 1038 quce
1127 999 1241 1036 neque

119 1054 250 1089 amicos
278 1061 403 1103 parat,
433 1068 546 1104 neque
578 1058 738 1094 inimicos
775 1057 883 1093 tollit.
941 1055 1091 1091 Servate
1118 1053 1239 1096 modo,

119 1129 204 1164 quos
222 1119 418 1165 ignominia
437 1122 666 1158 irritaveritis
679 1138 691 1158 .·
722 1134 765 1158 ea
783 1126 835 1157 est
853 1120 1023 1157 Romana
1040 1130 1140 1168 gens,
1163 1128 1241 1165 quoe

117 1181 212 1216 victa
231 1184 406 1229 quiescere
429 1186 576 1220 nesciat.
624 1186 725 1221 Vivet
748 1197 887 1230 semper
910 1186 948 1220 in
963 1182 1168 1232 pectoribus
1193 1181 1240 1216 il-

118 1245 248 1287 lorum,
270 1251 446 1293 quidquid
466 1253 556 1281 tsccoe
571 1252 726 1293 proe'sens
749 1248 936 1283 necessitas
960 1247 1150 1289 inusserit5
1177 1257 1241 1282 ne-

117 1320 184 1358 que
203 1320 260 1344 eos
277 1314 363 1345 ante
381 1310 598 1358 multiplices
616 1322 740 1358 poenas
766 1312 942 1359 expetitas
960 1322 984 1345 a
1011 1309 1107 1346 vobis
1126 1311 1240 1358 quies-

115 1386 192 1411 cere
208 1376 311 1411 sinet.

122 1448 124 1452 “
171 1438 240 1475 IV.
278 1438 427 1475 Neutra
465 1439 657 1475 sententia
689 1445 858 1490 accepta.
912 1439 1132 1476 Herennius
1171 1439 1241 1475 do-

117 1514 222 1539 mum
241 1515 261 1538 e
290 1502 422 1538 castris
453 1509 511 1538 est
539 1509 705 1540 avectus.
748 1504 801 1539 Et
829 1504 869 1539 in
899 1504 1031 1539 castris
1051 1502 1238 1540 Romanis

118 1579 234 1615 quum
256 1566 398 1602 frustra
423 1566 534 1602 multi
565 1573 725 1603 conatus
757 1567 803 1603 ad
834 1567 1107 1617 erumpendum
1137 1568 1239 1618 capti

118 1639 258 1673 essent,
289 1637 328 1666 et
351 1630 434 1680 jam
463 1633 634 1667 omnium
666 1644 791 1667 rerum
828 1632 960 1681 inopia
993 1638 1116 1678 esset3
1148 1632 1240 1668 victi

118 1695 346 1731 necessitate
370 1695 516 1743 legatos
548 1697 719 1739 mittunt,
741 1697 802 1745 qui
833 1698 997 1746 primum
1026 1709 1160 1747 pacem
1190 1710 1240 1732 ae-

120 1770 233 1806 quam
259 1764 456 1807 peterent:
489 1760 519 1794 si
541 1771 670 1808 pacem
698 1771 776 1795 non
797 1760 1046 1809 inpct1·a1·ent‚
1068 1761 1122 1796 uti
1149 1772 1239 1810 pro-

119 1828 299 1857 vocarent
320 1822 366 1857 ad
385 1835 565 1872 pugnam.
601 1824 700 1860 Tum
721 1825 895 1868 Pontius,
918 1826 1134 1862 debellatum
1153 1839 1236 1870 esse,
1251 1831 1348 1871 Leges
1365 1841 1383 1861 a

119 1885 337 1933 respondit:
370 1891 417 1927 et,
439 1889 607 1934 quoniam
635 1900 679 1924 ne
707 1890 791 1925 victi
811 1890 951 1937 quidem
971 1901 1014 1926 ac
1033 1892 1131 1939 capti
1148 1889 1236 1940 for·
1251 1875 1444 1949 fgnssff-dic-

119 1953 244 1984 tunam
260 1947 382 1997 fateri
399 1952 543 1993 scirent,
565 1954 716 1989 inermes
744 1966 823 1989 cum
849 1955 998 2001 singulis
1024 1956 1240 1992 vestimentis
1252 1963 1369 1994 manis.

82 2039 84 2041 .
117 2012 178 2047 sub
199 2010 330 2060 jugum
359 2016 576 2052 missurum:
604 2017 697 2052 alias
733 2018 949 2053 conditiones
982 2020 1084 2066 pacis
1120 2030 1240 2067 aequas

117 2077 219 2112 victis
238 2090 281 2113 ac
305 2079 496 2116 victoribus
510 2079 623 2129 fore,·
652 2083 682 2116 si
701 2094 788 2128 agro
815 2082 1035 2118 Samnitium
1055 2084 1238 2120 decedere-

120 2145 192 2183 tur,
222 2143 369 2178 coloniae
384 2144 657 2187 abducerentur,
686 2147 759 2181 suis
783 2147 911 2182 deinde
940 2147 1073 2194 legibus
1101 2147 1239 2183 Roma-

119 2219 205 2243 num
223 2220 267 2243 ac
292 2208 493 2246 Samnitem
512 2224 611 2259 oequo
626 2211 768 2261 foedere
794 2213 983 2248 victurum.
1024 2212 1095 2247 His
1114 2213 1239 2248 condi-

122 2272 271 2308 tionibus
286 2279 458 2321 paratum
476 2288 512 2311 se
537 2288 607 2312 esse
626 2275 750 2325 flectus
770 2288 849 2312 cum
876 2276 1074 2313 consulibus
1092 2275 1239 2325 ferire:

120 2337 151 2374 si
169 2337 256 2386 quid
283 2349 403 2377 eorum
434 2341 632 2390 displiceat,
665 2341 800 2388 legatos
831 2342 949 2378 redire
978 2341 1026 2377 acl
1048 2352 1085 2377 se
1111 2341 1237 2377 vetuit.

637 2404 671 2441 B
691 2405 715 2441 4
