1527 2661
335 162 390 204 68
766 174 812 202 T.
839 172 973 203 L1v11

146 262 238 292 U.C.
254 262 541 312 447·flag1·antia
562 261 781 299 Marcianus
809 262 915 299 miles
943 262 1156 312 conspexit,
1178 268 1216 298 et
1241 262 1369 299 hostes
1401 275 1458 299 re·

149 307 188 336 Α
200 306 237 336 C'
252 311 325 336 305.
338 340 509 377 spexere,
525 334 606 363 tum
622 327 762 377 passim
778 327 867 375 fuga
883 334 1010 376 coepta
1027 327 1253 363 Samnitium
1268 326 1348 362 fieri
1364 342 1371 361 :
1395 326 1460 363 sed

340 393 468 428 omnia
494 392 643 428 obtinet
674 391 806 433 caedes,
838 404 908 427 nec
938 392 977 426 in
1006 390 1123 427 ullam
1152 396 1301 440 partem
1332 397 1460 426 tutum

337 456 554 506 perfugium
572 462 639 492 est.
669 455 772 498 Jam,
795 456 954 503 triginta
970 454 1135 490 millibus
1155 455 1324 490 hostium
1340 455 1460 497 caesis‚

342 520 492 567 signum
522 519 692 568 receptui
723 517 896 554 consules
917 518 1110 560 dederant,
1142 516 1462 566 conligebantque

342 583 382 618 in
403 595 520 618 unum
541 582 686 631 copias„-
706 581 746 616 in
769 581 891 616 vicem
910 581 1009 616 inter
1037 592 1075 616 se
1096 586 1289 628 gratantes
1307 594 1313 615 :
1346 593 1463 630 quum

328 647 499 696 ⁴repente
516 646 605 681 w'sae
626 644 759 695 procul
785 645 956 681 hostium
981 657 1090 681 novae
1110 645 1302 688 cohortes,
1324 657 1406 694 quae
1425 645 1465 681 in

344 711 649 762 supplementum
675 711 824 760 scriptae
844 709 1010 754 fuerant,
1031 710 1271 759 integravere
1297 709 1461 746 caedem:

344 777 383 812 in
414 788 521 825 quas,
555 789 625 812 nec
652 774 763 825 jussu
797 774 1009 817 consulum,
1043 786 1114 810 nec
1147 774 1258 822 signo
1292 781 1464 823 accepto,

341 841 508 876 'victores
525 840 666 876 vadunt
680 856 689 885 3
724 841 820 876 malo
838 841 1003 875 tirocinio
1022 839 1235 875 inbuendum
1253 839 1466 881 Samnitem,

347 904 600 941 clamitantes.
631 903 839 953 Indulgent
859 903 1032 940 consules
1052 903 1250 952 legionum
1269 902 1408 946 ardori,
1428 908 1468 939 ut

348 970 413 1019 qui
431 970 551 1020 probe
570 969 724 1012 scirent,
742 981 885 1005 novum
903 968 1064 1004 militem
1077 968 1246 1004 hostium
1265 968 1366 1003 inter
1383 979 1470 1018 per-

348 1034 472 1071 culsos
492 1034 585 1083 fuga
601 1040 800 1070 veteranos
826 1046 875 1070 ne
892 1033 1078 1069 tentando
1097 1032 1248 1081 quidem
1271 1033 1362 1068 satis
1389 1044 1468 1068 cer·
1501 1079 1505 1081 b

346 1099 484 1135 tamini
502 1099 599 1136 fore.
642 1098 726 1135 Nec
755 1110 819 1134 eos
849 1098 980 1148 opinio
1008 1097 1169 1134 fefellit:
1201 1108 1333 1133 omnes
1362 1096 1470 1132 Sam-

347 1163 486 1199 nitium
520 1163 654 1212 copiae,
687 1168 832 1198 veteres
866 1174 1065 1209 novaeque,
1098 1166 1247 1196 montes
1276 1159 1471 1209 proximos

349 1224 444 1274 fuga
476 1227 653 1275 capiunt:
687 1238 732 1260 eo
766 1230 804 1260 et
839 1224 1019 1260 Romana
1052 1224 1211 1272 erigitur
1244 1223 1368 1268 acies3
1400 1235 1470 1259 nec

350 1290 557 1339 quidquam
577 1290 668 1325 satis
688 1289 761 1325 tuti
789 1288 864 1324 loci
883 1289 991 1324 victis
1013 1294 1092 1324 est:
1126 1294 1163 1324 et
1182 1288 1227 1323 de
1245 1286 1366 1337 jugiS,
1388 1299 1471 1336 quae

352 1360 546 1403 ceperant,
578 1353 812 1398 funduntur3
839 1352 997 1402 jamque
1027 1364 1103 1388 una
1130 1364 1224 1387 voce
1243 1362 1375 1387 omnes
1405 1363 1473 1401 pa-

354 1430 437 1454 cem
459 1417 653 1468 petebant.
697 1417 811 1459 Tum,
832 1418 950 1452 trium
975 1416 1161 1451 mensium
1181 1415 1374 1451 frumento
1401 1416 1473 1450 im-

351 1488 502 1532 perato,
533 1488 571 1517 et
599 1493 727 1517 annuo
757 1481 961 1531 stipendio,
983 1492 1026 1515 ac
1055 1479 1213 1527 singulis
1243 1479 1282 1513 in
1312 1477 1472 1514 militem

354 1547 508 1588 tunicis,
531 1546 577 1581 ad
604 1552 776 1581 senatum
804 1546 906 1594 pacis
927 1550 1097 1580 oratores
1124 1544 1241 1579 missi.
1273 1542 1472 1578 Cornelius

352 1610 394 1646 in
415 1610 572 1646 Samnio
589 1609 754 1646 relictus.
784 1609 953 1644 Marcius
975 1609 1020 1644 de
1040 1608 1219 1644 Hernicis
1235 1607 1472 1657 triumphans

354 1674 394 1709 in
415 1673 548 1709 urbem
567 1673 702 1717 rediit;
737 1679 936 1721 statuaque
957 1673 1139 1720 equestris
1160 1672 1200 1707 in
1218 1670 1304 1707 foro
1324 1671 1475 1707 decreta

351 1744 424 1781 est,
446 1750 528 1787 quae
549 1744 638 1774 ante
661 1737 846 1787 templum
868 1737 1036 1773 Castoris
1063 1737 1189 1786 posita
1215 1742 1283 1772 est.
1331 1735 1474 1772 Herni-

353 1815 486 1839 corum
505 1802 627 1839 tribus
647 1801 812 1851 populis,
833 1801 1054 1844 Alatrinati,
1071 1800 1280 1843 Verulano,
1300 1799 1474 1836 Ferenti-

353 1868 450 1910 nati,
478 1867 568 1915 quia
603 1866 832 1909 maluerunt,
868 1878 982 1914 quam
1015 1866 1222 1907 civitatem,
1261 1876 1338 1900 suae
1371 1862 1473 1912 leges

353 1931 533 1967 redditae:
567 1930 877 1978 connubiumque
903 1932 1002 1965 inter
1021 1930 1139 1978 ip808‚
1162 1928 1263 1977 quod
1289 1927 1474 1976 aliquam-

354 1995 420 2031 diu
439 1995 511 2030 soli
538 1995 796 2031 Hernicorum
820 1994 1052 2036 habuerunt,
1072 1993 1309 2043 permissum.
1365 1993 1472 2028 Ana-

354 2061 497 2109 gninis,
515 2061 653 2109 quique
674 2073 778 2096 arma
792 2059 979 2095 Romanis
1000 2058 1222 2101 intulerant,
1241 2058 1372 2094 civitas
1393 2058 1474 2094 sine

354 2123 523 2172 suffragii
540 2123 683 2160 latione
699 2124 788 2159 data
803 2138 809 2158 :
835 2122 997 2158 concilia
1013 2121 1279 2170 connubiaque
1296 2121 1446 2157 ademta
1461 2136 1468 2157 :

356 2194 396 2224 et
422 2188 719 2237 magistratibus,
754 2194 1005 2238 praeterquam
1039 2199 1232 2222 sacrorum
1262 2186 1472 2228 curatione,

352 2252 610 2289 interdictum.
654 2252 802 2288 Eodem
832 2263 933 2287 anno
954 2251 1049 2287 aedes
1081 2249 1219 2285 Salutis
1249 2262 1271 2285 a
1291 2249 1334 2284 C.
1354 2248 1472 2284 Junio

354 2315 530 2353 Bubulco
552 2328 708 2353 censore
727 2316 853 2353 locata
873 2322 942 2360 est,
961 2329 1073 2366 quam
1093 2313 1225 2352 consul
1246 2312 1344 2351 bello
1366 2313 1470 2350 Sam·
