1527 2661
279 178 365 222 334
734 176 780 206 T.
805 177 937 206 L1v11

80 269 123 301 U.
138 268 176 300 C.
195 276 267 302 536.
280 273 381 303 runt.
439 264 585 302 Consul
602 272 716 302 nocte
736 266 949 314 insequenti
968 265 1016 301 ad
1035 265 1242 301 exercitum
1267 264 1391 308 rediit,

79 315 120 345 Λ·
136 313 174 343 C'
191 320 266 345 ²¹⁶⁰
279 343 358 367 non
377 330 480 366 facto
507 330 667 364 certiore
693 336 841 371 senatu,
862 341 910 365 ne
936 329 1176 365 comitiorum
1197 341 1329 365 caussa
1353 329 1393 366 in

274 395 368 431 urbe
387 395 624 430 retineretur.

329 457 483 494 XXIV.
520 456 681 492 Postero
716 455 774 491 die
805 455 999 491 consultus
1030 469 1053 492 a
1080 455 1151 492 M’.
1176 455 1392 505 Pomponio

274 528 437 573 praetore
464 527 617 557 senatus
638 521 817 562 decrevit,
839 520 1017 556 dictatori
1042 520 1296 563 scribendum,
1323 519 1393 562 uti,

275 588 306 622 si
328 599 347 622 e
367 585 560 636 republica
576 591 747 620 censeret
762 597 857 627 esse,
875 584 922 620 ad
940 582 1112 620 consules
1132 583 1393 632 subrogandos

276 651 421 687 veniret
441 662 526 686 cum
541 650 724 697 magistro
741 649 910 697 equitum
929 654 967 684 et
985 654 1147 698 praetore
1160 647 1218 685 M.
1229 646 1395 684 Marcel-

276 715 329 760 lo,
351 722 393 752 ut
412 727 457 751 ex
478 716 522 750 iis
542 714 790 764 praesentibus
812 725 967 750 noscere
982 713 1114 749 Patres
1133 718 1303 763 possent,
1320 724 1396 762 quo

276 786 379 817 statu
399 779 612 829 respublica
631 785 743 821 esset,
761 778 993 827 consiliaque
1012 790 1058 814 ex
1077 777 1188 815 rebus
1205 782 1396 827 caperent.

275 845 353 884 Qui
386 845 497 880 adciti
531 850 652 885 erant,
687 855 816 879 omnes
847 848 1045 885 venerunt,
1075 841 1215 878 relictis
1245 841 1397 890 legatis›

276 911 342 959 qui
361 908 576 958 legionibus
596 914 815 958 praeessent.
871 901 1067 950 Dictator,
1088 906 1134 943 de
1154 919 1192 942 se
1211 918 1332 956 pauca
1351 917 1395 941 ac

277 974 426 1011 modice
446 973 612 1015 locutus,
634 973 673 1008 in
694 972 918 1020 magistrum
938 972 1122 1020 equitum,
1143 971 1203 1007 Ti.
1218 970 1395 1020 Sempro-

278 1038 384 1074 nium
404 1036 633 1079 Gracchum,
654 1048 831 1083 magnam
848 1042 993 1085 partem
1010 1033 1141 1083 gloriae
1161 1035 1274 1070 vertit
1286 1050 1297 1078 5
1331 1046 1395 1070 co-

86 1104 235 1140 comma.
280 1103 462 1151 mitiaque
482 1101 614 1144 edixit,
628 1099 763 1150 quibus
779 1100 825 1137 L.
839 1099 1058 1136 Postumius
1075 1100 1228 1136 tertium
1243 1098 1394 1141 absens,

280 1168 344 1217 qui
367 1175 448 1203 tum
469 1165 633 1202 Galliam
658 1165 895 1215 provinciam
915 1163 1130 1206 obtinebat,
1152 1169 1191 1199 et
1207 1162 1268 1200 Ti.
1289 1162 1395 1199 Sem-

279 1233 435 1283 pronius
453 1231 662 1273 Gracchus,
681 1230 745 1278 qui
765 1237 846 1265 tum
866 1229 1046 1278 magister
1061 1228 1230 1277 equitum
1246 1233 1288 1263 et
1307 1226 1396 1263 aedi-

280 1296 325 1332 lis
347 1294 485 1331 curulis
507 1301 601 1337 erat,
623 1292 796 1330 consules
817 1299 1046 1329 crearentur.
1102 1291 1288 1327 Praetores
1310 1290 1396 1327 inde

281 1360 412 1401 creati,
432 1358 489 1394 M.
510 1358 683 1394 Valerius
703 1357 895 1398 Laevinus,
917 1356 989 1405 Ap.
1013 1355 1192 1391 Claudius
1218 1353 1395 1397 Pulcher,

280 1422 496 1463 Q.Fulvius
522 1422 692 1464 Flaccus,
718 1422 765 1461 Q.
789 1421 940 1456 Mucius
968 1419 1148 1456 Scaevola.
1203 1418 1396 1463 Dictator,

281 1488 416 1524 creatis
437 1485 734 1535 magistratibuS,
755 1485 927 1521 Teanum
947 1485 984 1519 in
1005 1484 1164 1520 hiberna
1189 1482 1235 1518 ad
1255 1483 1397 1519 exerci-

284 1559 362 1587 tum
393 1551 518 1593 rediit,
549 1549 682 1585 relicto
712 1549 895 1597 magistro
925 1548 1092 1597 equitum
1123 1546 1282 1582 Romae:
1315 1548 1393 1596 qui,

282 1628 399 1664 quum
422 1621 510 1664 post
537 1626 678 1663 paucos
700 1614 776 1648 dies
807 1613 1071 1661 magistratum
1100 1613 1261 1647 initurus
1282 1618 1394 1654 esset,

282 1680 329 1716 de
348 1678 575 1716 exercitibus
603 1677 807 1714 scribendis
830 1676 1167 1727 comparandisque
1196 1676 1235 1711 in
1255 1687 1396 1712 annum

283 1743 415 1779 Patres
437 1742 663 1778 consuleret.
707 1741 835 1780 Quum
851 1753 903 1776 eae
923 1752 980 1775 res
1001 1740 1164 1776 maxime
1180 1745 1395 1787 agerentur,

282 1820 383 1843 nova
403 1806 524 1842 clades
555 1806 749 1848 nunciata,
770 1804 884 1841 aliam
907 1816 1018 1854 super
1046 1803 1160 1839 aliam
1179 1802 1395 1839 cumulante

90 1876 248 1925 L3Postu-
283 1872 322 1907 in
353 1884 436 1906 euni
471 1883 611 1905 annum
640 1869 795 1905 fortuna
807 1885 818 1914 3
850 1868 896 1904 L.
918 1868 1170 1913 Postumium,
1201 1865 1395 1903 consulem

89 1929 174 1950 “¹¹³⁵
190 1928 254 1949 ‘³0⁵'
283 1933 535 1982 designatum,
564 1933 602 1968 in
623 1932 749 1968 Gallia
779 1933 900 1981 ipsum
929 1937 1043 1979 atque
1072 1930 1279 1966 exercitum
1298 1929 1397 1966 dele·

87 1963 202 2035 ‘gaillia‘
283 2004 356 2034 tos.
405 1996 504 2033 Silva
526 2003 606 2032 erat
621 2003 741 2038 vasta,
759 1996 956 2043 (Litanam
977 1994 1077 2030 Galli
1098 1994 1303 2041 vocabant)
1322 2006 1396 2043 qua

87 2057 166 2078 cum
182 2057 240 2078 CX-

86 2092 185 2121 ercitu
201 2091 256 2120 de-

89 2134 182 2165 letus.
282 2138 356 2176 que
382 2127 481 2161 circa
509 2125 606 2160 viani
627 2124 728 2160 Galli
758 2123 910 2160 arbores
942 2124 995 2159 ita
1022 2123 1246 2164 inciderant,
1267 2128 1310 2158 ut
1339 2123 1397 2158 in-

283 2061 487 2097 exercitum
509 2060 748 2096 traducturus
769 2066 871 2095 crat:
906 2058 985 2109 ejus
1012 2057 1113 2094 silvae
1133 2058 1266 2094 dextra
1285 2057 1396 2094 laeva-

281 2196 397 2226 motae
413 2196 571 2231 starent,
589 2195 783 2224 momento
800 2188 869 2224 levi
887 2187 1045 2238 inpulsae
1063 2186 1289 2223 occiderent.
1318 2185 1394 2223 Le-

281 2254 416 2304 giones
436 2253 526 2289 duas
553 2253 749 2289 Romanas
776 2253 944 2289 habebat
965 2252 1200 2294 Postumius,
1228 2250 1394 2288 socium-

281 2330 355 2368 que
375 2318 422 2356 ab
443 2330 579 2368 supero
599 2319 693 2355 mari
719 2324 870 2354 tantum
890 2318 1179 2367 conscripserat,
1198 2322 1241 2352 ut
1259 2316 1396 2365 viginti
