1527 2661
66 299 157 328 U-C.
177 304 249 329 534.

65 341 106 371 A.
121 341 159 371 C.
176 348 249 371 218.

65 682 176 719 Pugna
191 691 248 711 na-

64 725 142 755 valis
159 725 197 754 ad

67 768 150 807 Lily-

66 812 187 841 haeum.

264 197 346 238 208
720 206 764 238 T.
790 212 923 240 mvn

262 309 429 346 pugnam
449 296 566 332 classe
587 297 774 335 absumto.
810 299 889 335 Ubi
908 298 1058 343 inluxit,
1081 312 1253 351 recepere
1274 301 1368 337 das-

262 373 339 396 sem
368 361 407 396 in
434 361 563 402 altum2
591 368 630 396 ut
659 363 822 410 spatium
847 376 983 412 pugnae
1015 371 1126 407 esset,
1154 365 1373 414 exitumque

260 423 417 459 liberum
441 436 460 459 e
480 430 591 473 portu
613 437 724 459 naves
746 425 913 461 hostium
933 426 1128 463 haberent.
1184 427 1268 462 Nec
1287 427 1378 463 Ro-

260 489 362 524 mani
394 488 649 523 detractavere
687 501 867 537 pugnam,
900 495 937 524 et
975 491 1157 526 memoria
1192 492 1291 526 circa
1328 502 1372 526 ea

259 551 340 600 ipsa
360 550 443 586 loca
464 556 655 597 gestarum
681 563 805 586 rerum
824 551 926 594 freti,
948 559 986 587 et
1011 553 1173 588 militum
1199 552 1375 588 multitu-

260 615 347 649 dine
367 627 410 649 ac
431 608 595 648 virtutes

315 678 360 713 L.
392 677 469 713 Ubi
490 677 528 712 in
549 676 667 712 altum
691 678 810 712 evecti
831 684 932 721 sunt,
954 678 1153 714 Romanus
1174 691 1376 715 conserere

261 754 441 791 pugnam,
464 748 501 777 et
519 754 565 776 ex
584 742 798 791 propinquo
822 743 917 777 vires
940 743 1111 778 conferre
1130 743 1245 779 velle:
1279 756 1372 779 con-

262 812 321 841 tra
357 805 504 841 eludere
533 804 689 847 Poenus,
728 811 765 840 et
794 811 887 847 arte,
918 818 996 841 non
1032 807 1082 848 vi,
1121 819 1198 841 rem
1229 819 1370 855 gerere,

261 869 502 916 naviumque,
525 880 634 916 quam
659 868 824 903 virorum
846 875 911 904 aut
937 881 1139 911 armorum,
1160 869 1271 904 malle
1291 882 1371 904 cer-

261 938 389 968 tamen
409 932 555 967 facere:
589 944 678 966 nam
705 938 746 967 ut
766 933 877 967 sociis
909 932 1105 967 navalibus
1134 932 1290 967 adfatim
1312 933 1372 967 in-

263 1002 444 1031 structam
472 995 641 1036 classem,
665 996 717 1030 ita
746 996 898 1044 inopem
926 995 1045 1031 milite
1071 995 1286 1031 habebant:
1320 1002 1371 1037 et,

264 1059 383 1095 sicubi
413 1066 588 1094 conserta
616 1059 720 1093 navis
752 1065 862 1101 esset,
888 1059 1177 1107 haudquaquam
1206 1072 1273 1108 par
1301 1072 1372 1094 nu-

263 1135 387 1159 merus
409 1130 638 1158 armatorum
655 1136 698 1157 ex
721 1135 765 1157 ea
784 1123 990 1171 pugnabat.
1037 1123 1152 1161 Quod
1166 1123 1231 1158 ubi
1251 1123 1372 1158 auim-

264 1188 460 1223 adversum
481 1195 550 1229 est,
573 1194 609 1222 et
630 1186 815 1222 Romanis
845 1186 1051 1222 multitudo
1072 1199 1139 1222 sua
1158 1187 1264 1222 auxit
1291 1187 1372 1222 ani-

264 1263 380 1292 mum,
412 1257 450 1285 et
482 1250 651 1299 paucitas
685 1249 757 1285 illis
792 1251 939 1285 minuit.
996 1249 1201 1298 Extemplo
1231 1256 1375 1299 septem

263 1327 377 1350 naves
415 1314 567 1349 Punicae
604 1315 889 1359 circumventae5
930 1313 1057 1361 fugam
1096 1320 1227 1349 ceterae
1266 1326 1375 1363 cepe-

266 1384 376 1413 runt:
410 1377 511 1413 mille
544 1384 580 1413 et
611 1378 840 1427 septingenti
865 1377 970 1413 fuere
1000 1378 1038 1412 in
1067 1377 1225 1412 navibus
1259 1378 1373 1426 capti,

267 1441 404 1477 milites
424 1448 646 1489 nautaeque3
680 1442 721 1476 in*
736 1441 794 1476 his
814 1448 889 1476 tres
909 1440 1055 1475 nobiles
1076 1441 1376 1489 Karthaginien-

267 1505 374 1540 sium.
434 1504 572 1540 Classis
592 1503 768 1539 Romana
794 1503 1008 1546 incolumis,
1030 1516 1105 1539 una
1123 1509 1273 1539 tantum
1292 1517 1376 1553 per-

266 1568 391 1604 forata
418 1569 519 1610 navi,
541 1568 605 1603 sed
631 1581 674 1604 ea
695 1580 845 1616 quoque
871 1569 953 1617 ipsa
978 1568 1128 1609 reduce,
1161 1569 1197 1603 in
1223 1576 1377 1618 portum

267 1633 389 1668 rediit.
447 1633 659 1668 Secundum
697 1632 796 1667 hanc
828 1644 1010 1680 pugnam,
1046 1632 1215 1667 nondum
1248 1634 1373 1680 gnaris

267 1695 362 1744 ejus,
394 1697 457 1744 qui
484 1696 674 1731 blessanae
711 1702 833 1737 erant,
867 1696 928 1731 Ti.
967 1696 1209 1744 Sempronius
1244 1698 1375 1750 consul

266 1760 488 1795 Messanam
524 1760 639 1795 venit.
697 1759 745 1795 Ei
782 1759 920 1795 fretum
957 1761 1115 1795 intranti
1151 1772 1217 1795 rex
1254 1760 1382 1796 Hiero

266 1824 422 1860 classem
443 1831 617 1859 ornatam
644 1824 796 1860 obviam
815 1824 946 1859 duxit:
978 1831 1309 1872 transgressusque
1329 1837 1374 1860 ex

267 1887 370 1934 regia
390 1888 428 1922 in
447 1887 663 1936 praetoriam
690 1900 838 1929 navem,
860 1887 1069 1935 gratulatus
1091 1888 1271 1936 sospitem
1291 1901 1376 1923 cum

268 1951 434 1986 exercitu
459 1957 496 1984 et
524 1950 682 1985 navibus
712 1951 919 1993 advenisse,
948 1958 1196 2000 precatusque
1222 1964 1376 2001 prospe-

266 2026 350 2050 rum
370 2027 412 2050 ac
427 2015 576 2050 felicem
592 2016 630 2049 in
652 2015 819 2050 Siciliam
838 2016 1062 2060 transitum3
1087 2022 1226 2051 statum
1243 2016 1376 2051 deinde

266 2077 398 2113 insulae
429 2084 466 2113 et
491 2078 871 2126 Karthaginiensium
897 2085 1035 2114 conata
1065 2080 1261 2128 exposuit:
1294 2079 1376 2128 pol-

265 2140 465 2189 licitusque
485 2147 554 2182 est,
576 2153 651 2189 quo
677 2141 804 2176 animo
824 2142 949 2190 priore
966 2141 1067 2177 bello
1094 2141 1275 2191 populum
1294 2142 1377 2178 Ro-

264 2216 419 2240 manum
448 2203 600 2253 juvenis
641 2203 859 2253 adjuvisset,
899 2217 943 2240 eo
982 2217 1109 2240 senem
1147 2204 1374 2254 adjuturum.

265 2268 515 2304 Frumentum
542 2269 842 2317 vestimentaque
869 2281 950 2305 sese
977 2269 1190 2317 legionibus
1211 2269 1375 2305 consulis

267 2332 453 2381 sociisque
482 2331 677 2369 navalibus
699 2333 815 2380 gratis
843 2332 1112 2382 praebiturumz
1146 2333 1287 2381 grande
1312 2346 1379 2383 pe-
