1527 2661
304 223 385 278 158
772 234 818 263 Τ.
842 235 976 266 mvn

299 324 473 368 randum,
489 322 653 360 habilius
669 323 742 360 fuit
757 338 764 360 ε
789 325 917 374 itaque
933 325 1034 361 haud
1050 324 1162 362 facile
1179 325 1415 370 decerneres,

299 395 426 426 utrum
446 390 679 439 imperatori,
701 403 749 425 an
776 390 973 433 exercitui,
995 391 1118 426 carior
1138 396 1258 427 esset:
1291 401 1417 440 neque

293 449 518 490 Hasdrubal
552 453 667 489 alium
699 467 927 503 quemquam
961 454 1152 504 praeficere
1185 454 1311 499 malle,
1349 454 1417 490 ubi

298 517 389 566 quid
410 517 559 553 fortiter
585 528 629 553 ac
656 524 808 553 strenue
835 518 1024 565 agendum
1045 524 1166 553 esset:
1197 530 1320 567 neque
1345 517 1417 554 mi-

297 581 382 618 lites
413 581 488 617 alio
509 581 603 617 duce
633 581 715 631 plus
746 581 949 624 confidere,
981 588 1047 617 aut
1073 581 1222 618 audere.
1292 580 1424 617 Pluri-

296 658 401 682 mum
438 645 605 682 audaciae
640 646 686 682 ad
723 645 892 695 pericula
928 646 1173 695 eapessentla,
1212 645 1417 695 plurimum

297 710 448 746 consilii
479 711 578 746 inter
607 710 689 760 ipsa
718 710 885 760 pericula
915 718 1019 746 erat:
1052 710 1159 746 nullo
1191 710 1322 746 labore
1352 715 1418 746 aut

297 787 434 824 corpus
456 775 623 824 fatigari,
653 782 717 811 aut
748 776 897 810 animus
921 775 1020 811 vinei
1048 780 1211 825 poterat.
1269 773 1418 810 Caloris

297 851 342 874 ae
360 837 512 888 frigoris
538 839 724 888 patientia
743 851 833 888 par:
867 838 942 874 eibi
968 840 1212 889 potionisque
1232 838 1419 874 desiderio

296 903 475 946 naturali,
503 916 583 939 non
609 903 819 953 voluptate,
848 903 981 939 modus
1009 903 1163 939 finitus:
1200 902 1414 952 vigiliarum

297 969 496 1017 somnique
521 981 592 1004 nec
612 969 684 1010 die,
715 979 785 1004 nee
812 975 925 1004 nocte
945 969 1205 1004 discriminata
1228 974 1414 1018 tempora.

298 1032 357 1076 Id,
385 1032 486 1081 quod
514 1032 687 1081 gerendis
718 1031 831 1068 rebus
859 1039 1085 1081 superesset,
1113 1032 1232 1081 quieti
1259 1032 1412 1067 datum:

297 1108 342 1132 ea
378 1109 501 1144 neque
538 1095 644 1132 molli
689 1101 824 1138 strato,
863 1108 986 1144 neque
1026 1095 1180 1132 silentio
1223 1096 1415 1132 arcessita.

296 1159 412 1197 Mulzi
434 1173 531 1210 saepe
551 1160 707 1196 militari
735 1160 869 1208 sagulo
889 1168 1078 1210 opertum,
1099 1161 1206 1196 humi
1219 1159 1416 1210 jacentem

296 1226 397 1261 inter
418 1225 607 1260 custodias
635 1226 896 1273 stationesque
922 1224 1099 1267 militum,
1121 1229 1414 1275 conspexerunt.

296 1290 467 1325 Vestitus
488 1288 585 1325 nihil
612 1290 711 1324 inter
738 1288 899 1337 aequales
927 1288 1138 1325 excellens:
1171 1301 1276 1325 arma
1300 1293 1414 1336 atque

294 1353 382 1402 equi
419 1352 750 1402 conspicebantur.
807 1352 992 1401 Equitum
1035 1352 1279 1402 peditumque
1314 1351 1415 1388 idem

294 1417 409 1466 longe
439 1418 581 1467 primus
609 1424 711 1453 erat:
745 1418 919 1467 princeps
950 1418 989 1453 in
1016 1417 1192 1467 proelium
1218 1416 1322 1453 ibat:
1355 1415 1413 1452 ul-

294 1483 409 1518 timus
441 1489 619 1518 conserto
644 1482 781 1531 prcelio
811 1481 1028 1518 excedebat.
1087 1481 1169 1518 Has
1193 1487 1318 1517 tantas
1344 1481 1412 1517 viri

293 1547 451 1582 virtutes
478 1546 650 1593 ingentia
675 1547 768 1582 vitia
795 1546 1020 1594 aequabant3
1053 1546 1260 1581 inhumana
1281 1544 1415 1581 erude-

292 1608 394 1652 litas,
428 1609 584 1658 perfidia
618 1609 702 1659 plus
737 1622 850 1657 quam
879 1609 1039 1652 Punica,
1067 1609 1163 1645 nihil
1191 1609 1283 1652 veri,
1313 1606 1411 1644 nihil

293 1675 429 1716 sancti,
460 1673 584 1709 nullus
615 1673 742 1709 Deum
781 1681 917 1716 metus,
948 1674 1094 1710 nullum
1125 1672 1408 1724 jusjurandum,

292 1737 397 1774 nulla
417 1737 563 1786 religio.
603 1738 700 1773 Cum
719 1739 791 1773 hae
812 1738 938 1774 indole
958 1739 1143 1775 virtutum
1162 1746 1276 1787 atque
1294 1738 1408 1774 vitio-

292 1815 376 1838 rum
413 1803 580 1838 triennio
613 1802 682 1838 sub
713 1803 954 1839 Hasdrubale
991 1804 1219 1853 imperatore
1255 1803 1408 1846 meruit,

292 1866 397 1903 nulla
417 1879 471 1909 re,
492 1880 575 1916 quae
597 1868 744 1916 agenda
759 1868 994 1917 videndaque
1014 1881 1155 1917 magno
1172 1867 1304 1904 futuro
1322 1867 1409 1903 duci

291 1936 405 1973 esset,
425 1932 691 1981 praetermissa.

93 2001 259 2033 Hannibal
346 1996 393 2032 V.
425 1996 602 2031 Ceterum
630 2009 675 2031 ex
696 2009 772 2045 quo
793 1997 852 2032 die
878 1997 952 2032 dux
980 2002 1036 2032 est
1057 1995 1282 2037 declaratus,
1302 1994 1406 2030 velut

92 2045 277 2076 bellumin-

92 2090 171 2119 ferre
189 2090 244 2120 Sa-

92 2134 236 2171 guntinis
289 2125 509 2162 mandatum
539 2133 652 2169 esset,
686 2126 781 2162 nihil
818 2127 1086 2176 prolatandum
1121 2134 1240 2169 ratuS,
1278 2139 1328 2162 ne
1364 2139 1404 2162 se

90 2176 212 2207 statuit.

292 2060 404 2097 Italia
439 2061 472 2095 ei
510 2062 705 2109 provincia
730 2063 894 2105 decreta,
931 2062 1149 2111 bellumque
1185 2061 1408 2098 Romanum

286 2205 452 2242 quoque,
480 2199 520 2228 ut
550 2201 696 2242 patrem
724 2193 996 2237 Hamilcarem,
1017 2194 1152 2230 deinde
1179 2193 1404 2230 Hasdruba-

284 2255 374 2298 lem,
406 2262 648 2292 cunctantem
683 2270 789 2293 easus
820 2258 954 2307 aliquis
978 2257 1223 2308 obprimeret,
1255 2258 1404 2306 Sagun-

285 2321 375 2356 tinis
415 2320 553 2357 inferre
589 2321 731 2358 bellum
768 2324 925 2359 statuit:
959 2323 1093 2372 quibus
1132 2322 1399 2372 obpugnandis

284 2385 374 2434 quia
393 2385 493 2422 haud
513 2386 624 2423 dubie
647 2386 821 2425 Romana
850 2401 956 2425 arma.
982 2388 1248 2431 movebantur,
1268 2387 1309 2423 in
1328 2386 1400 2423 Ol-

1500 2219 1503 2273 ,ε

1495 2277 1502 2364 ἕ
