1527 2661
356 173 508 200 LIBER
531 172 637 200 XXI·
671 171 776 200 CAP.
800 173 966 200 xxxn.
1131 161 1206 214 187

115 260 269 298 Quartis
290 260 418 295 castris
438 259 484 294 ad
504 258 671 294 Insulam
689 259 881 308 pervenit:
912 258 964 294 ibi
984 260 1081 294 Arar
1099 260 1208 296 Rho-

116 323 306 371 danusque
332 335 474 364 amnes,
506 322 659 357 diversis
695 334 740 357 ex
765 321 925 371 Alpibus
956 321 1208 366 decim-entes,

116 386 195 433 agri
212 385 444 433 aliquantum
457 384 633 434 amplexi,
651 384 846 420 confluunt
860 385 898 419 in
915 398 1042 421 unum.
1072 385 1209 421 Mediis

115 449 254 498 campis
275 448 412 484 Insulae
432 461 570 484 nomen
590 448 762 483 inditum.
810 447 989 483 Incolunt
1007 461 1124 498 prope
1143 448 1211 484 Al-

113 511 303 559 lobroges,
325 524 414 560 gens
437 510 520 560 jam
538 511 625 547 inde
654 511 757 547 nulla
776 510 921 547 Gallica
940 518 1052 559 geute
1078 511 1210 561 opibus

114 582 179 611 aut
197 575 297 611 fama
322 574 500 610 inferior:
533 581 613 610 tum
632 575 772 610 discors
799 581 890 610 erat.
945 574 1071 623 Regni
1091 580 1210 610 certa-

114 638 214 673 mine
245 637 488 685 ambigebant
516 636 672 672 fratres:
704 636 838 685 major,
869 643 906 672 et
925 637 988 685 qui
1016 638 1117 687 prius
1140 637 1210 672 im-

112 701 306 750 peritarat,
323 700 493 736 Braneus
512 701 678 743 nomine,
695 701 839 736 minore
859 700 905 736 ab
923 700 1039 736 fratre
1059 706 1095 736 et
1111 706 1212 736 coetu

105 763 315 813 juniorum,
336 764 399 811 qui
411 762 498 812 jure
517 764 653 805 minus,
673 764 709 799 vi
735 763 817 812 plus
837 769 1026 813 poterant,
1048 763 1212 813 pelleba-

110 833 184 862 tur.
203 824 329 875 Hujus
350 825 544 861 seditionis
563 831 845 875 peropportuna
857 825 1079 874 disceptatio
1096 838 1211 874 quum

112 889 160 925 ad
187 888 443 924 Hannibalem
469 887 610 937 rejecta
638 894 748 930 esset,
779 888 918 924 arbiter
946 888 1208 936 regnifactus,

109 952 210 1001 quod
229 964 274 986 ea
292 957 442 986 senatus
461 951 747 1000 principumque
774 951 964 986 sententia
981 950 1118 994 fuerat,
1139 951 1209 987 im-

109 1016 256 1065 perium
280 1013 415 1063 majori
442 1014 629 1049 restituit:
663 1014 712 1050 ob
737 1014 772 1049 id
799 1015 973 1049 meritum
999 1020 1212 1065 commeatu

111 1078 293 1127 copiaque
321 1088 444 1113 rerum
473 1077 654 1119 omnium,
684 1077 848 1113 maxime
873 1078 1001 1120 vestis,
1022 1082 1079 1113 est
1104 1076 1212 1127 adju·

111 1146 187 1184 tus,
208 1153 318 1189 quam
337 1139 494 1175 infames
513 1139 718 1187 frigoribus
738 1140 852 1188 Alpes
876 1138 1077 1188 praeparari
1097 1148 1210 1185 coge—

112 1204 217 1240 bant.
274 1203 419 1239 Sedatis
436 1201 703 1239 certaminibus
719 1201 985 1250 Allobrogum,
1001 1213 1115 1250 quum
1127 1199 1211 1250 jam

110 1267 226 1317 Alpes
251 1272 408 1316 peteret,
429 1278 506 1301 non
533 1271 636 1301 recta
653 1265 807 1314 regione
833 1265 904 1299 iter
928 1264 1115 1309 instituit3
1148 1263 1212 1299 sed

110 1331 158 1366 ad
175 1330 305 1365 laevam
334 1330 374 1364 in
397 1328 629 1364 Tricastinos
650 1327 753 1363 flexit
766 1343 776 1372 ;
808 1327 895 1362 inde
913 1339 979 1376 per
1003 1332 1211 1362 extremam

110 1406 216 1429 oram
234 1392 510 1429 Vocontiorum
528 1392 607 1439 agri
626 1391 787 1427 tetendit
806 1391 843 1426 in
863 1390 1054 1426 Tricorios
1071 1405 1078 1425 z
1110 1388 1212 1425 haud

109 1468 266 1505 usquam
293 1455 461 1505 inpedita
488 1456 560 1497 via,
581 1456 798 1504 priusquam
826 1455 871 1491 ad
897 1455 1122 1491 Druentiam
1140 1454 1210 1490 flu-

111 1532 197 1555 men
215 1519 395 1568 pervenit.
451 1517 489 1554 Is
510 1525 546 1554 et
572 1519 652 1567 ipse
670 1517 830 1567 Alpinus
858 1519 976 1553 amnis
996 1517 1109 1566 longe
1129 1530 1210 1553 om-

113 1583 218 1618 nium
255 1582 387 1618 Galliae
424 1581 620 1618 fluminum
657 1581 894 1618 difficillimus
931 1582 1093 1616 transitu
1129 1586 1208 1616 est:

115 1658 217 1688 nam,
238 1658 353 1694 quum
382 1658 488 1694 aquae
509 1646 583 1680 vim
613 1645 724 1680 vehat
753 1646 959 1693 ingentem,
980 1657 1057 1680 non
1088 1651 1213 1680 tamen

114 1710 265 1744 navium
286 1709 429 1758 patiens
451 1715 529 1743 est:
563 1709 650 1756 quia
669 1707 780 1743 nullis
801 1709 984 1743 co'e‘rcitus
1005 1708 1109 1756 ripis,
1129 1707 1213 1757 plu-

115 1770 216 1806 ribus
238 1770 360 1813 simul,
381 1783 501 1819 neque
522 1771 651 1806 iisdem
671 1770 783 1806 alveis
804 1770 936 1812 fluens,
952 1783 1051 1805 nova
1069 1782 1215 1820 semper

114 1833 209 1869 vada
227 1846 419 1881 novosque
439 1833 604 1881 gurgites
624 1832 779 1874 faciens,
804 1834 859 1880 (et
878 1833 926 1868 ob
947 1833 1074 1868 eadem
1097 1833 1215 1882 pediti

115 1908 263 1944 quoque
292 1896 435 1932 incerta
463 1897 523 1932 via
546 1898 619 1943 est)
642 1898 689 1933 ad
717 1899 797 1934 haec
826 1911 916 1933 saxa
935 1898 1106 1946 glareosa
1135 1898 1214 1934 vol-

114 1971 216 2000 vens,
237 1959 331 1994 nihil
349 1959 482 1995 stabile
501 1972 570 1995 nec
595 1967 718 1996 tutum
738 1962 960 2010 ingredienti
980 1961 1144 2011 praebet3
1178 1968 1215 1997 et

114 2029 209 2065 tum,
229 2022 328 2057 forte
346 2022 528 2058 imbribus
554 2030 699 2066 auctuS‚
720 2025 911 2072 ingentem
938 2024 1214 2072 transgredien-

114 2084 213 2120 tibus
229 2085 431 2121 tumultum
446 2086 550 2128 fecit,
565 2100 679 2134 quum
699 2100 809 2136 super
829 2094 951 2123 cetera
966 2088 1215 2136 trepidatione

117 2148 188 2197 ipsi
207 2160 272 2183 sua
293 2154 406 2197 atque
424 2149 575 2184 incertis
597 2149 821 2186 clamoribus
841 2151 1093 2186 turbarentur.

169 2210 347 2247 XXXII.
377 2212 419 2247 P.
448 2213 644 2249 Cornelius
675 2215 819 2258 consul,
854 2215 978 2250 triduo
1007 2215 1083 2251 fere
1112 2222 1212 2265 post,

117 2283 227 2321 quam
250 2273 445 2310 Hannibal
475 2275 520 2310 ab
551 2276 631 2325 ripa
660 2276 835 2313 Rhodani
867 2279 998 2321 movit,
1029 2278 1212 2326 quadrato

1222 268 1309 299 U.C.
1329 274 1400 298 5:⁵4.

1222 311 1258 340 A.
1274 310 1311 339 C.
1328 315 1400 340 210.

1223 1529 1381 1559 Druentia

1224 1580 1341 1601 amnis.

1227 2195 1258 2226 P.
1278 2198 1396 2228 Corne·

1227 2238 1286 2268 lius
1303 2240 1401 2270 classe

1225 2281 1256 2310 in
1274 2282 1399 2314 ltaliam

1225 2325 1313 2355 redit.
