<?xml version="1.0" encoding="UTF-8"?>
<!DOCTYPE html PUBLIC "-//W3C//DTD XHTML 1.0 Transitional//EN"
    "http://www.w3.org/TR/xhtml1/DTD/xhtml1-transitional.dtd">
<html xmlns="http://www.w3.org/1999/xhtml" xml:lang="en" lang="en">
 <head>
  <title>
</title>
<meta http-equiv="Content-Type" content="text/html;charset=utf-8" />
  <meta name='ocr-system' content='tesseract 3.04.00' />
  <meta name='ocr-capabilities' content='ocr_page ocr_carea ocr_par ocr_line ocrx_word'/>
</head>
<body>
  <div class='ocr_page' id='page_1' title='image "./historiarumquaes02livyuoft/historiarumquaes02livyuoft_0290.png"; bbox 0 0 1527 2661; ppageno 0'>
   <div class='ocr_carea' id='block_1_1' title="bbox 66 320 252 409">
    <p class='ocr_par' dir='ltr' id='par_1_1' title="bbox 66 320 252 409">
     <span class='ocr_line' id='line_1_1' title="bbox 67 320 252 353; baseline -0.022 0"><span class='ocrx_word' id='word_1_1' title='bbox 67 321 113 353; x_wconf 86' lang='lat' dir='ltr'><em>U.</em></span> <span class='ocrx_word' id='word_1_2' title='bbox 123 320 160 352; x_wconf 93' lang='lat' dir='ltr'><em>C.</em></span> <span class='ocrx_word' id='word_1_3' title='bbox 179 325 252 352; x_wconf 76' lang='lat'>536.</span> 
     </span>
     <span class='ocr_line' id='line_1_2' title="bbox 66 365 252 409; baseline -0.005 -13"><span class='ocrx_word' id='word_1_4' title='bbox 66 366 110 396; x_wconf 85' lang='lat' dir='ltr'><em>A.</em></span> <span class='ocrx_word' id='word_1_5' title='bbox 125 365 161 396; x_wconf 90' lang='lat' dir='ltr'><em>C.</em></span> <span class='ocrx_word' id='word_1_6' title='bbox 179 370 252 409; x_wconf 61' lang='lat'>216.</span> 
     </span>
    </p>
   </div>
   <div class='ocr_carea' id='block_1_2' title="bbox 67 418 234 493">
    <p class='ocr_par' dir='ltr' id='par_1_2' title="bbox 67 418 234 493">
     <span class='ocr_line' id='line_1_3' title="bbox 68 418 234 449; baseline 0.006 -1"><span class='ocrx_word' id='word_1_7' title='bbox 68 418 234 449; x_wconf 79' lang='lat' dir='ltr'>Discordia</span> 
     </span>
     <span class='ocr_line' id='line_1_4' title="bbox 67 470 150 493; baseline 0.012 -1"><span class='ocrx_word' id='word_1_8' title='bbox 67 470 150 493; x_wconf 85' lang='lat' dir='ltr'><em>coss.</em></span> 
     </span>
    </p>
   </div>
   <div class='ocr_carea' id='block_1_3' title="bbox 63 2083 245 2253">
    <p class='ocr_par' dir='ltr' id='par_1_3' title="bbox 63 2083 245 2253">
     <span class='ocr_line' id='line_1_5' title="bbox 63 2083 237 2122; baseline -0.017 -7"><span class='ocrx_word' id='word_1_9' title='bbox 63 2084 160 2115; x_wconf 79' lang='lat' dir='ltr'><em>Varro</em></span> <span class='ocrx_word' id='word_1_10' title='bbox 175 2083 237 2122; x_wconf 85' lang='lat' dir='ltr'><em>sig·</em></span> 
     </span>
     <span class='ocr_line' id='line_1_6' title="bbox 63 2136 245 2166; baseline -0.005 -9"><span class='ocrx_word' id='word_1_11' title='bbox 63 2137 145 2157; x_wconf 87' lang='lat' dir='ltr'><em>num</em></span> <span class='ocrx_word' id='word_1_12' title='bbox 166 2136 245 2166; x_wconf 86' lang='lat' dir='ltr'>pug-</span> 
     </span>
     <span class='ocr_line' id='line_1_7' title="bbox 64 2180 201 2209; baseline 0 -9"><span class='ocrx_word' id='word_1_13' title='bbox 64 2180 115 2200; x_wconf 85' lang='lat' dir='ltr'><em>nae</em></span> <span class='ocrx_word' id='word_1_14' title='bbox 131 2180 201 2209; x_wconf 86' lang='lat' dir='ltr'>pro-</span> 
     </span>
     <span class='ocr_line' id='line_1_8' title="bbox 63 2215 162 2253; baseline -0.02 -9"><span class='ocrx_word' id='word_1_15' title='bbox 63 2215 162 2253; x_wconf 86' lang='lat' dir='ltr'><em>ponit.</em></span> 
     </span>
    </p>
   </div>
   <div class='ocr_carea' id='block_1_4' title="bbox 61 2324 195 2399">
    <p class='ocr_par' dir='ltr' id='par_1_4' title="bbox 61 2324 195 2399">
     <span class='ocr_line' id='line_1_9' title="bbox 62 2324 195 2355; baseline 0.008 -1"><span class='ocrx_word' id='word_1_16' title='bbox 62 2324 195 2355; x_wconf 83' lang='lat' dir='ltr'>Instruit</span> 
     </span>
     <span class='ocr_line' id='line_1_10' title="bbox 61 2369 176 2399; baseline 0 -1"><span class='ocrx_word' id='word_1_17' title='bbox 61 2369 176 2399; x_wconf 79' lang='lat' dir='ltr'><em>aciem.</em></span> 
     </span>
    </p>
   </div>
   <div class='ocr_carea' id='block_1_5' title="bbox 263 215 925 261">
    <p class='ocr_par' dir='ltr' id='par_1_5' title="bbox 263 215 925 261">
     <span class='ocr_line' id='line_1_11' title="bbox 263 215 925 261; baseline 0.002 -1"><span class='ocrx_word' id='word_1_18' title='bbox 263 215 347 260; x_wconf 86' lang='lat'><em>280</em></span> <span class='ocrx_word' id='word_1_19' title='bbox 723 231 767 260; x_wconf 80' lang='lat' dir='ltr'><em>T.</em></span> <span class='ocrx_word' id='word_1_20' title='bbox 791 230 925 261; x_wconf 73' lang='lat' dir='ltr'><em>mvn</em></span> 
     </span>
    </p>
   </div>
   <div class='ocr_carea' id='block_1_6' title="bbox 254 316 1374 2446">
    <p class='ocr_par' dir='ltr' id='par_1_6' title="bbox 254 316 1374 1197">
     <span class='ocr_line' id='line_1_12' title="bbox 263 316 1369 362; baseline 0.009 -10"><span class='ocrx_word' id='word_1_21' title='bbox 263 316 410 353; x_wconf 84' lang='lat' dir='ltr'><em>satione</em></span> <span class='ocrx_word' id='word_1_22' title='bbox 427 316 568 354; x_wconf 84' lang='lat' dir='ltr'>hostes.</span> <span class='ocrx_word' id='word_1_23' title='bbox 623 317 718 355; x_wconf 88' lang='lat' dir='ltr'>Inde</span> <span class='ocrx_word' id='word_1_24' title='bbox 735 331 861 356; x_wconf 84' lang='lat' dir='ltr'>rursus</span> <span class='ocrx_word' id='word_1_25' title='bbox 882 320 1077 358; x_wconf 84' lang='lat' dir='ltr'><em>sollicitari</em></span> <span class='ocrx_word' id='word_1_26' title='bbox 1095 322 1280 361; x_wconf 87' lang='lat' dir='ltr'><em>seditione</em></span> <span class='ocrx_word' id='word_1_27' title='bbox 1299 325 1369 362; x_wconf 88' lang='lat' dir='ltr'><em>mi-</em></span> 
     </span>
     <span class='ocr_line' id='line_1_13' title="bbox 263 381 1369 439; baseline 0.008 -21"><span class='ocrx_word' id='word_1_28' title='bbox 263 381 363 419; x_wconf 87' lang='lat' dir='ltr'><em>litari</em></span> <span class='ocrx_word' id='word_1_29' title='bbox 383 395 426 419; x_wconf 89' lang='lat' dir='ltr'><em>ac</em></span> <span class='ocrx_word' id='word_1_30' title='bbox 445 383 631 419; x_wconf 85' lang='lat' dir='ltr'>discordia</span> <span class='ocrx_word' id='word_1_31' title='bbox 656 384 854 421; x_wconf 88' lang='lat' dir='ltr'><em>consulum</em></span> <span class='ocrx_word' id='word_1_32' title='bbox 876 384 1053 423; x_wconf 81' lang='lat' dir='ltr'><em>Romana</em></span> <span class='ocrx_word' id='word_1_33' title='bbox 1074 396 1220 425; x_wconf 86' lang='lat' dir='ltr'><em>castra:</em></span> <span class='ocrx_word' id='word_1_34' title='bbox 1252 401 1369 439; x_wconf 86' lang='lat' dir='ltr'>quum</span> 
     </span>
     <span class='ocr_line' id='line_1_14' title="bbox 258 447 1368 498; baseline 0.007 -15"><span class='ocrx_word' id='word_1_35' title='bbox 258 447 411 484; x_wconf 89' lang='lat' dir='ltr'>Paullus</span> <span class='ocrx_word' id='word_1_36' title='bbox 433 447 720 498; x_wconf 87' lang='lat' dir='ltr'>Semproniique</span> <span class='ocrx_word' id='word_1_37' title='bbox 745 455 783 485; x_wconf 90' lang='lat' dir='ltr'><em>et</em></span> <span class='ocrx_word' id='word_1_38' title='bbox 800 449 978 487; x_wconf 83' lang='lat' dir='ltr'><em>Flaminii</em></span> <span class='ocrx_word' id='word_1_39' title='bbox 999 454 1251 490; x_wconf 84' lang='lat' dir='ltr'><strong>temeritatem</strong></span> <span class='ocrx_word' id='word_1_40' title='bbox 1270 454 1368 490; x_wconf 90' lang='lat' dir='ltr'><em>Var-</em></span> 
     </span>
     <span class='ocr_line' id='line_1_15' title="bbox 257 513 1367 566; baseline 0.005 -17"><span class='ocrx_word' id='word_1_41' title='bbox 257 514 357 557; x_wconf 79' lang='lat' dir='ltr'><em>roni,</em></span> <span class='ocrx_word' id='word_1_42' title='bbox 378 513 500 549; x_wconf 87' lang='lat' dir='ltr'><em>Varro</em></span> <span class='ocrx_word' id='word_1_43' title='bbox 529 513 738 563; x_wconf 84' lang='lat' dir='ltr'><em>speciosum</em></span> <span class='ocrx_word' id='word_1_44' title='bbox 768 515 908 551; x_wconf 88' lang='lat' dir='ltr'><em>timidis</em></span> <span class='ocrx_word' id='word_1_45' title='bbox 935 529 978 552; x_wconf 88' lang='lat' dir='ltr'><em>ac</em></span> <span class='ocrx_word' id='word_1_46' title='bbox 1007 518 1184 566; x_wconf 84' lang='lat' dir='ltr'>segnibus</span> <span class='ocrx_word' id='word_1_47' title='bbox 1211 518 1367 555; x_wconf 85' lang='lat' dir='ltr'><em>ducibus</em></span> 
     </span>
     <span class='ocr_line' id='line_1_16' title="bbox 257 577 1367 632; baseline 0.005 -19"><span class='ocrx_word' id='word_1_48' title='bbox 257 577 470 628; x_wconf 84' lang='lat' dir='ltr'>exemplum</span> <span class='ocrx_word' id='word_1_49' title='bbox 506 577 667 614; x_wconf 85' lang='lat' dir='ltr'><em>Fabium</em></span> <span class='ocrx_word' id='word_1_50' title='bbox 699 578 906 629; x_wconf 85' lang='lat' dir='ltr'>objiceret:</span> <span class='ocrx_word' id='word_1_51' title='bbox 950 587 1226 632; x_wconf 83' lang='lat' dir='ltr'>testareturque</span> <span class='ocrx_word' id='word_1_52' title='bbox 1262 582 1367 619; x_wconf 89' lang='lat' dir='ltr'>Deos</span> 
     </span>
     <span class='ocr_line' id='line_1_17' title="bbox 256 642 1370 695; baseline 0.005 -17"><span class='ocrx_word' id='word_1_53' title='bbox 256 642 504 691; x_wconf 86' lang='lat' dir='ltr'>hominesque</span> <span class='ocrx_word' id='word_1_54' title='bbox 528 642 604 685; x_wconf 90' lang='lat' dir='ltr'><em>hic,</em></span> <span class='ocrx_word' id='word_1_55' title='bbox 634 644 772 680; x_wconf 79' lang='lat' dir='ltr'><em>nullam</em></span> <span class='ocrx_word' id='word_1_56' title='bbox 799 656 903 692; x_wconf 82' lang='lat' dir='ltr'>penes</span> <span class='ocrx_word' id='word_1_57' title='bbox 926 657 963 681; x_wconf 83' lang='lat' dir='ltr'>se</span> <span class='ocrx_word' id='word_1_58' title='bbox 989 647 1133 695; x_wconf 82' lang='lat' dir='ltr'><em>culpam</em></span> <span class='ocrx_word' id='word_1_59' title='bbox 1161 659 1244 690; x_wconf 83' lang='lat' dir='ltr'>esse,</span> <span class='ocrx_word' id='word_1_60' title='bbox 1275 648 1370 695; x_wconf 80' lang='lat' dir='ltr'><em>quod</em></span> 
     </span>
     <span class='ocr_line' id='line_1_18' title="bbox 257 705 1371 756; baseline 0.004 -12"><span class='ocrx_word' id='word_1_61' title='bbox 257 707 442 744; x_wconf 80' lang='lat' dir='ltr'><em>Hannibal</em></span> <span class='ocrx_word' id='word_1_62' title='bbox 452 705 534 753; x_wconf 85' lang='lat' dir='ltr'><em>jam</em></span> <span class='ocrx_word' id='word_1_63' title='bbox 551 707 647 743; x_wconf 80' lang='lat' dir='ltr'><em>velut</em></span> <span class='ocrx_word' id='word_1_64' title='bbox 664 710 877 756; x_wconf 78' lang='lat' dir='ltr'><em>usucepisset</em></span> <span class='ocrx_word' id='word_1_65' title='bbox 896 709 1066 747; x_wconf 81' lang='lat' dir='ltr'><em>Italiam:</em></span> <span class='ocrx_word' id='word_1_66' title='bbox 1087 723 1124 747; x_wconf 83' lang='lat' dir='ltr'>se</span> <span class='ocrx_word' id='word_1_67' title='bbox 1142 712 1371 748; x_wconf 77' lang='lat' dir='ltr'><em>constrictum</em></span> 
     </span>
     <span class='ocr_line' id='line_1_19' title="bbox 261 771 1374 823; baseline 0.003 -16"><span class='ocrx_word' id='word_1_68' title='bbox 261 784 286 808; x_wconf 85' lang='lat' dir='ltr'><em>a</em></span> <span class='ocrx_word' id='word_1_69' title='bbox 304 773 442 820; x_wconf 83' lang='lat' dir='ltr'><em>collega</em></span> <span class='ocrx_word' id='word_1_70' title='bbox 461 773 573 808; x_wconf 67' lang='lat' dir='ltr'>teneri</span> <span class='ocrx_word' id='word_1_71' title='bbox 583 789 596 816; x_wconf 83' lang='lat'><em>,-</em></span> <span class='ocrx_word' id='word_1_72' title='bbox 612 771 760 821; x_wconf 79' lang='lat' dir='ltr'><em>ferrum</em></span> <span class='ocrx_word' id='word_1_73' title='bbox 784 778 890 821; x_wconf 81' lang='lat' dir='ltr'><em>atque</em></span> <span class='ocrx_word' id='word_1_74' title='bbox 907 786 1009 810; x_wconf 83' lang='lat' dir='ltr'><em>arma</em></span> <span class='ocrx_word' id='word_1_75' title='bbox 1032 776 1135 810; x_wconf 71' lang='lat' dir='ltr'><em>iratis</em></span> <span class='ocrx_word' id='word_1_76' title='bbox 1160 780 1194 812; x_wconf 87' lang='lat' dir='ltr'><em>et</em></span> <span class='ocrx_word' id='word_1_77' title='bbox 1209 786 1374 823; x_wconf 77' lang='lat' dir='ltr'><em>pugnare</em></span> 
     </span>
     <span class='ocr_line' id='line_1_20' title="bbox 261 837 1372 890; baseline 0.003 -18"><span class='ocrx_word' id='word_1_78' title='bbox 261 837 482 884; x_wconf 78' lang='lat' dir='ltr'><em>cupientibus</em></span> <span class='ocrx_word' id='word_1_79' title='bbox 514 838 628 872; x_wconf 81' lang='lat' dir='ltr'><em>adimi</em></span> <span class='ocrx_word' id='word_1_80' title='bbox 652 837 823 873; x_wconf 71' lang='lat' dir='ltr'><em>militibus</em></span> <span class='ocrx_word' id='word_1_81' title='bbox 837 854 849 880; x_wconf 90' lang='lat'><em>;</em></span> <span class='ocrx_word' id='word_1_82' title='bbox 877 837 953 881; x_wconf 86' lang='lat' dir='ltr'><em>ille,</em></span> <span class='ocrx_word' id='word_1_83' title='bbox 973 839 1004 873; x_wconf 75' lang='lat' dir='ltr'><em>si</em></span> <span class='ocrx_word' id='word_1_84' title='bbox 1027 840 1112 886; x_wconf 79' lang='lat' dir='ltr'><em>quid</em></span> <span class='ocrx_word' id='word_1_85' title='bbox 1133 838 1301 890; x_wconf 78' lang='lat' dir='ltr'><em>projectis</em></span> <span class='ocrx_word' id='word_1_86' title='bbox 1329 851 1372 875; x_wconf 89' lang='lat' dir='ltr'><em>ac</em></span> 
     </span>
     <span class='ocr_line' id='line_1_21' title="bbox 254 902 1371 952; baseline 0.002 -14"><span class='ocrx_word' id='word_1_87' title='bbox 254 903 411 950; x_wconf 77' lang='lat' dir='ltr'><em>proditis</em></span> <span class='ocrx_word' id='word_1_88' title='bbox 429 903 478 938; x_wconf 83' lang='lat' dir='ltr'><em>ad</em></span> <span class='ocrx_word' id='word_1_89' title='bbox 492 902 726 938; x_wconf 78' lang='lat' dir='ltr'><em>inconsultam</em></span> <span class='ocrx_word' id='word_1_90' title='bbox 741 907 848 949; x_wconf 79' lang='lat' dir='ltr'><em>atque</em></span> <span class='ocrx_word' id='word_1_91' title='bbox 868 904 1089 951; x_wconf 77' lang='lat' dir='ltr'><em>inprovidam</em></span> <span class='ocrx_word' id='word_1_92' title='bbox 1101 916 1264 952; x_wconf 76' lang='lat' dir='ltr'><em>pugnam</em></span> <span class='ocrx_word' id='word_1_93' title='bbox 1283 905 1371 952; x_wconf 80' lang='lat' dir='ltr'><em>legi-</em></span> 
     </span>
     <span class='ocr_line' id='line_1_22' title="bbox 257 967 1367 1015; baseline 0.002 -13"><span class='ocrx_word' id='word_1_94' title='bbox 257 967 379 1003; x_wconf 76' lang='lat' dir='ltr'><em>onibus</em></span> <span class='ocrx_word' id='word_1_95' title='bbox 397 968 586 1009; x_wconf 72' lang='lat' dir='ltr'><em>accideret,</em></span> <span class='ocrx_word' id='word_1_96' title='bbox 605 978 641 1002; x_wconf 77' lang='lat' dir='ltr'>se</span> <span class='ocrx_word' id='word_1_97' title='bbox 660 968 770 1003; x_wconf 74' lang='lat' dir='ltr'><em>omnis</em></span> <span class='ocrx_word' id='word_1_98' title='bbox 794 968 908 1015; x_wconf 67' lang='lat' dir='ltr'><em>calpae</em></span> <span class='ocrx_word' id='word_1_99' title='bbox 926 973 1111 1011; x_wconf 68' lang='lat' dir='ltr'>exsortem,</span> <span class='ocrx_word' id='word_1_100' title='bbox 1133 971 1246 1004; x_wconf 81' lang='lat' dir='ltr'><em>omnis</em></span> <span class='ocrx_word' id='word_1_101' title='bbox 1264 981 1367 1005; x_wconf 82' lang='lat' dir='ltr'>even-</span> 
     </span>
     <span class='ocr_line' id='line_1_23' title="bbox 258 1031 1370 1082; baseline 0.003 -15"><span class='ocrx_word' id='word_1_102' title='bbox 258 1037 315 1068; x_wconf 76' lang='lat' dir='ltr'><em>tus</em></span> <span class='ocrx_word' id='word_1_103' title='bbox 329 1033 543 1080; x_wconf 74' lang='lat' dir='ltr'><em>participem</em></span> <span class='ocrx_word' id='word_1_104' title='bbox 553 1031 641 1080; x_wconf 81' lang='lat' dir='ltr'>fore</span> <span class='ocrx_word' id='word_1_105' title='bbox 667 1031 830 1067; x_wconf 85' lang='lat' dir='ltr'>diceret:</span> <span class='ocrx_word' id='word_1_106' title='bbox 862 1034 1010 1075; x_wconf 78' lang='lat' dir='ltr'><em>videret,</em></span> <span class='ocrx_word' id='word_1_107' title='bbox 1031 1039 1083 1076; x_wconf 79' lang='lat' dir='ltr'><em>ut,</em></span> <span class='ocrx_word' id='word_1_108' title='bbox 1106 1034 1226 1082; x_wconf 77' lang='lat' dir='ltr'><em>quibus</em></span> <span class='ocrx_word' id='word_1_109' title='bbox 1246 1035 1370 1081; x_wconf 78' lang='lat' dir='ltr'><em>lingua</em></span> 
     </span>
     <span class='ocr_line' id='line_1_24' title="bbox 258 1098 1368 1147; baseline 0.002 -15"><span class='ocrx_word' id='word_1_110' title='bbox 258 1101 333 1133; x_wconf 78' lang='lat' dir='ltr'><em>tam</em></span> <span class='ocrx_word' id='word_1_111' title='bbox 348 1102 492 1145; x_wconf 83' lang='lat' dir='ltr'><em>promta</em></span> <span class='ocrx_word' id='word_1_112' title='bbox 512 1109 554 1133; x_wconf 88' lang='lat' dir='ltr'><em>ac</em></span> <span class='ocrx_word' id='word_1_113' title='bbox 574 1098 778 1139; x_wconf 76' lang='lat' dir='ltr'><em>temeraria,</em></span> <span class='ocrx_word' id='word_1_114' title='bbox 799 1109 894 1145; x_wconf 76' lang='lat' dir='ltr'>(eque</span> <span class='ocrx_word' id='word_1_115' title='bbox 914 1099 950 1133; x_wconf 79' lang='lat' dir='ltr'><em>in</em></span> <span class='ocrx_word' id='word_1_116' title='bbox 969 1111 1094 1146; x_wconf 78' lang='lat' dir='ltr'><em>pugna</em></span> <span class='ocrx_word' id='word_1_117' title='bbox 1111 1101 1271 1147; x_wconf 79' lang='lat' dir='ltr'>vigerent</span> <span class='ocrx_word' id='word_1_118' title='bbox 1289 1111 1368 1134; x_wconf 74' lang='grc' dir='ltr'><em>ηια-</em></span> 
     </span>
     <span class='ocr_line' id='line_1_25' title="bbox 255 1173 333 1197; baseline -0.013 0"><span class='ocrx_word' id='word_1_119' title='bbox 255 1173 333 1197; x_wconf 70' lang='lat' dir='ltr'>nus.</span> 
     </span>
    </p>

    <p class='ocr_par' dir='ltr' id='par_1_7' title="bbox 254 1223 1368 2446">
     <span class='ocr_line' id='line_1_26' title="bbox 309 1223 1367 1275; baseline 0.002 -14"><span class='ocrx_word' id='word_1_120' title='bbox 309 1223 434 1261; x_wconf 90' lang='lat' dir='ltr'>XLV.</span> <span class='ocrx_word' id='word_1_121' title='bbox 463 1224 564 1260; x_wconf 88' lang='lat' dir='ltr'><em>Dum</em></span> <span class='ocrx_word' id='word_1_122' title='bbox 596 1224 904 1261; x_wconf 85' lang='lat' dir='ltr'><em>altercationibus</em></span> <span class='ocrx_word' id='word_1_123' title='bbox 934 1226 1069 1273; x_wconf 81' lang='lat' dir='ltr'><em>magis,</em></span> <span class='ocrx_word' id='word_1_124' title='bbox 1100 1239 1212 1275; x_wconf 90' lang='lat' dir='ltr'><em>quam</em></span> <span class='ocrx_word' id='word_1_125' title='bbox 1242 1227 1367 1263; x_wconf 88' lang='lat' dir='ltr'><em>consi-</em></span> 
     </span>
     <span class='ocr_line' id='line_1_27' title="bbox 254 1289 1366 1340; baseline 0.002 -14"><span class='ocrx_word' id='word_1_126' title='bbox 254 1289 328 1333; x_wconf 82' lang='lat' dir='ltr'><em>liis,</em></span> <span class='ocrx_word' id='word_1_127' title='bbox 363 1296 510 1338; x_wconf 82' lang='lat' dir='ltr'>tempus</span> <span class='ocrx_word' id='word_1_128' title='bbox 548 1291 696 1333; x_wconf 73' lang='lat' dir='ltr'>teritur,</span> <span class='ocrx_word' id='word_1_129' title='bbox 731 1289 929 1326; x_wconf 87' lang='lat' dir='ltr'><em>Hannibal</em></span> <span class='ocrx_word' id='word_1_130' title='bbox 965 1303 1011 1326; x_wconf 85' lang='lat' dir='ltr'>ex</span> <span class='ocrx_word' id='word_1_131' title='bbox 1045 1291 1139 1334; x_wconf 84' lang='lat' dir='ltr'><em>acie,</em></span> <span class='ocrx_word' id='word_1_132' title='bbox 1174 1304 1286 1340; x_wconf 90' lang='lat' dir='ltr'><em>quam</em></span> <span class='ocrx_word' id='word_1_133' title='bbox 1319 1291 1366 1328; x_wconf 84' lang='lat' dir='ltr'><em>ad</em></span> 
     </span>
     <span class='ocr_line' id='line_1_28' title="bbox 257 1353 1367 1404; baseline 0.004 -15"><span class='ocrx_word' id='word_1_134' title='bbox 257 1353 416 1390; x_wconf 86' lang='lat' dir='ltr'><em>multum</em></span> <span class='ocrx_word' id='word_1_135' title='bbox 437 1354 509 1389; x_wconf 87' lang='lat' dir='ltr'><em>diei</em></span> <span class='ocrx_word' id='word_1_136' title='bbox 526 1360 699 1389; x_wconf 79' lang='lat' dir='ltr'>tenuerat</span> <span class='ocrx_word' id='word_1_137' title='bbox 713 1355 950 1397; x_wconf 83' lang='lat' dir='ltr'><em>instructam,</em></span> <span class='ocrx_word' id='word_1_138' title='bbox 971 1368 1085 1404; x_wconf 87' lang='lat' dir='ltr'>quum</span> <span class='ocrx_word' id='word_1_139' title='bbox 1106 1356 1144 1392; x_wconf 88' lang='lat' dir='ltr'><em>in</em></span> <span class='ocrx_word' id='word_1_140' title='bbox 1165 1362 1287 1392; x_wconf 83' lang='lat' dir='ltr'><em>castra</em></span> <span class='ocrx_word' id='word_1_141' title='bbox 1306 1369 1367 1393; x_wconf 89' lang='lat' dir='ltr'><em>ce-</em></span> 
     </span>
     <span class='ocr_line' id='line_1_29' title="bbox 258 1419 1366 1470; baseline 0.003 -15"><span class='ocrx_word' id='word_1_142' title='bbox 258 1425 356 1455; x_wconf 85' lang='lat' dir='ltr'>teras</span> <span class='ocrx_word' id='word_1_143' title='bbox 386 1421 568 1470; x_wconf 78' lang='lat' dir='ltr'>reciperet</span> <span class='ocrx_word' id='word_1_144' title='bbox 598 1420 739 1467; x_wconf 74' lang='lat' dir='ltr'><em>copiaS,</em></span> <span class='ocrx_word' id='word_1_145' title='bbox 766 1419 951 1455; x_wconf 82' lang='lat' dir='ltr'><em>Numidas</em></span> <span class='ocrx_word' id='word_1_146' title='bbox 983 1420 1029 1456; x_wconf 86' lang='lat' dir='ltr'><em>ad</em></span> <span class='ocrx_word' id='word_1_147' title='bbox 1059 1421 1288 1457; x_wconf 85' lang='lat' dir='ltr'><em>invadendos</em></span> <span class='ocrx_word' id='word_1_148' title='bbox 1320 1434 1366 1458; x_wconf 77' lang='lat' dir='ltr'>ex</span> 
     </span>
     <span class='ocr_line' id='line_1_30' title="bbox 257 1483 1365 1533; baseline 0.001 -13"><span class='ocrx_word' id='word_1_149' title='bbox 257 1484 466 1520; x_wconf 87' lang='lat' dir='ltr'><em>minoribus</em></span> <span class='ocrx_word' id='word_1_150' title='bbox 494 1484 623 1519; x_wconf 85' lang='lat' dir='ltr'><em>castris</em></span> <span class='ocrx_word' id='word_1_151' title='bbox 649 1483 911 1519; x_wconf 76' lang='lat' dir='ltr'><em>Romanorum</em></span> <span class='ocrx_word' id='word_1_152' title='bbox 937 1491 1136 1533; x_wconf 80' lang='lat' dir='ltr'><em>aquatores</em></span> <span class='ocrx_word' id='word_1_153' title='bbox 1164 1492 1267 1521; x_wconf 87' lang='lat' dir='ltr'><em>trans</em></span> <span class='ocrx_word' id='word_1_154' title='bbox 1295 1485 1365 1521; x_wconf 89' lang='lat' dir='ltr'>flu-</span> 
     </span>
     <span class='ocr_line' id='line_1_31' title="bbox 258 1548 1366 1598; baseline 0.003 -15"><span class='ocrx_word' id='word_1_155' title='bbox 258 1561 343 1584; x_wconf 85' lang='lat' dir='ltr'><em>men</em></span> <span class='ocrx_word' id='word_1_156' title='bbox 364 1549 499 1584; x_wconf 79' lang='lat' dir='ltr'><em>mittit:</em></span> <span class='ocrx_word' id='word_1_157' title='bbox 530 1561 641 1596; x_wconf 81' lang='lat' dir='ltr'><em>quam</em></span> <span class='ocrx_word' id='word_1_158' title='bbox 662 1548 894 1584; x_wconf 83' lang='lat' dir='ltr'><em>inconditam</em></span> <span class='ocrx_word' id='word_1_159' title='bbox 910 1549 1059 1585; x_wconf 82' lang='lat' dir='ltr'><em>turbam</em></span> <span class='ocrx_word' id='word_1_160' title='bbox 1080 1563 1195 1598; x_wconf 87' lang='lat' dir='ltr'>quum</span> <span class='ocrx_word' id='word_1_161' title='bbox 1213 1550 1366 1586; x_wconf 84' lang='lat' dir='ltr'><em>vixdum</em></span> 
     </span>
     <span class='ocr_line' id='line_1_32' title="bbox 258 1613 1365 1664; baseline 0.004 -16"><span class='ocrx_word' id='word_1_162' title='bbox 258 1614 297 1649; x_wconf 89' lang='lat' dir='ltr'><em>in</em></span> <span class='ocrx_word' id='word_1_163' title='bbox 326 1614 446 1663; x_wconf 80' lang='lat' dir='ltr'><em>ripam</em></span> <span class='ocrx_word' id='word_1_164' title='bbox 475 1614 613 1662; x_wconf 81' lang='lat' dir='ltr'>egressi</span> <span class='ocrx_word' id='word_1_165' title='bbox 637 1613 799 1649; x_wconf 86' lang='lat' dir='ltr'><em>clamore</em></span> <span class='ocrx_word' id='word_1_166' title='bbox 828 1627 871 1649; x_wconf 86' lang='lat' dir='ltr'><em>ac</em></span> <span class='ocrx_word' id='word_1_167' title='bbox 896 1615 1061 1651; x_wconf 86' lang='lat' dir='ltr'>tumultu</span> <span class='ocrx_word' id='word_1_168' title='bbox 1090 1615 1299 1664; x_wconf 83' lang='lat' dir='ltr'>fugassent,</span> <span class='ocrx_word' id='word_1_169' title='bbox 1326 1617 1365 1652; x_wconf 89' lang='lat' dir='ltr'><em>in</em></span> 
     </span>
     <span class='ocr_line' id='line_1_33' title="bbox 259 1678 1366 1732; baseline 0.002 -17"><span class='ocrx_word' id='word_1_170' title='bbox 259 1679 461 1715; x_wconf 87' lang='lat' dir='ltr'><em>stationem</em></span> <span class='ocrx_word' id='word_1_171' title='bbox 482 1691 630 1728; x_wconf 87' lang='lat' dir='ltr'>quoque</span> <span class='ocrx_word' id='word_1_172' title='bbox 646 1691 713 1728; x_wconf 86' lang='lat' dir='ltr'><em>pro</em></span> <span class='ocrx_word' id='word_1_173' title='bbox 729 1678 827 1714; x_wconf 80' lang='lat' dir='ltr'><em>vallo</em></span> <span class='ocrx_word' id='word_1_174' title='bbox 847 1679 1009 1716; x_wconf 83' lang='lat' dir='ltr'><em>locatam</em></span> <span class='ocrx_word' id='word_1_175' title='bbox 1031 1688 1143 1730; x_wconf 87' lang='lat' dir='ltr'>atque</span> <span class='ocrx_word' id='word_1_176' title='bbox 1163 1682 1261 1732; x_wconf 86' lang='lat' dir='ltr'><em>ipsas</em></span> <span class='ocrx_word' id='word_1_177' title='bbox 1278 1694 1366 1731; x_wconf 88' lang='lat' dir='ltr'>pro-</span> 
     </span>
     <span class='ocr_line' id='line_1_34' title="bbox 258 1743 1367 1794; baseline 0.001 -14"><span class='ocrx_word' id='word_1_178' title='bbox 258 1756 305 1794; x_wconf 90' lang='lat' dir='ltr'><em>pe</em></span> <span class='ocrx_word' id='word_1_179' title='bbox 324 1749 451 1794; x_wconf 84' lang='lat' dir='ltr'><em>portas</em></span> <span class='ocrx_word' id='word_1_180' title='bbox 479 1743 598 1778; x_wconf 85' lang='lat' dir='ltr'>evecti</span> <span class='ocrx_word' id='word_1_181' title='bbox 617 1748 716 1778; x_wconf 78' lang='lat' dir='ltr'><em>sunt,</em></span> <span class='ocrx_word' id='word_1_182' title='bbox 774 1743 819 1779; x_wconf 82' lang='lat' dir='ltr'><em>Id</em></span> <span class='ocrx_word' id='word_1_183' title='bbox 837 1756 925 1780; x_wconf 86' lang='lat' dir='ltr'>vero</span> <span class='ocrx_word' id='word_1_184' title='bbox 948 1744 1146 1794; x_wconf 87' lang='lat' dir='ltr'><em>indignum</em></span> <span class='ocrx_word' id='word_1_185' title='bbox 1163 1746 1297 1788; x_wconf 86' lang='lat' dir='ltr'><em>visum,</em></span> <span class='ocrx_word' id='word_1_186' title='bbox 1319 1745 1367 1781; x_wconf 86' lang='lat' dir='ltr'><em>ab</em></span> 
     </span>
     <span class='ocr_line' id='line_1_35' title="bbox 258 1809 1365 1859; baseline 0 -13"><span class='ocrx_word' id='word_1_187' title='bbox 258 1810 507 1846; x_wconf 85' lang='lat' dir='ltr'><em>tumultuario</em></span> <span class='ocrx_word' id='word_1_188' title='bbox 535 1809 677 1846; x_wconf 81' lang='lat' dir='ltr'><em>auxilio</em></span> <span class='ocrx_word' id='word_1_189' title='bbox 700 1809 782 1859; x_wconf 84' lang='lat' dir='ltr'><em>jam</em></span> <span class='ocrx_word' id='word_1_190' title='bbox 803 1811 916 1846; x_wconf 84' lang='lat' dir='ltr'><em>etiam</em></span> <span class='ocrx_word' id='word_1_191' title='bbox 945 1816 1067 1846; x_wconf 82' lang='lat' dir='ltr'><em>castra</em></span> <span class='ocrx_word' id='word_1_192' title='bbox 1085 1809 1262 1846; x_wconf 78' lang='lat' dir='ltr'><em>Romana</em></span> <span class='ocrx_word' id='word_1_193' title='bbox 1289 1816 1365 1846; x_wconf 87' lang='lat' dir='ltr'>ter-</span> 
     </span>
     <span class='ocr_line' id='line_1_36' title="bbox 259 1874 1368 1924; baseline 0 -14"><span class='ocrx_word' id='word_1_194' title='bbox 259 1875 354 1910; x_wconf 86' lang='lat' dir='ltr'>reri:</span> <span class='ocrx_word' id='word_1_195' title='bbox 388 1881 429 1910; x_wconf 81' lang='lat' dir='ltr'><em>ut</em></span> <span class='ocrx_word' id='word_1_196' title='bbox 452 1888 494 1910; x_wconf 84' lang='lat' dir='ltr'><em>ea</em></span> <span class='ocrx_word' id='word_1_197' title='bbox 521 1875 635 1911; x_wconf 90' lang='lat' dir='ltr'><em>modo</em></span> <span class='ocrx_word' id='word_1_198' title='bbox 665 1888 739 1911; x_wconf 87' lang='lat' dir='ltr'><em>uua</em></span> <span class='ocrx_word' id='word_1_199' title='bbox 765 1887 909 1917; x_wconf 80' lang='lat' dir='ltr'><em>caussa,</em></span> <span class='ocrx_word' id='word_1_200' title='bbox 939 1888 987 1911; x_wconf 90' lang='lat' dir='ltr'><em>ne</em></span> <span class='ocrx_word' id='word_1_201' title='bbox 1013 1874 1204 1924; x_wconf 81' lang='lat' dir='ltr'>extemplo</span> <span class='ocrx_word' id='word_1_202' title='bbox 1229 1876 1368 1911; x_wconf 83' lang='lat' dir='ltr'><em>transi-</em></span> 
     </span>
     <span class='ocr_line' id='line_1_37' title="bbox 258 1938 1367 1988; baseline 0.001 -14"><span class='ocrx_word' id='word_1_203' title='bbox 258 1945 343 1974; x_wconf 86' lang='lat' dir='ltr'>rent</span> <span class='ocrx_word' id='word_1_204' title='bbox 357 1939 510 1981; x_wconf 84' lang='lat' dir='ltr'>flumen,</span> <span class='ocrx_word' id='word_1_205' title='bbox 527 1939 804 1988; x_wconf 79' lang='lat' dir='ltr'>dirigerentque</span> <span class='ocrx_word' id='word_1_206' title='bbox 824 1940 956 1982; x_wconf 83' lang='lat' dir='ltr'><em>aciem,</em></span> <span class='ocrx_word' id='word_1_207' title='bbox 976 1939 1141 1975; x_wconf 85' lang='lat' dir='ltr'>tenuerit</span> <span class='ocrx_word' id='word_1_208' title='bbox 1155 1938 1367 1982; x_wconf 85' lang='lat' dir='ltr'><em>Romanos,</em></span> 
     </span>
     <span class='ocr_line' id='line_1_38' title="bbox 259 2003 1367 2053; baseline 0 -14"><span class='ocrx_word' id='word_1_209' title='bbox 259 2004 360 2052; x_wconf 88' lang='lat' dir='ltr'>quod</span> <span class='ocrx_word' id='word_1_210' title='bbox 389 2016 533 2040; x_wconf 83' lang='lat' dir='ltr'><em>summa</em></span> <span class='ocrx_word' id='word_1_211' title='bbox 558 2005 705 2053; x_wconf 85' lang='lat' dir='ltr'><em>imperii</em></span> <span class='ocrx_word' id='word_1_212' title='bbox 733 2017 778 2040; x_wconf 90' lang='lat' dir='ltr'>eo</span> <span class='ocrx_word' id='word_1_213' title='bbox 812 2004 871 2039; x_wconf 84' lang='lat' dir='ltr'><em>‹lie</em></span> <span class='ocrx_word' id='word_1_214' title='bbox 901 2016 1014 2053; x_wconf 87' lang='lat' dir='ltr'>penes</span> <span class='ocrx_word' id='word_1_215' title='bbox 1043 2003 1216 2040; x_wconf 79' lang='lat' dir='ltr'>Paullum</span> <span class='ocrx_word' id='word_1_216' title='bbox 1242 2004 1367 2039; x_wconf 87' lang='lat' dir='ltr'>fuerit.</span> 
     </span>
     <span class='ocr_line' id='line_1_39' title="bbox 260 2067 1368 2119; baseline 0 -16"><span class='ocrx_word' id='word_1_217' title='bbox 260 2068 393 2117; x_wconf 85' lang='lat' dir='ltr'>Itaque</span> <span class='ocrx_word' id='word_1_218' title='bbox 413 2069 534 2105; x_wconf 86' lang='lat' dir='ltr'><em>Varro</em></span> <span class='ocrx_word' id='word_1_219' title='bbox 553 2075 706 2119; x_wconf 86' lang='lat' dir='ltr'>postero</span> <span class='ocrx_word' id='word_1_220' title='bbox 736 2070 808 2112; x_wconf 87' lang='lat' dir='ltr'><em>die,</em></span> <span class='ocrx_word' id='word_1_221' title='bbox 837 2069 897 2105; x_wconf 87' lang='lat' dir='ltr'><em>cui</em></span> <span class='ocrx_word' id='word_1_222' title='bbox 923 2081 1001 2105; x_wconf 86' lang='lat' dir='ltr'>sors</span> <span class='ocrx_word' id='word_1_223' title='bbox 1022 2067 1100 2118; x_wconf 88' lang='lat' dir='ltr'>ejus</span> <span class='ocrx_word' id='word_1_224' title='bbox 1128 2068 1200 2103; x_wconf 88' lang='lat' dir='ltr'><em>diei</em></span> <span class='ocrx_word' id='word_1_225' title='bbox 1221 2067 1368 2118; x_wconf 82' lang='lat' dir='ltr'><em>imperii</em></span> 
     </span>
     <span class='ocr_line' id='line_1_40' title="bbox 259 2134 1365 2183; baseline -0.004 -12"><span class='ocrx_word' id='word_1_226' title='bbox 259 2143 353 2177; x_wconf 85' lang='lat' dir='ltr'><em>erat,</em></span> <span class='ocrx_word' id='word_1_227' title='bbox 383 2135 479 2171; x_wconf 83' lang='lat' dir='ltr'><em>nihil</em></span> <span class='ocrx_word' id='word_1_228' title='bbox 499 2135 671 2171; x_wconf 84' lang='lat' dir='ltr'><em>consulto</em></span> <span class='ocrx_word' id='word_1_229' title='bbox 701 2134 858 2183; x_wconf 86' lang='lat' dir='ltr'><em>collega,</em></span> <span class='ocrx_word' id='word_1_230' title='bbox 886 2134 1035 2182; x_wconf 84' lang='lat' dir='ltr'><em>signum</em></span> <span class='ocrx_word' id='word_1_231' title='bbox 1061 2144 1195 2182; x_wconf 70' lang='lat' dir='ltr'><em>pugnae</em></span> <span class='ocrx_word' id='word_1_232' title='bbox 1223 2144 1365 2182; x_wconf 85' lang='lat' dir='ltr'><em>propo-</em></span> 
     </span>
     <span class='ocr_line' id='line_1_41' title="bbox 259 2197 1365 2249; baseline -0.004 -14"><span class='ocrx_word' id='word_1_233' title='bbox 259 2199 347 2241; x_wconf 85' lang='lat' dir='ltr'><em>suit,</em></span> <span class='ocrx_word' id='word_1_234' title='bbox 368 2199 645 2248; x_wconf 83' lang='lat' dir='ltr'><em>instructasque</em></span> <span class='ocrx_word' id='word_1_235' title='bbox 668 2199 795 2249; x_wconf 87' lang='lat' dir='ltr'><em>copias</em></span> <span class='ocrx_word' id='word_1_236' title='bbox 822 2199 958 2235; x_wconf 86' lang='lat' dir='ltr'>flumen</span> <span class='ocrx_word' id='word_1_237' title='bbox 984 2197 1164 2240; x_wconf 84' lang='lat' dir='ltr'><em>traduxit,</em></span> <span class='ocrx_word' id='word_1_238' title='bbox 1185 2202 1365 2245; x_wconf 89' lang='lat' dir='ltr'>sequente</span> 
     </span>
     <span class='ocr_line' id='line_1_42' title="bbox 258 2259 1365 2313; baseline -0.003 -15"><span class='ocrx_word' id='word_1_239' title='bbox 258 2262 420 2308; x_wconf 78' lang='lat' dir='ltr'><em>Paull03</em></span> <span class='ocrx_word' id='word_1_240' title='bbox 452 2264 540 2312; x_wconf 85' lang='lat' dir='ltr'><em>quia</em></span> <span class='ocrx_word' id='word_1_241' title='bbox 565 2264 683 2312; x_wconf 86' lang='lat' dir='ltr'><em>magis</em></span> <span class='ocrx_word' id='word_1_242' title='bbox 709 2276 788 2299; x_wconf 87' lang='lat' dir='ltr'><em>non</em></span> <span class='ocrx_word' id='word_1_243' title='bbox 815 2262 988 2313; x_wconf 88' lang='lat' dir='ltr'><em>probare,</em></span> <span class='ocrx_word' id='word_1_244' title='bbox 1017 2273 1128 2311; x_wconf 88' lang='lat' dir='ltr'><em>quam</em></span> <span class='ocrx_word' id='word_1_245' title='bbox 1153 2273 1231 2297; x_wconf 89' lang='lat' dir='ltr'><em>non</em></span> <span class='ocrx_word' id='word_1_246' title='bbox 1257 2259 1365 2310; x_wconf 87' lang='lat' dir='ltr'><em>adju-</em></span> 
     </span>
     <span class='ocr_line' id='line_1_43' title="bbox 258 2325 1367 2378; baseline -0.001 -15"><span class='ocrx_word' id='word_1_247' title='bbox 258 2339 360 2370; x_wconf 83' lang='lat' dir='ltr'><em>vare,</em></span> <span class='ocrx_word' id='word_1_248' title='bbox 398 2327 596 2364; x_wconf 90' lang='lat' dir='ltr'><em>consilium</em></span> <span class='ocrx_word' id='word_1_249' title='bbox 632 2334 792 2378; x_wconf 84' lang='lat' dir='ltr'>poterat.</span> <span class='ocrx_word' id='word_1_250' title='bbox 853 2325 1095 2376; x_wconf 84' lang='lat' dir='ltr'><em>Transgressi</em></span> <span class='ocrx_word' id='word_1_251' title='bbox 1130 2325 1268 2362; x_wconf 88' lang='lat' dir='ltr'>fiumen</span> <span class='ocrx_word' id='word_1_252' title='bbox 1304 2337 1367 2362; x_wconf 88' lang='lat' dir='ltr'><em>eas</em></span> 
     </span>
     <span class='ocr_line' id='line_1_44' title="bbox 254 2389 1365 2446; baseline -0.003 -18"><span class='ocrx_word' id='word_1_253' title='bbox 254 2403 423 2446; x_wconf 57' lang='lat' dir='ltr'>guoque,</span> <span class='ocrx_word' id='word_1_254' title='bbox 444 2405 535 2442; x_wconf 83' lang='lat' dir='ltr'><em>quas</em></span> <span class='ocrx_word' id='word_1_255' title='bbox 555 2393 595 2429; x_wconf 86' lang='lat' dir='ltr'><em>in</em></span> <span class='ocrx_word' id='word_1_256' title='bbox 615 2392 746 2429; x_wconf 79' lang='lat' dir='ltr'><em>castris</em></span> <span class='ocrx_word' id='word_1_257' title='bbox 767 2391 974 2429; x_wconf 83' lang='lat' dir='ltr'><em>minoribus</em></span> <span class='ocrx_word' id='word_1_258' title='bbox 994 2389 1218 2434; x_wconf 81' lang='lat' dir='ltr'><em>habuerant,</em></span> <span class='ocrx_word' id='word_1_259' title='bbox 1239 2389 1365 2440; x_wconf 80' lang='lat' dir='ltr'><em>copias</em></span> 
     </span>
    </p>
   </div>
   <div class='ocr_carea' id='block_1_7' title="bbox 1503 79 1512 619">
    <p class='ocr_par' dir='ltr' id='par_1_8' title="bbox 1503 79 1512 619">
     <span class='ocr_line' id='line_1_45' title="bbox 1503 79 1512 619; baseline 0 0"><span class='ocrx_word' id='word_1_260' title='bbox 1503 79 1512 619; x_wconf 95' lang='lat' dir='ltr'><em> </em></span> 
     </span>
    </p>
   </div>
   <div class='ocr_carea' id='block_1_8' title="bbox 1509 793 1515 1319">
    <p class='ocr_par' dir='ltr' id='par_1_9' title="bbox 1509 793 1515 1319">
     <span class='ocr_line' id='line_1_46' title="bbox 1509 793 1515 1319; baseline 0 0"><span class='ocrx_word' id='word_1_261' title='bbox 1509 793 1515 1319; x_wconf 95' lang='lat' dir='ltr'><em> </em></span> 
     </span>
    </p>
   </div>
   <div class='ocr_carea' id='block_1_9' title="bbox 1509 793 1517 1687">
    <p class='ocr_par' dir='ltr' id='par_1_10' title="bbox 1509 793 1517 1687">
     <span class='ocr_line' id='line_1_47' title="bbox 1509 793 1517 1687; baseline 0 0"><span class='ocrx_word' id='word_1_262' title='bbox 1509 793 1517 1687; x_wconf 95' lang='lat' dir='ltr'><em> </em></span> 
     </span>
    </p>
   </div>
  </div>
 </body>
</html>
