1527 2661
394 192 547 222 LIBER
573 191 618 220 X.
651 191 756 220 CAP.
779 189 886 220 xlv.
1143 187 1195 233 91

84 278 257 318 eumdem
283 280 475 317 consulem
502 281 604 317 refici
629 293 708 317 non
732 280 875 316 liceret.
905 278 978 314 Vix
1006 290 1081 328 prae
1102 284 1195 314 stre—
1208 279 1252 311 U.
1263 279 1301 311 C.
1318 286 1394 311 454.

83 345 167 395 pitu
195 344 326 380 audita
351 343 413 380 lex
441 350 521 380 est:
553 344 772 393 tribunique
801 343 935 394 plebiS,
956 343 1047 378 nihil
1075 344 1113 378 id
1141 345 1195 378 in·
1208 323 1300 356 A'C'
1318 330 1391 356 ²⁹&

81 411 278 458 pedimenti
294 410 484 459 futuru-m,
506 410 681 446 aiebant:
713 422 750 446 se
775 410 824 445 acl
843 409 1018 457 populum
1046 409 1196 452 laturos,

80 476 134 511 uti
164 475 297 522 legibus
323 475 529 511 solveretur.
580 473 631 510 Et
656 473 719 510 ille
748 473 899 522 quidem
918 473 956 508 in
987 471 1197 509 recusando

81 538 289 588 perstabat,
317 539 404 586 quid
432 550 516 586 ergo
550 539 727 575 adtineret
756 538 847 585 leges
865 536 979 585 ferri,
1009 537 1196 584 1·ogitanS‚

82 602 207 651 quibus
221 615 287 651 per
306 604 456 646 eosdem,
478 605 539 651 qui
558 604 733 645 tulissent,
744 602 973 651 frctusfieret
986 603 1006 638 ,9
1034 601 1121 638 Jam
1140 613 1197 636 re—

79 668 119 713 gi
139 667 243 713 leges,
265 678 335 702 non
363 678 496 714 regere.
552 666 721 716 Populus
751 665 999 701 nihilominus
1019 664 1199 712 suffragia

79 729 224 766 inibat:
258 735 310 773 et,
345 736 386 765 ut
412 743 569 779 quaeque
600 730 703 766 intro
736 735 871 766 vocata
901 735 983 765 erat
1013 729 1197 772 centuria,

79 792 275 830 consulem
300 794 402 830 haud
421 795 535 831 dubie
553 794 716 831 Fabium
735 793 898 832 dicebat.
927 793 1027 829 Tum
1047 792 1199 829 demum

79 869 267 895 consensu
286 859 448 895 civitatis
468 859 604 902 victus,
619 859 697 896 Dii
716 858 924 907 adprobent,
946 857 1083 906 inquit,
1105 857 1200 906 quod

79 924 199 969 agitis,
220 924 406 971 acturique
425 925 519 966 estis,
546 924 715 964 Quirites.
766 923 942 963 Ceterum,
964 922 1133 968 quoniam
1162 922 1200 955 in

77 998 147 1028 me,
169 988 264 1034 quod
293 999 350 1023 vos
377 989 498 1030 vultis,
518 987 664 1035 facturi
693 988 788 1029 estis,
820 988 856 1022 in
876 986 1014 1033 collega
1040 986 1087 1020 sit
1112 995 1200 1020 meae

78 1052 178 1099 apud
213 1064 272 1087 vos
301 1054 430 1099 gratiae
463 1053 569 1088 locus.
617 1053 664 1087 P.
685 1053 856 1094 Decium,
888 1055 1073 1099 expertum
1109 1050 1199 1086 mihi

79 1116 246 1152 concordi
265 1117 413 1163 collegio
432 1118 562 1159 virum,
585 1118 732 1164 dignum
749 1117 857 1159 vobis,
879 1117 1030 1163 dignam
1046 1120 1198 1164 parente

77 1191 154 1223 suo,
174 1192 302 1228 quoeso,
323 1193 460 1216 mecum
480 1183 655 1217 consulem
673 1181 840 1229 faciatis.
876 1181 900 1216 J
905 1187 989 1217 usta
1014 1180 1197 1229 suffraga-

77 1244 134 1279 tio
158 1244 261 1280 visa:
294 1257 439 1287 omnes,
467 1257 550 1293 quae
578 1252 812 1294 supererant,
842 1245 1022 1281 centuriae
1053 1246 1101 1285 Q.
1122 1245 1196 1281 Fa-

78 1307 198 1351 bium,
219 1307 262 1344 P.
283 1308 445 1344 Decium
473 1308 646 1345 consules
667 1308 807 1345 dixere.
847 1309 908 1344 Eo
935 1321 1037 1345 anno
1063 1309 1196 1359 pleris-

78 1385 150 1420 que
183 1372 260 1408 dies
291 1372 393 1408 dicta
422 1372 469 1409 ab
501 1372 685 1415 aedilibus,
715 1374 803 1421 quia
832 1373 930 1423 plus,
952 1386 1064 1422 quam
1094 1373 1196 1422 quod

75 1435 160 1483 lege
189 1435 337 1472 finitum
366 1444 460 1479 erat,
496 1437 577 1484 agri
608 1437 867 1486 possiderent:
900 1450 970 1473 nec
996 1438 1195 1486 quisquam

74 1499 193 1536 ferme
211 1508 269 1535 est
296 1506 502 1550 purgatus:
535 1500 801 1550 vinculumque
830 1501 964 1550 ingens
994 1501 1195 1538 inmodicae

67 1563 295 1613 *cupiditatis
314 1563 498 1613 injectum
517 1570 587 1602 est.

131 1627 242 1665 XIV.
273 1628 458 1665 Consules
487 1630 592 1673 novi,
623 1629 672 1669 Q.
691 1628 831 1666 Fabius
860 1629 1054 1666 Maximus
1082 1643 1193 1679 quar-
1208 1631 1391 1664 U-C-455.

77 1698 159 1729 tum
179 1699 217 1728 et
235 1692 277 1730 P.
298 1693 441 1729 Decius
469 1693 558 1730 Mus
589 1694 758 1736 tertium,
779 1707 894 1742 quum
924 1694 1024 1729 inter
1052 1706 1091 1729 se
1112 1695 1194 1743 agi·
1209 1675 1244 1705 A‘
1259 1675 1295 1705 C·
1313 1681 1388 1710 ²⁹⁷⁹

76 1762 216 1799 tarent,
238 1757 293 1793 uti
313 1756 407 1793 alter
430 1757 618 1793 Samnites
645 1758 789 1800 hostes,
811 1756 905 1793 alter
924 1757 1107 1793 Etruscos
1127 1758 1194 1794 de-

77 1820 213 1869 ligeret
225 1837 235 1866 3
269 1827 494 1870 quantaeque
514 1822 553 1857 in
574 1822 671 1858 hanc
692 1828 758 1858 aut
777 1822 817 1857 in
837 1821 939 1857 illam
959 1822 1195 1871 provinciam

75 1886 194 1935 copiae
225 1886 330 1929 satis,
351 1892 389 1922 et
419 1893 503 1922 uter
531 1886 578 1923 ad
609 1892 736 1922 utrum
761 1885 902 1922 bellum
932 1886 1009 1922 dux
1035 1886 1193 1921 idoneus

75 1951 195 1998 magis
216 1957 337 1995 esset;
371 1950 417 1986 ab
440 1951 568 1987 Sutrio
595 1958 633 1986 et
651 1951 802 2001 Nepete
822 1957 859 1987 et
878 1950 1034 1988 Faleriis
1061 1950 1193 1999 legati,

76 2019 265 2058 auctores,
299 2014 462 2050 concilia
493 2014 658 2051 Etruriae
695 2014 923 2065 populorum
953 2014 998 2050 de
1030 2014 1194 2064 petenda

75 2091 168 2128 pace
187 2078 333 2122 haberi,
353 2085 476 2115 totam
495 2079 585 2115 beili
605 2078 742 2116 molem
764 2080 803 2115 in
823 2079 1017 2115 Samnium
1046 2088 1192 2114 averte-

74 2147 174 2178 runt.
205 2141 374 2178 Profecti
393 2143 581 2186 consules,
595 2156 670 2192 quo
691 2143 942 2193 expeditiores
960 2149 1191 2179 commeatus
1206 2148 1312 2199 -Anbo
1329 2158 1410 2180 cors.

1207 2201 1237 2220 ΙΠ
1256 2199 1346 2221 basil-

76 2212 215 2248 essent,
237 2212 274 2242 et
295 2207 476 2243 incertior
495 2207 630 2249 hostis,
652 2220 726 2256 qua
755 2213 952 2243 venturum
972 2206 1113 2242 bellum
1132 2206 1191 2243 fo-
1206 2236 1299 2263 nium
1320 2235 1395 2264 5³¹3-

1355 2261 1367 2273 Ἰ

76 2276 147 2312 ret,
179 2269 318 2307 Fabius
357 2284 424 2321 per
463 2272 663 2314 Soranum,
701 2271 842 2308 Decius
881 2285 946 2321 per
984 2272 1191 2307 Sidicinum
1206 2279 1356 2308 omasi?

78 2346 225 2383 agrum,
248 2336 286 2372 in
307 2336 502 2373 Samnium
531 2336 701 2386 legiones
734 2337 887 2373 ducunt.
938 2336 1014 2373 Ubi
1046 2337 1083 2372 in
1103 2336 1191 2373 hos-
1206 2329 1295 2351 Cum*
