1527 2661
501 450 861 498 EPITOME
908 451 1131 499 LIBRI
1166 452 1289 500 XII.

426 701 462 739 U
466 700 547 738 UM
572 701 683 748 legati
702 699 951 736 Romanorum
980 712 1003 736 a
1029 701 1147 736 Gallis
1176 699 1370 737 Senonibus
1397 701 1453 736 in—

436 765 576 815 terfecti
603 769 726 807 essent,
747 765 836 800 bello
862 764 903 801 ob
927 766 966 800 id
998 765 1115 800 Gallis
1139 766 1287 808 indicto,
1310 765 1353 802 L.
1376 764 1453 801 Cae·

339 832 442 869 cilius
456 835 591 879 praetor
610 840 690 864 cum
710 828 906 875 legionibus
931 827 975 864 ab
996 829 1039 864 iis
1059 840 1164 865 caesus
1183 833 1245 864 est.
1295 828 1415 870 Quum
1433 841 1456 864 a

346 896 549 933 Tarentinis
567 894 687 930 classis
707 892 874 928 Romana
892 893 1034 941 direpta
1050 898 1150 936 esset,
1172 894 1372 937 duumviro,
1394 894 1457 942 qui

335 964 493 1010 prceerat
522 959 637 1000 classi,
667 958 793 999 occiso,
825 957 951 1004 legati,
983 958 1031 993 ad
1060 969 1117 993 eos
1145 970 1167 993 α
1185 962 1325 1001 senatu,
1354 963 1397 994 ut
1414 958 1458 994 de

340 1027 384 1062 iis
402 1024 541 1071 injuriis
560 1027 803 1071 quererentur,
826 1023 936 1065 missi,
954 1023 1094 1071 pulsati
1110 1027 1217 1058 sunt:
1245 1023 1286 1058 ob
1305 1023 1355 1065 id,
1383 1022 1456 1058 bel-

341 1090 414 1126 lum
442 1091 483 1125 iis
511 1090 687 1124 indictum
711 1092 774 1123 est.
821 1087 1003 1123 Samnites
1021 1086 1239 1136 defecerunt.
1278 1088 1459 1124 Adversus

340 1167 410 1196 eos,
431 1158 467 1190 et
482 1154 660 1195 Lucanos,
678 1158 713 1188 et
733 1153 909 1195 Bruttios,
929 1157 964 1188 et
977 1153 1148 1188 Etruscos
1167 1153 1306 1200 aliquot
1320 1153 1459 1200 proeliis
1526 1137 1527 1142 Ἰ

341 1230 365 1253 a
395 1216 634 1265 compluribus
661 1216 806 1251 ducibus
833 1216 916 1251 bene
947 1221 1153 1264 pugnatum
1188 1221 1251 1252 est.
1299 1216 1461 1264 Pyrrhus

343 1282 577 1330 Epirotarum
597 1293 673 1322 rex,
692 1285 733 1316 ut
752 1281 928 1316 auoeilium
939 1280 1061 1328 ferret
1085 1281 1300 1324 Tarentinis,
1320 1283 1358 1317 in
1378 1282 1458 1317 Ita-

344 1347 431 1381 liam
458 1347 566 1381 venit.
619 1346 737 1386 Quum
774 1347 811 1381 in
842 1346 1053 1394 praesidium
1081 1345 1328 1393 Rlzeginorum
1364 1346 1456 1394 legio

347 1410 535 1457 Campana
570 1422 649 1445 cum
674 1408 846 1457 praefecto
874 1409 991 1445 Decio
1020 1408 1179 1446 Jubellio
1214 1412 1322 1446 missa
1357 1415 1456 1454 esset,

345 1476 465 1512 occisis
487 1474 655 1522 Rlzegz‘nz's
676 1474 852 1523 Rhegium
872 1477 1072 1523 occupavit.
