1527 2661
487 180 640 208 LIBER
666 181 712 209 x.
746 181 850 209 cAP.
878 180 934 208 11.
1216 177 1266 219 77

152 270 334 320 pervenit.
379 268 438 305 Ibi
459 270 612 317 egressi,
634 269 706 305 levi
738 268 913 318 praesidio
940 267 1098 303 navibus
1119 267 1265 310 relicto,
1283 273 1322 302 U.
1337 274 1372 304 C.
1390 282 1463 306 451.

153 335 255 369 vicos
275 339 510 382 expugnant,
532 333 768 369 inflammant
793 338 907 374 tecta,
929 332 1126 367 hominum
1153 345 1267 381 pecu·
1281 324 1320 353 Λ·
1335 321 1370 351 C·
1389 326 1461 351 3⁰¹·

151 397 315 445 dumque
341 396 484 446 praedas
515 403 647 444 agunt,
679 403 717 431 et
737 395 933 431 dulcedine
964 395 1154 444 praedandi
1184 395 1268 431 lon-²

153 461 235 509 gius
257 472 373 508 usque
393 473 414 495 a
433 460 590 495 navibus
611 459 833 509 procedunt.
873 458 969 495 Haec
990 458 1052 494 ubi
1069 459 1269 495 Patavium

153 532 242 560 sunt
268 525 462 567 nunciata,
487 525 652 573 (semper
677 530 803 560 autem
831 536 894 559 eos
922 525 960 559 in
988 524 1099 559 armis
1127 523 1269 560 adcolae

153 588 254 624 Galli
273 588 486 635 habebant)
505 589 545 624 in
565 588 655 624 duas
676 594 800 638 partes
815 587 1058 637 juventutem
1077 588 1266 624 dividunt:

151 653 270 690 altera
300 653 339 689 in
364 653 573 701 regionem,
595 666 668 701 qua
695 652 812 688 effusa
837 652 1035 702 populatio
1062 652 1270 689 nunciaba-

151 724 236 762 tur3
271 716 402 759 altera,
437 729 483 752 ne
514 716 575 752 cui
608 716 829 766 praedonum
859 716 973 753 obvia
998 716 1117 759 fieret,
1150 715 1270 753 altero

151 781 287 816 itinere
307 780 353 815 ad
375 780 579 816 stationem
604 780 757 815 navium
780 778 916 827 (millia
942 785 1068 815 autem
1088 786 1270 828 quatuor-

149 845 270 880 decim
300 844 346 880 ab
378 844 519 894 oppido
550 844 699 891 aberat)
720 844 845 880 ducta.
904 844 948 879 In
979 856 1092 880 naves
1120 857 1268 894 parvas,

153 910 371 947 custodibus
417 912 642 955 interemtis,
691 911 840 962 inpetus
885 911 1032 957 factus3
1072 913 1270 961 territique

153 980 277 1011 nautae
316 982 506 1023 coguntur
547 987 660 1011 naves
705 976 743 1010 in
782 975 939 1011 alteram
983 975 1103 1025 ripam
1148 976 1269 1012 amnis

152 1037 396 1088 transjicere:
429 1044 466 1074 et
493 1039 532 1074 in
557 1045 658 1074 terra
683 1051 906 1089 prosperum
926 1052 1030 1087 aeque
1056 1039 1094 1074 in
1122 1038 1269 1089 palatos

151 1102 380 1154 praedatores
420 1102 597 1152 proelium
640 1102 787 1140 fuerat:
828 1101 1179 1152 refugientibusque
1224 1104 1272 1139 ad

153 1168 357 1203 stationem
384 1166 526 1203 Graecis
553 1167 692 1203 Veneti
725 1167 928 1204 obsistunt.
986 1166 1046 1203 Ita
1076 1168 1115 1203 in
1144 1168 1271 1204 medio

152 1232 396 1267 circumventi
421 1232 550 1267 hostes
578 1232 737 1280 caesique
751 1248 761 1277 3
794 1244 879 1282 pars
901 1232 1001 1282 capti
1028 1231 1186 1268 classem
1212 1233 1270 1268 in-

155 1296 283 1332 dicant
320 1309 521 1345 regemque
559 1296 810 1345 Cleonymum
853 1297 927 1332 tria
962 1296 1081 1333 millia
1126 1297 1268 1335 abesse.

154 1361 262 1403 Inde,
284 1362 440 1410 captivis
462 1362 638 1411 proximo
657 1363 741 1397 vico
760 1363 798 1397 in
819 1363 1028 1398 custodiam
1049 1362 1160 1405 datis,
1182 1375 1267 1412 pals

151 1424 349 1461 fluviatiles
370 1437 498 1468 naveS,
519 1425 566 1461 ad
589 1426 800 1475 superanda
826 1426 920 1462 vada
939 1433 1162 1474 stagnorum
1181 1433 1269 1476 apte

152 1491 273 1542 planis
294 1490 407 1527 alveis
427 1490 646 1534 fabricatas,
668 1504 752 1541 pars
775 1492 924 1542 captiva
943 1492 1094 1540 navigia
1114 1493 1268 1529 armatis

153 1553 367 1604 complent:
400 1554 638 1604 profectique
658 1555 703 1591 ad
725 1554 897 1598 classem,
919 1555 1119 1590 inmobiles
1139 1568 1268 1599 naves,

152 1626 190 1656 et
208 1618 293 1655 loca
312 1620 446 1668 ignota
463 1618 561 1669 plus,
580 1632 692 1669 quam
711 1619 876 1662 hostem,
899 1620 1091 1663 timentes,
1108 1620 1268 1657 circum-

151 1683 316 1720 vadunt:
349 1684 614 1732 fugientesque
634 1684 672 1719 iu
694 1683 811 1720 altum
831 1684 968 1726 acrius,
991 1697 1103 1733 quam
1130 1697 1270 1735 repug-

153 1754 300 1790 nantes,
322 1761 440 1797 usque
461 1748 506 1784 ad
527 1749 666 1784 ostium
687 1749 806 1784 amnis
828 1749 1029 1797 persecuti,
1051 1749 1170 1799 captis
1187 1750 1270 1798 qui-

152 1811 309 1847 busdam
329 1812 567 1860 incensisque
594 1811 751 1847 navibus
779 1812 961 1854 hostium,
983 1825 1075 1861 quas
1103 1813 1270 1863 trepida-

153 1876 208 1911 tio
228 1876 267 1911 ΞΠ
286 1876 381 1911 vada
411 1875 603 1918 intulerat,
625 1875 786 1911 victores
813 1881 1064 1913 revertuntur.
1106 1876 1270 1927 Cleony-

151 1952 248 1982 muS‚
269 1940 331 1975 vix
351 1941 484 1988 quinta
510 1946 617 1988 parte
643 1940 795 1975 navium
824 1939 1019 1983 incolumi,
1041 1940 1145 1976 nulla
1171 1942 1269 1990 regi-

152 2016 225 2039 one
245 2004 357 2039 maris
379 2003 592 2039 Hadriatici
612 2015 792 2053 prospere
813 2003 928 2047 adita,
950 2003 1134 2041 discessit.
1167 2004 1269 2041 Ros-

151 2074 210 2103 tra
229 2067 381 2103 navium
410 2066 605 2116 spoliaque
624 2066 837 2109 Laconum,
858 2067 897 2102 in
925 2068 1002 2103 aede
1021 2068 1046 2103 J
1050 2069 1185 2104 unonis
1206 2082 1266 2105 ve—

148 2131 221 2167 teri
241 2131 328 2173 fixa,
351 2130 458 2167 multi
475 2137 690 2180 supersunt,
707 2132 769 2179 qui
790 2132 976 2168 viderunt.
1018 2132 1165 2168 Patavii
1186 2146 1268 2169 mo-

150 2201 374 2231 numentum
393 2194 535 2231 navalis
556 2207 693 2244 pugnae
714 2208 758 2231 eo
780 2196 852 2239 die,
870 2209 945 2245 quo
966 2203 1178 2246 pugnatum
1194 2205 1265 2241 est,

149 2261 354 2308 quotannis
376 2259 549 2296 sollemni
571 2261 777 2296 certamine
798 2262 948 2298 navium
969 2263 1007 2299 in
1024 2262 1177 2299 flumine
1197 2275 1266 2314 op-

150 2324 226 2376 pidi
249 2325 372 2362 medio
393 2333 599 2362 exercetur.

667 2388 700 2424 E
720 2390 742 2424 .‘'›
