1527 2661
126 317 215 349 U.C.
234 326 306 350 540.

124 363 163 394 A.
180 361 217 392 C.
233 368 307 393 212.

315 221 400 262 442
766 225 811 253 T.
838 226 973 255 mvn

318 313 423 349 natui
452 312 701 363 satisfacturos
732 327 828 351 esse:
858 317 949 352 sicut
977 321 1127 365 patrum
1158 318 1344 362 memoria,
1374 320 1436 367 qui

320 379 418 427 capti
435 391 458 414 a
477 378 620 426 Pyrrho
639 380 689 415 ad
703 379 921 417 Heracleam
935 385 1052 424 erant,
1070 381 1237 418 adversus
1254 382 1436 429 Pyrrhum

320 444 436 492 ipsum
469 448 672 492 pugnantes
699 444 961 493 satisfecerunt.
1020 445 1247 494 Quamquam
1271 447 1367 495 quod
1395 447 1438 484 ob

320 508 490 543 meritum
508 512 667 544 nostrum
683 510 937 551 succensuisti&
956 508 1085 546 Patres
1103 510 1306 558 conscripti,
1325 509 1438 554 nobis,

321 577 388 607 aut
403 573 644 608 succensetis?
672 573 786 610 Ambo
804 573 892 610 mihi
919 575 1077 611 consules
1098 579 1133 610 et
1157 575 1358 611 universum
1382 587 1437 612 se-

323 641 447 672 natum
473 638 607 673 intueri
632 638 767 680 videor,
788 650 898 686 quum
923 642 970 680 te,
992 638 1046 674 Μ.
1060 638 1248 681 Marcelle,
1275 639 1439 676 intueor:

321 712 423 748 quem
441 702 471 736 si
490 700 537 736 ad
554 700 697 736 Cannas
712 702 888 738 consulem
907 702 1157 745 habuissemus,
1174 702 1300 738 melior
1314 707 1348 738 et
1366 704 1437 739 rei-

315 764 469 812 publicae
492 770 527 801 et
555 770 678 801 nostra
696 765 857 814 fortuna
887 771 984 802 esset.
1041 766 1141 811 Sine,
1161 778 1290 815 quaeso,
1316 768 1439 816 prius-

319 841 429 878 quam
449 830 493 865 de
512 831 714 867 conditione
732 835 853 867 nostra
874 843 1013 879 queror,
1034 843 1176 874 noxam,
1197 829 1296 878 cujus
1313 832 1438 880 argui-

318 906 414 938 mur,
434 907 498 931 nos
518 907 691 943 purgare.
749 896 791 931 Si
814 908 881 931 non
902 895 1024 932 Derim
1047 899 1115 939 ira,
1137 908 1199 933 nec
1216 895 1320 945 fato,
1340 894 1440 942 cujus

321 959 398 1007 lege
413 960 589 996 inmobilis
603 972 721 996 rerum
741 960 978 997 humanarum
992 962 1077 997 ordo
1095 964 1238 1004 seritur,
1255 963 1316 998 sed
1330 962 1438 1010 culpa

316 1025 489 1072 periimus
507 1025 556 1060 acl
577 1024 732 1067 Cannas,
754 1023 852 1070 cujus
875 1026 1019 1061 tandem
1037 1038 1079 1061 ea
1098 1026 1205 1074 culpa
1222 1025 1341 1074 fuit.9
1367 1027 1435 1062 mi-

320 1089 440 1132 litum,
461 1101 509 1124 an
528 1090 784 1136 imperatorum
797 1091 819 1125 ,9
845 1089 1021 1137 Equidem
1040 1091 1140 1126 miles
1156 1091 1248 1126 nihil
1265 1102 1436 1138 umquam

318 1154 438 1189 dicam
457 1154 501 1189 de
520 1155 734 1202 imperatore
758 1165 849 1196 meo,
870 1155 928 1189 cui
948 1156 1147 1202 prasertim
1163 1156 1303 1202 gratias
1326 1156 1437 1191 sciam

320 1218 363 1255 ab
390 1222 516 1253 senatu
545 1223 658 1260 actas,
679 1218 774 1266 quod
802 1230 871 1253 non
893 1219 1133 1266 desperaverit
1158 1219 1202 1254 de
1229 1218 1436 1267 republica,-

319 1284 377 1317 (αὶ
392 1287 475 1330 post
483 1280 620 1329 fugam
640 1281 683 1317 ab
705 1282 836 1317 Cannis
850 1294 917 1330 per
936 1294 1054 1318 omnes
1072 1294 1184 1318 annos
1198 1287 1435 1331 prorogatum

317 1347 518 1394 imperium.
567 1346 709 1382 Ceteros
732 1348 818 1383 item
844 1358 885 1382 ex
913 1347 1072 1395 reliquiis
1101 1347 1214 1383 cladis
1242 1345 1328 1393 eju&
1350 1359 1435 1395 quos

317 1411 474 1447 tribunos
492 1411 648 1447 militum
668 1410 865 1454 habuimus,
887 1411 1036 1448 honores
1051 1416 1172 1460 petere
1190 1417 1225 1448 et
1240 1424 1376 1459 gerere,
1398 1416 1433 1447 et

312 1477 517 1523 provincias
542 1475 699 1511 obtinere
723 1477 934 1512 audivimus.
981 1478 1041 1512 An
1060 1476 1153 1512 vobis
1179 1478 1368 1524 vestrisque
1387 1477 1433 1512 li-

317 1541 407 1576 beris
435 1541 615 1588 ignoscitis
633 1537 766 1589 facile,
795 1541 924 1576 Patres
949 1542 1151 1588 conscripti,
1180 1542 1216 1576 in
1245 1541 1317 1576 hoec
1344 1542 1434 1577 vilia

320 1605 441 1652 capita
458 1606 540 1640 saevi
552 1605 573 1640 ‚9
601 1609 636 1639 et
651 1605 784 1640 consuli
801 1604 1084 1652 primoribusque
1099 1605 1181 1640 aliis
1199 1605 1354 1640 civitatis
1361 1603 1432 1653 su·

316 1681 413 1716 gere,
434 1681 543 1717 quum
560 1681 638 1716 spes
656 1670 731 1704 alia
749 1669 851 1705 nulla
869 1674 968 1711 esset,
990 1673 1094 1717 turpe
1112 1681 1182 1705 non
1200 1668 1308 1717 fuit‚·
1337 1669 1434 1705 mili·

320 1739 370 1770 tes
385 1735 506 1782 utique
521 1735 711 1769 morituros
724 1735 760 1769 in
776 1735 888 1769 aciem
901 1734 1045 1769 misistis
1058 1734 1079 1769 ‚9
1097 1733 1158 1769 Ad
1169 1733 1306 1768 Alliam
1322 1745 1436 1782 prope

319 1800 432 1834 omnis
458 1799 632 1834 exercitus
649 1796 779 1846 fugit:
809 1798 856 1833 ad
876 1797 1049 1833 Furculas
1080 1797 1272 1839 Caudinas,
1297 1809 1342 1833 ne
1373 1809 1434 1833 ex-

315 1867 441 1912 pertus
459 1863 602 1910 quidem
629 1867 820 1905 certamen,
842 1874 946 1898 arma
972 1862 1122 1898 tradidit
1147 1861 1251 1904 hosti,
1272 1866 1313 1897 ut
1341 1862 1435 1898 alias

316 1928 501 1975 pudendas
533 1928 652 1963 clades
689 1928 905 1963 exercituum
944 1931 1107 1962 taceam:
1137 1930 1255 1962 tamen
1293 1930 1434 1962 tantum

317 1990 415 2040 afuit
429 1991 472 2026 ab
491 2003 544 2033 eo,
562 1996 600 2027 ut
619 1992 698 2027 ulla
711 1992 909 2039 ignominia
923 1991 966 2026 iis
985 1989 1190 2026 exercitibus
1203 1995 1434 2037 quaereretur,

318 2061 361 2092 ut
378 2061 414 2091 et
432 2055 512 2092 urbs
533 2055 649 2091 Roma
664 2067 730 2104 per
749 2067 827 2092 eum
846 2056 1052 2097 exercitum,
1073 2056 1135 2103 qui
1152 2054 1196 2090 ab
1210 2055 1314 2090 Allia
1334 2054 1435 2091 Veios

320 2119 580 2169 transfugerat,
605 2121 868 2168 reciperarctur
879 2137 891 2164 ,·
911 2112 956 2156 et
980 2119 1152 2156 Caudina?
1172 2119 1336 2166 legiones,
1357 2131 1435 2166 quae

318 2187 393 2221 sine
411 2186 522 2221 armis
539 2185 723 2220 redierant
741 2185 910 2227 Romam,
931 2188 1082 2221 armatae
1099 2185 1250 2220 remissae
1268 2184 1303 2218 in
1325 2182 1432 2219 Sam·
1488 2213 1490 2215 ,
1515 2179 1517 2194 ³

317 2251 432 2293 nium,
461 2250 621 2286 eumdem
650 2249 757 2286 illum
784 2249 918 2286 hostem
944 2247 1151 2297 subjugum
1178 2249 1352 2290 miserint,
1373 2248 1434 2296 qui

318 2313 386 2351 hac
416 2326 480 2350 sua
509 2314 706 2362 ignominia
743 2314 886 2350 laetatus
906 2312 1050 2363 fuerat.
1099 2312 1315 2349 Cannensem
1349 2323 1432 2348 vero

317 2380 503 2427 quisquam
518 2380 707 2416 exercitum
715 2377 823 2427 fuga>
837 2383 902 2415 aut
914 2379 1058 2427 pavoris
1073 2377 1282 2415 insimulare
1296 2380 1429 2425 potest,
