1527 2661
288 186 373 230 374
737 188 783 215 Τ.
809 187 944 217 ΜνΙΙ

94 285 136 315 U.
149 282 184 314 C.
204 291 276 320 537.
289 277 394 312 nium
413 276 616 319 neminem,
644 283 780 326 praeter
799 277 1124 321 Aristomachum,
1145 278 1265 314 movit
1282 293 1290 315 :
1323 288 1406 315 mo·

88 328 132 357 A·
150 327 186 357 C*
203 335 427 375 21⁵·ritums
444 352 482 374 se
499 339 750 375 adfirmabant
766 341 890 382 citius,
908 354 1034 389 quam,
1057 342 1208 377 inmixti
1226 342 1406 386 Bruttiis,

288 403 329 439 in
358 403 500 439 alienos
531 404 639 445 ritus,
670 416 808 446 moreS,
835 404 1026 453 legesque,
1053 418 1096 441 ac
1123 419 1212 442 mox
1238 406 1409 454 linguam

285 468 405 503 etiam
427 474 673 504 verterentur.
717 468 1008 504 Aristomachus
1029 483 1139 513 unus,
1161 471 1312 519 quando
1338 482 1409 506 nec

287 530 483 566 suadendo
503 531 550 565 ad
569 531 800 567 deditionem
827 532 916 567 satis
938 532 1100 576 valebat,
1121 546 1206 576 nec,
1228 534 1326 568 sicut
1345 545 1410 569 ur-

288 594 376 630 bem
405 594 635 643 prodiderat,
665 594 790 630 locum
819 595 1020 644 prodendae
1051 598 1145 632 arcis
1176 596 1408 640 inveniebat,

287 657 494 705 transfugit
512 657 560 692 ad
583 657 828 694 Hannonem.
884 658 1095 695 Locrenses
1116 660 1219 695 brevi
1249 666 1336 709 post
1354 659 1410 695 le-

289 722 382 769 gati,
418 735 531 770 quum
566 723 752 772 permissu
791 722 995 758 Hannonis
1030 737 1153 760 arcem
1188 725 1408 766 intrassent,

288 787 528 835 persuadent,
550 792 591 821 ut
618 787 763 822 traduci
790 799 829 822 se
856 788 893 822 in
914 786 1060 823 Locros
1082 794 1316 838 paterentur,
1336 799 1408 822 nec

288 848 423 884 ultima
442 850 601 899 experiri
619 849 770 885 vellent.
827 850 915 885 Jam
934 851 1008 886 hoc
1031 857 1070 886 ut
1090 851 1161 886 sibi
1183 849 1327 892 liceret,
1350 850 1409 885 in-

287 918 528 962 petraverant
551 917 589 948 et
608 912 655 948 ab
683 912 916 956 Hannibale,
939 915 1060 949 missis
1088 914 1134 950 ad
1155 915 1278 964 ipsum
1304 913 1408 962 lega-

288 977 364 1012 tis:
404 978 459 1012 ita
489 977 658 1012 Crotone
686 989 880 1012 excessum
910 984 980 1020 est,
1013 978 1239 1026 deductique
1270 978 1409 1013 Croto-

286 1041 402 1076 niatae
432 1040 478 1075 ad
508 1054 610 1076 mare
639 1053 753 1076 naves
785 1041 1059 1077 conscendunt.
1116 1041 1264 1077 Locros
1285 1042 1408 1077 omnis

287 1104 493 1140 multitudo
514 1104 667 1140 abeunt.
725 1104 770 1140 In
791 1104 931 1153 Apulia
950 1117 997 1140 ne
1017 1105 1136 1141 hiems
1158 1105 1305 1153 quidem
1327 1105 1410 1153 qui-

284 1175 350 1204 eta
366 1169 465 1203 inter
490 1168 689 1204 Romanos
710 1175 823 1218 atque
851 1168 1108 1204 Hannibalem
1135 1175 1227 1205 erat.
1285 1168 1409 1204 Luce-

284 1233 352 1267 riae
374 1232 618 1282 Sempronius
637 1233 783 1276 consul,
805 1233 1002 1269 Hannibal
1021 1233 1121 1268 haud
1142 1232 1274 1283 procul
1293 1233 1407 1282 Arpis

287 1295 528 1333 hibernabat.
585 1296 691 1332 Inter
724 1309 789 1332 eos
822 1296 919 1332 levia
948 1296 1083 1346 proelia
1113 1310 1159 1333 ex
1188 1297 1406 1339 occasione,

284 1366 355 1394 aut
375 1360 663 1409 opportunitate
678 1359 790 1409 hujus
813 1366 877 1395 aut
896 1359 995 1395 illius
1016 1361 1149 1410 partis,
1167 1360 1407 1396 oriebantur:

287 1423 496 1471 meliorque
516 1424 567 1459 eis
583 1423 796 1467 Romanus,
819 1429 855 1459 et
882 1424 920 1460 in
942 1424 1019 1460 dies
1047 1425 1195 1460 cautior
1215 1425 1408 1473 tutiorque

289 1486 336 1522 ab
359 1487 500 1522 insidiis
521 1487 648 1523 fiebat.

94 1550 229 1598 Hieroni
343 1550 411 1586 IV.
442 1550 487 1585 In
522 1550 651 1586 Sicilia
682 1550 868 1586 Romanis
901 1551 1030 1587 omnia
1062 1558 1274 1587 mutaverat
1308 1564 1408 1587 mors

92 1595 254 1674 ῗῖῑέἳξῗὶζ,
290 1614 488 1658 Hieronis,
509 1627 743 1663 regnumque
764 1615 810 1650 ad
832 1615 1109 1664 Hieronymum
1129 1621 1308 1665 nepotem
1328 1614 1408 1664 ejus

95 1687 170 1725 ¹¹¹⁰?
187 1679 277 1717 Syfa-
288 1679 536 1715 translatum:
570 1692 742 1728 puerum,
760 1679 912 1715 vixdum
933 1679 1162 1721 libertatem,
1183 1679 1320 1715 nedum
1342 1679 1410 1714 do-

95 1729 191 1750 cum'
288 1744 555 1786 minationem,
589 1743 737 1778 modice
770 1742 947 1778 laturum.
1004 1742 1112 1778 Laete
1145 1743 1182 1778 id
1214 1743 1409 1790 ingenium

289 1814 436 1843 tutores
453 1814 565 1856 atque
585 1807 694 1842 amici
717 1807 762 1842 ad
783 1807 1095 1856 praecipitandum
1115 1807 1153 1842 in
1175 1807 1304 1842 omnia
1319 1807 1412 1842 vitia

288 1878 541 1921 acceperunt:
576 1884 657 1919 quae
687 1872 741 1905 ita
769 1870 898 1906 futura
928 1883 1084 1906 cernens
1114 1870 1250 1913 Hiero,
1279 1870 1413 1906 ultima

291 1940 445 1970 senecta
463 1934 627 1969 voluisse
647 1934 784 1969 dicitur
803 1933 940 1970 liberas
962 1935 1164 1982 Syracusas
1185 1934 1410 1982 relinquere,

290 2010 341 2034 ne
361 1998 430 2034 sub
458 1999 656 2034 dominatu
680 1998 829 2047 puerili,
851 2011 917 2047 per
942 1997 1160 2041 ludibrium,
1188 1997 1298 2033 bonis
1319 1998 1410 2033 arti—

292 2063 363 2100 bus
396 2069 548 2112 partum
581 2062 844 2111 firmatumque
878 2063 1049 2098 interiret
1078 2074 1248 2110 regnum.
1306 2061 1410 2096 Huic

291 2126 454 2164 consilio
474 2125 553 2175 ejus
574 2138 720 2161 summa
739 2139 811 2175 ope
831 2126 1013 2162 obstitere
1032 2126 1131 2169 filiae,
1152 2137 1291 2161 nomen
1311 2125 1410 2174 regi-

293 2205 357 2227 um
377 2203 491 2241 penes
505 2203 668 2240 -puerum
684 2190 852 2226 futurum
869 2197 974 2233 ratae,
994 2191 1162 2239 regimen
1184 2202 1308 2225 rerum
1328 2202 1411 2225 om-

293 2255 398 2292 nium
414 2266 528 2304 penes
546 2267 585 2289 se
599 2254 775 2302 virosque
791 2266 893 2296 suos,
907 2253 1226 2290 Audranodorum
1242 2259 1279 2288 et
1292 2252 1409 2302 Zoip-

292 2331 402 2370 pum:
426 2331 514 2355 nam
535 2319 561 2354 ii
578 2325 746 2355 tutorum
762 2319 874 2370 primi
892 2317 1214 2368 relinquebantur.
1243 2316 1336 2355 Non
1355 2318 1411 2354 fa-
