1527 2661
340 172 423 226 362
801 190 846 217 T.
872 191 1003 219 1,1v11

145 279 185 308 Ὗ.
201 281 236 310 C.
254 288 326 316 5:37.
341 280 375 310 et
392 276 455 311 sibi
476 278 505 311 si
525 288 601 312 cnm
622 276 782 325 fortuna
807 281 984 314 mutanda
1000 280 1095 327 fides
1111 278 1257 327 fuerat,
1278 294 1354 318 sero
1373 282 1453 329 jam

144 324 185 352 A·
199 324 235 353 C·
251 332 325 356 ²¹⁵·
339 350 407 375 esse
426 346 566 376 mutare
584 353 661 376 eam
676 358 687 377 .·
717 343 890 378 dedituris
907 355 943 378 se
962 344 1162 380 Hannibali
1178 345 1375 393 nonsuisse
1393 359 1453 382 ar-

339 407 535 441 ces-sendum
568 406 770 442 Romanum
798 409 1029 454 pra‘sidium:
1060 421 1139 443 cum
1170 410 1225 451 iis,
1257 412 1317 458 qui
1345 411 1393 446 acl
1419 422 1457 446 se

341 471 487 504 tuendos
514 471 699 511 venissent,
721 473 840 505 omnia
859 472 922 506 sibi
950 476 985 506 et
1010 484 1080 507 esse
1108 475 1323 515 consociata,
1344 479 1378 509 et
1407 475 1456 510 ad

142 537 317 586 prugnat
338 534 503 569 ultimum
516 534 615 582 fore.
673 534 761 570 Hoc
783 534 1027 583 conloquium
1048 535 1205 572 abstulit
1220 549 1323 586 spem
1344 537 1454 573 Han-

142 580 273 612 Nolam.
338 597 454 633 nibali
475 611 541 647 per
556 599 811 648 proditionem
831 599 1054 649 recipiendae
1074 599 1186 636 Nolae
1203 615 1210 636 :
1243 601 1370 649 itaque
1387 614 1455 651 op-

336 662 466 711 pidum
495 675 638 699 corona
668 663 925 705 circumdedit,
946 670 988 698 ut
1016 662 1124 698 simul
1151 663 1197 699 ab
1219 664 1323 699 omni
1348 670 1456 713 parte

337 726 479 762 moenia
516 727 794 775 adgrederetur.
852 728 977 766 Quem
1014 733 1056 762 ut
1085 728 1308 763 successisse
1340 729 1455 763 muris

335 790 540 826 Marcellus
575 792 682 834 vidit,
715 792 899 827 instructa
927 792 1028 827 intra
1055 797 1207 840 portam
1239 792 1334 835 acie,
1369 804 1454 828 cum

336 867 476 902 magno
506 855 673 890 tumultu
706 856 851 904 erupit:
885 855 1029 904 aliquot
1058 856 1182 905 primo
1211 856 1341 905 inpetu
1370 869 1454 905 per-

336 917 429 954 culsi
468 919 627 967 caesique
661 924 772 962 sunt3
806 919 906 961 dein,
939 931 1126 954 concursu
1159 919 1205 954 ad
1238 926 1452 968 pugnantes

336 982 454 1024 facto,
477 983 707 1032 aequatisque
733 983 888 1025 viribus,
910 989 1020 1018 atrox
1050 983 1167 1032 coepit
1196 995 1276 1018 esse
1297 996 1448 1032 pugna:

336 1046 666 1096 memorabilisque
697 1048 794 1082 inter
823 1060 961 1096 paucas
987 1047 1134 1089 fuisset,
1165 1047 1203 1082 ni
1234 1047 1452 1095 ingentibus

335 1111 510 1160 procellis
543 1111 679 1146 effusus
714 1111 835 1146 imber
868 1111 1082 1146 diremisset
1110 1117 1335 1160 pugnantes,
1391 1111 1451 1147 Eo

337 1175 396 1210 die
417 1176 618 1211 commisso
639 1175 790 1210 modico
811 1175 1032 1217 certamine,
1055 1180 1168 1222 atque
1194 1174 1349 1209 irritatis
1369 1176 1450 1210 ani-

336 1239 420 1280 mis,
442 1240 480 1274 iu
501 1238 631 1274 urbem
650 1237 832 1280 Romani,
855 1237 967 1273 Poeni
993 1237 1031 1273 in
1053 1244 1176 1273 castra
1195 1250 1275 1273 sese
1299 1249 1450 1287 recepe-

334 1309 444 1338 runt:
477 1310 604 1338 tamen
625 1303 830 1338 Poenorum
852 1303 973 1352 prima
989 1302 1187 1351 eruptione
1208 1301 1366 1351 perculsi
1389 1315 1450 1338 ce-

335 1367 505 1402 ciderunt
525 1367 625 1402 haud
646 1366 727 1415 plus
747 1379 860 1414 quam
879 1366 1052 1413 triginta,
1074 1365 1339 1402 Romanorum
1366 1366 1450 1402 nul-

334 1430 404 1467 lus.
462 1430 589 1466 Imber
619 1431 816 1465 continens
838 1443 903 1479 per
931 1436 1083 1465 noctem
1115 1436 1236 1465 totam
1266 1443 1383 1479 usque
1403 1430 1451 1467 ad

334 1495 468 1529 horam
482 1494 633 1529 tertiam
650 1493 721 1529 diei
738 1494 968 1542 insequentis
986 1495 1108 1529 tenuit
1126 1508 1132 1528 z
1160 1495 1300 1543 itaque,
1319 1508 1450 1543 quam-

335 1571 447 1607 quam
469 1564 625 1606 utraque
646 1570 730 1607 pars
752 1558 850 1593 avidi
871 1559 1087 1594 certaminis
1110 1564 1232 1601 erant,
1249 1571 1294 1594 eo
1314 1559 1374 1594 die
1392 1565 1449 1595 te-

335 1629 499 1658 nuerunt
519 1634 599 1657 sese
618 1628 744 1657 tamen
775 1623 1044 1658 munimentis:
1076 1623 1192 1658 tertio
1213 1623 1272 1658 die
1299 1623 1450 1659 Hanni·

335 1687 398 1723 bal
425 1693 571 1737 partem
593 1687 788 1736 copiarum
809 1687 1018 1736 praedatum
1039 1688 1077 1722 in
1106 1700 1237 1735 agrum
1255 1687 1451 1724 Nolanum

335 1752 449 1787 misit.
506 1751 620 1790 Quod
641 1751 703 1786 ubi
725 1751 993 1787 animadvertit
1017 1751 1237 1794 {Iarcelluffi
1261 1751 1451 1801 extemplo

336 1817 374 1851 in
395 1817 514 1851 aciem
534 1811 660 1864 copias
678 1815 803 1850 educit
820 1830 827 1850 z
859 1828 982 1863 neque
999 1814 1197 1851 Hannibal
1214 1815 1450 1852 detractavit.

333 1881 443 1918 Mille
462 1881 539 1916 fere
560 1892 736 1930 passuum
757 1880 856 1915 iuter
876 1879 1006 1914 urbem
1024 1885 1131 1914 erant
1152 1884 1348 1926 castraque
1365 1892 1371 1913 :
1405 1891 1450 1914 eo

336 1947 459 1996 spatio
483 1949 539 1992 (et
558 1951 644 1980 sunt
665 1945 794 1980 omnia
813 1945 935 1992 campi
956 1944 1056 1979 circa
1070 1942 1229 1989 Nolam)
1250 1955 1452 1978 concurre-

139 2014 291 2044 Proelium
334 2017 434 2047 runt.
494 2009 660 2050 Clamor,
683 2022 728 2044 ex
748 2014 855 2057 parte
877 2015 1034 2056 utraque
1054 2007 1239 2048 sublatus,
1253 2007 1449 2056 «proximos

140 2060 176 2088 ad
188 2058 319 2088 N⁰l³m'
334 2089 380 2112 ex
401 2073 621 2110 cohortibus
651 2074 708 2115 iis,
731 2086 811 2121 quae
833 2073 870 2107 in
892 2084 1001 2120 agros
1031 2072 1239 2121 praedatum
1266 2071 1450 2113 exierant,

334 2139 379 2176 ad
400 2137 575 2188 proelium
598 2135 681 2186 jam
701 2136 943 2171 commissum
973 2135 1173 2170 revocavit.
1230 2133 1283 2168 Et
1304 2132 1451 2169 Nolani

333 2204 453 2240 aciem
473 2201 687 2237 Romanam
709 2206 919 2236 auxerunt:
953 2212 1048 2248 quos
1070 2197 1319 2234 conlaudatos
1342 2196 1449 2233 issar-

333 2266 448 2303 collus
477 2266 517 2301 in
546 2264 721 2300 subsidiis
752 2270 867 2306 stare,
888 2268 926 2298 et
956 2263 1104 2298 saucios
1136 2274 1183 2297 ex
1211 2261 1291 2296 acie
1321 2260 1450 2296 efferre

326 2331 466 2383 jussit5
498 2342 626 2381 pugna
641 2327 846 2372 abstinere,
864 2328 902 2363 ni
919 2327 966 2364 ab
983 2339 1022 2363 se
1037 2327 1187 2376 signum
1201 2325 1448 2376 accepissent.
1525 2315 1527 2360 i
