1507 2630
237 197 263 236 6
642 210 687 239 T.
712 210 847 240 mvn

45 298 305 335 U.C.433.Dii
340 299 562 337 inmortales
591 300 689 338 ferre
720 307 912 352 poterant,
947 302 994 341 ab
1025 303 1183 342 ducibus
1216 315 1354 356 expos-

44 348 84 377 A.
99 346 225 381 0310.

237 369 340 400 cunt.

41 424 226 456 Consilium
291 427 366 465 ΙΙΙ,
407 429 620 468 Qum-entes
654 430 790 479 magis,
821 443 934 480 quam
968 431 1243 476 consultantes,
1277 444 1357 469 nox

42 468 191 508 expedire

44 520 108 540 non
126 521 198 550 pos-

42 561 127 586 sunt.

47 1667 204 1700 Herennii

48 1713 204 1743 discordia

49 1765 211 1796 tesponsa.

237 492 449 543 obpressit:
482 506 598 542 quum
635 506 705 543 pro
742 495 898 543 ingenio
935 496 1093 544 quisque
1125 495 1354 544 fremerent3

238 556 347 599 alius,
364 569 432 605 per
451 558 561 593 obices
585 559 724 593 viarum
736 574 748 601 ,·
778 557 888 600 alius,
905 570 973 605 per
990 560 1140 595 adversa
1167 561 1358 602 montium,

231 634 300 671 per
317 623 438 664 silvas,
460 634 530 670 qua
547 621 648 670 ferri
676 635 780 658 arma
794 627 979 670 poterunt,
1009 635 1140 661 eamus.
1170 624 1286 660 Modo
1311 624 1362 660 ad

235 687 369 723 hostem
384 688 569 735 pervenire
594 687 712 730 liceat,
733 699 837 735 quem
852 700 918 736 per
936 700 1047 725 annos
1062 687 1144 735 jam
1160 701 1276 737 prope
1295 689 1361 725 tri-

231 754 337 800 ginta
354 753 552 796 vincimus5
582 754 701 788 omnia
729 764 832 801 aequa
860 759 895 789 et
909 754 1026 802 plana
1054 758 1159 790 erunt
1177 753 1358 796 Romano,

233 818 272 853 in
310 816 491 865 perfidum
527 816 728 853 Samnitem
767 819 975 865 pugnanti:
1011 817 1122 860 alius,
1163 818 1256 859 Quo,
1295 821 1361 853 aut

234 895 306 931 qua
334 884 490 920 eamus?
518 883 619 920 Num
647 889 783 921 montes
810 885 931 922 moliri
957 885 1039 921 sede
1065 895 1132 920 sua
1155 883 1365 932 para-mus?

236 946 342 983 Dum
362 947 435 984 hoec
459 948 683 985 inminebunt
690 947 799 1001 juga,
821 961 892 997 qua
919 954 957 985 tu
976 949 1026 985 ad
1055 948 1187 984 hostem
1211 948 1363 984 venies?

237 1013 398 1056 Armati,
430 1014 593 1056 inermes,
617 1013 753 1062 forteS,
785 1015 920 1062 ignavi,
951 1015 1093 1063 pariter
1118 1025 1236 1050 omnes
1265 1012 1364 1060 capti

236 1082 344 1126 atque
370 1079 456 1115 victi
482 1091 614 1115 sumus.
656 1080 714 1116 Ne
731 1079 881 1128 ferrum
901 1081 1043 1127 quidem
1072 1080 1122 1115 ad
1141 1078 1226 1115 bene
1252 1077 1364 1114 mori-

236 1144 370 1180 endum
398 1144 582 1181 oblaturus
618 1150 670 1182 est
707 1145 840 1182 hostis:
867 1146 990 1181 sedens
1026 1145 1156 1180 bellum
1193 1143 1365 1191 conficiet.

237 1207 311 1243 His
330 1208 370 1241 in
398 1209 518 1239 vicem
550 1209 805 1248 sermonibus,
827 1221 902 1257 qua
931 1209 1021 1251 cibi,
1049 1221 1124 1257 qua
1143 1206 1280 1256 quietis
1307 1205 1368 1241 in·

238 1281 398 1311 memor,
430 1280 510 1304 nox
539 1267 715 1303 traducta
744 1275 813 1303 est.
853 1271 916 1301 Ne
947 1267 1182 1302 »Samnitibus
1213 1267 1367 1316 quidem

237 1333 440 1371 consilium
473 1332 513 1367 in
550 1336 630 1367 tam
666 1329 763 1366 laetis
801 1329 1031 1379 subpetebat
1066 1329 1203 1366 rebus:
1236 1331 1366 1381 itaque

239 1398 406 1435 universi
435 1396 677 1433 Herennium
702 1395 900 1438 Pontium,
931 1402 1078 1445 patrem
1107 1396 1364 1445 imperatoris,

239 1475 307 1515 per
327 1462 455 1498 literas
479 1459 756 1496 consulendum
782 1464 950 1495 censent.
986 1458 1074 1495 Jan]
1101 1459 1132 1494 is
1152 1460 1276 1508 gravis
1298 1471 1366 1495 an-

242 1529 301 1565 nis
321 1539 400 1563 non
420 1524 649 1561 militaribus
677 1522 814 1567 solum,
835 1523 900 1560 sed
920 1523 1092 1559 civilibus
1113 1535 1279 1572 quoque,
1301 1522 1369 1560 ab·

244 1596 427 1629 scesserat
454 1589 699 1627 muneribus:
733 1589 773 1624 in
793 1601 952 1639 corpore
978 1595 1107 1625 tamen
1135 1588 1284 1625 adfecto
1310 1588 1368 1625 vi-

245 1657 361 1707 gebat
380 1657 434 1692 vis
455 1656 571 1692 animi
593 1653 830 1703 consiliique.
871 1653 924 1697 Is,
940 1653 1006 1689 ubi
1027 1654 1187 1703 accepit,
1204 1652 1251 1689 ad
1270 1652 1303 1689 F
1305 1665 1367 1689 ur-

245 1721 348 1759 culas
371 1720 562 1757 Caudinas
593 1720 693 1754 inter
713 1718 804 1754 duos
835 1717 952 1754 saltus
981 1718 1129 1754 clausos
1160 1730 1240 1753 esse
1261 1729 1368 1753 exer-

246 1787 343 1823 citus
369 1785 584 1827 Romanos,
616 1781 814 1819 consultus
846 1782 892 1818 ab
920 1782 1062 1818 nuncio
1092 1781 1174 1824 filii,
1205 1780 1368 1823 censuit,

245 1863 377 1887 omnes
407 1849 495 1885 inde
525 1860 638 1896 quam
667 1847 828 1896 primum
859 1846 1064 1882 inviolatos
1095 1844 1367 1881 dimittendos:

245 1928 328 1965 quae
349 1914 415 1951 ubi
441 1918 568 1963 spreta
593 1911 784 1948 sententia
810 1916 881 1954 est,
903 1912 1129 1958 iterumque,
1151 1908 1285 1944 eodem
1312 1919 1371 1943 re-

244 1984 397 2017 meante
415 1977 572 2019 nuncio,
594 1975 878 2017 conmlebatnr,
900 1974 1061 2016 censuit,
1083 1972 1130 2009 ad
1149 1984 1267 2008 unum
1286 1983 1371 2007 om-

245 2056 313 2080 nes
344 2040 640 2078 interficiendos.
680 2039 776 2078 Quae
796 2039 861 2075 ubi
880 2044 960 2074 tam
980 2036 1169 2073 discordia
1199 2035 1298 2071 inter
1316 2046 1371 2077 se,

248 2106 352 2143 velut
367 2118 414 2142 ex
429 2105 586 2154 ancipiti
605 2102 773 2145 oraculo,
792 2114 974 2151 responsa
990 2101 1078 2137 data
1094 2105 1182 2136 sunt
1196 2115 1206 2144 3
1239 2110 1372 2147 quarn-

250 2186 363 2223 quam
382 2171 480 2208 filius
500 2172 580 2222 ipse
600 2170 639 2206 in
655 2170 784 2220 primis
799 2168 883 2219 jam
903 2168 1071 2204 animum
1087 2177 1237 2215 quoque
1253 2164 1371 2214 patris

251 2237 496 2273 consenuisse
516 2237 556 2271 in
576 2234 727 2271 adfecto
744 2245 903 2284 corpore
923 2232 1101 2276 1·ebatur;
1133 2236 1263 2266 tamen
1279 2239 1372 2264 con-

253 2313 366 2337 sensu
386 2300 556 2336 omnium
576 2300 697 2335 victus
719 2297 789 2341 est,
811 2303 853 2334 ut
873 2298 996 2347 ipsum
1024 2296 1063 2331 in
1083 2292 1284 2330 consilium
1305 2290 1372 2327 ad-

246 2358 359 2402 'ciret.
402 2364 486 2401 Nec
507 2370 685 2414 gravatus
705 2375 821 2400 senex
840 2361 1011 2414 plaustro
1030 2360 1070 2396 in
1091 2364 1216 2396 castra
1233 2356 1372 2394 dicitur
