1527 2661
355 217 508 245 LIBER
531 215 650 243 xxv.
683 214 790 243 CAP.
813 214 896 242 xx.
1108 202 1191 258 465

78 302 236 348 Penula,
258 306 415 353 insignis
436 305 535 340 inter
562 302 740 353 primipili
760 303 1000 338 centuriones
1021 308 1057 337 et
1084 315 1188 351 mag·
1204 306 1245 337 U.
1260 305 1296 336 C.
1314 312 1390 337 540.

79 367 255 404 nitudine
276 369 445 418 corporis
477 374 514 403 et
540 367 690 403 animo:
724 365 769 410 is,
793 365 1013 416 perfunctus
1039 364 1188 407 militia,
1203 350 1241 379 A*
1257 349 1295 380 Ο·
1312 356 1386 380 2²²¹

80 444 147 481 per
165 432 207 468 P.
223 432 440 468 Cornelium
470 431 612 468 Sullam
638 438 839 482 praetorem
866 431 905 466 in
932 436 1104 466 senatum
1134 431 1192 466 in-

79 495 290 539 troductus,
312 496 407 546 petit
436 509 459 532 a
487 494 679 539 Patribus,
702 496 757 531 uti
787 494 858 531 sibi
882 495 1048 543 quinque
1076 493 1195 530 millia

79 559 241 596 militum
262 561 451 598 darentur.
499 561 559 603 Se,
576 563 734 610 peritum
754 566 788 596 et
807 560 916 596 hostis
940 564 975 595 et
993 560 1194 606 regionum,

79 624 175 661 brevi
190 638 307 673 operae
323 628 478 673 pretium
488 625 682 675 facturum
693 643 706 670 ,-
736 631 783 667 ει,
801 625 924 673 quibus
939 614 1074 661 (imbus
1092 625 1140 660 ad
1159 625 1197 660 id

80 689 238 725 locorum
257 691 368 726 nostri
386 694 421 725 et
439 691 544 726 duces
561 695 595 726 et
613 691 788 726 exercitus
803 691 900 738 capti
908 688 1051 737 forent,
1069 690 1112 723 iis
1130 688 1196 724 acl-

80 765 199 789 versus
218 756 436 790 inventorem
461 767 619 791 usurum,
667 754 711 790 Id
731 767 809 790 non
829 753 1057 804 promissum
1076 751 1195 801 magis

81 816 220 852 stolide
235 830 347 866 quam
361 818 497 854 stolide
511 819 692 856 creditum
706 835 713 856 :
736 827 930 868 tamquam
943 818 1082 855 eaedem
1098 818 1197 854 mili-

80 887 181 916 tares
202 887 240 916 et
255 881 509 931 imperatoriae
527 889 625 918 artes
642 888 789 919 essent:
813 883 913 925 data,
931 895 1000 932 pro
1017 882 1197 931 quinque,

84 950 173 981 octo
189 944 307 981 millia
319 945 501 991 militnm,
525 959 610 997 pars
625 946 780 983 dimidia
795 947 907 990 cives,
922 959 1007 996 pars
1022 946 1113 983 socii
1130 962 1137 983 ι
1161 953 1199 983 et

83 1009 163 1058 ipse
183 1008 417 1058 aliquantum
438 1010 740 1047 voluntariorum
765 1011 901 1047 itinere
927 1011 967 1047 in
986 1010 1086 1059 agris
1108 1023 1198 1046 con-

84 1073 186 1116 civit,
209 1087 266 1116 ac,
288 1087 405 1124 prope
425 1075 618 1125 duplicato
646 1077 828 1119 exercitu,
849 1077 888 1111 in
909 1075 1087 1112 Lucanos
1114 1088 1197 1125 per-

84 1138 210 1183 venit5
235 1138 297 1174 ubi
316 1138 527 1182 Hannibal,
544 1140 799 1189 nequidquam
815 1146 965 1176 secutus
983 1139 1197 1183 Claudium,

87 1202 319 1240 substiterat.
377 1203 493 1240 Haud
513 1204 627 1240 dubia
647 1217 704 1240 res
725 1212 794 1247 est,
813 1205 952 1254 quippe
971 1205 1069 1240 inter
1090 1204 1200 1240 Han-

86 1266 251 1303 nibalem
277 1268 409 1304 ducem
440 1274 477 1304 et
504 1270 778 1312 centurionem,
801 1269 1075 1317 exercitusque,
1106 1268 1199 1304 alte-

86 1343 168 1366 rum
202 1332 388 1368 vincendo
424 1340 658 1376 veteranum,
693 1334 852 1370 alterum
890 1345 1030 1369 novum
1061 1339 1201 1376 totum,

86 1408 225 1444 magna
245 1409 290 1432 ex
310 1404 417 1447 parte
438 1398 553 1433 etiam
574 1398 862 1434 tumultuarium
883 1410 926 1433 ac
954 1397 1202 1434 semiermem.

89 1459 142 1497 Ut
162 1467 367 1510 conspecta
392 1462 490 1498 inter
512 1474 551 1498 se
581 1463 733 1510 agmina
761 1468 864 1504 sunt,
886 1468 923 1497 et
953 1467 1087 1496 neutra
1116 1473 1201 1510 pars

84 1524 308 1567 detractavit
323 1537 504 1574 pugnam,
523 1525 714 1575 extemplo
736 1527 929 1562 instructae
951 1525 1048 1561 acies
1066 1540 1071 1560 :
1105 1537 1200 1574 pug—

84 1595 216 1624 natum
235 1594 377 1631 tamen,
401 1594 439 1624 ut
463 1590 502 1624 in
523 1588 627 1625 nulla
652 1590 808 1639 parire,
830 1590 921 1626 duas
950 1589 1110 1640 amplius
1130 1589 1199 1625 ho-

86 1666 159 1695 ras,
181 1655 373 1689 concitata
394 1660 446 1698 et,
468 1655 587 1690 donec
607 1655 681 1691 dux
708 1655 889 1699 stetisset,
910 1655 1088 1692 Romana
1108 1656 1201 1691 acie.

86 1717 294 1766 Postquam
316 1719 359 1759 is,
381 1731 458 1754 non
483 1731 551 1768 pro
573 1725 697 1754 vetere
717 1719 819 1755 fama
838 1719 974 1763 solum,
997 1720 1061 1755 sed
1087 1720 1202 1756 etiam

87 1788 191 1816 metu
213 1781 329 1817 futuri
358 1781 566 1825 dedecoris,
594 1782 624 1817 si
657 1794 724 1818 sua
751 1784 965 1819 temeritate
995 1790 1200 1820 contractae

88 1844 180 1880 cladi
203 1852 428 1894 superesset,
451 1843 649 1895 objectans
674 1858 712 1881 se
732 1847 900 1883 hostium
929 1847 1027 1891 telis,
1050 1848 1199 1891 cecidit,

86 1908 168 1944 fusa
190 1908 380 1959 extemplo
407 1916 464 1946 est
483 1909 661 1946 Romana
683 1911 804 1947 acies:
837 1912 901 1947 sed
922 1912 1015 1948 adeo
1034 1925 1082 1948 ne
1101 1912 1202 1961 fugae

86 1974 235 2021 quidem
262 1975 332 2009 iter
361 1974 497 2024 patuit,
520 1974 695 2012 omnibus
715 1976 784 2011 viis
814 1975 860 2012 ab
882 1977 1007 2025 equite
1035 1978 1210 2021 insessis,

89 2045 128 2073 ut
149 2050 194 2073 ex
222 2044 331 2074 tanta
356 2038 598 2075 multitudine
619 2040 679 2075 vix
710 2039 812 2076 mille
842 2042 1052 2086 evaserint,
1086 2042 1201 2077 ceteri

87 2102 241 2150 passini,
262 2101 324 2136 alii
346 2101 419 2137 alia
438 2109 557 2152 peste,
578 2102 743 2138 absumti
763 2104 850 2140 sint.

140 2164 236 2201 XX.
267 2165 399 2214 Capua
424 2178 446 2201 a
465 2165 681 2202 consulibus
711 2167 846 2203 iterun]
878 2180 1023 2204 summa
1042 2168 1077 2203 vi
1097 2167 1199 2204 obsi·
1212 2172 1323 2212 Capua
1338 2175 1394 2204 ob-

88 2229 166 2264 deri
201 2235 327 2279 coepta
360 2236 439 2265 est:
472 2243 628 2280 quaeque
657 2232 695 2266 in
725 2244 808 2268 eam
838 2244 915 2268 rem
944 2245 1038 2283 opus
1076 2240 1198 2276 erant,
1211 2225 1305 2246 “⁵⁵³²

89 2292 428 2342 comportabantur
443 2293 759 2344 parabanturque,
808 2296 1017 2333 Casilinum
1031 2295 1199 2332 frumen-

90 2364 171 2394 tum
190 2365 436 2397 convectum:
471 2360 517 2396 ad
531 2359 709 2396 Vulturni
729 2360 882 2404 ostium,
906 2359 968 2397 ubi
990 2372 1089 2397 nunc
1112 2359 1197 2398 urbs
