1527 2661
15 2425 23 2505 ζ

258 471 324 525 Τ.
363 470 575 524 LIVII
625 469 1044 523 PATAVINI

470 619 667 658 LIBER
701 618 834 657 xxv.

452 766 809 793 *—

98 902 270 983 DUM
288 901 370 939 haec
389 902 428 938 in
447 899 579 938 Africa
598 906 712 950 atque
737 899 777 936 in
805 898 995 950 Hispania
1014 908 1212 949 geruntur,
1228 903 1269 936 U.
1282 904 1319 935 0.
1338 910 1411 937 5890

211 965 409 1005 Hannibal
436 966 475 1002 in
501 977 595 1014 agro
613 963 826 1001 Tarentino
846 970 1014 1001 aestatem
1035 971 1212 1003 consum·>
1226 949 1266 980 Α·
1280 948 1318 978 C·
1330 953 1410 1031 ,Ἤ

100 1035 164 1079 sit,
185 1045 251 1084 spe
269 1044 336 1083 per
354 1030 610 1082 proditionem
626 1028 729 1066 urbis
744 1028 1043 1066 Tarentinorum
1059 1031 1214 1080 potiun-
1227 1003 1404 1076 ῧᾚὲιηῗμ

100 1099 180 1135 dae:
212 1097 380 1147 ipsorum
399 1094 551 1130 interim
572 1092 868 1129 Sallentinorum
895 1092 1084 1141 ignobiles
1104 1093 1216 1131 urbes
1228 1095 1312 1120 ΨΜ

99 1162 149 1199 ad
168 1173 254 1198 eum
272 1158 503 1196 defecerunt.
557 1156 709 1193 Eodem
727 1162 899 1208 tempore
924 1156 964 1193 in
983 1157 1145 1194 Bruttiis
1172 1171 1219 1195 ex

99 1223 301 1262 duodecim
316 1221 480 1273 populis,
493 1221 558 1271 qui
574 1233 675 1257 anno
691 1221 817 1270 priore
833 1219 880 1257 ad
895 1219 1038 1257 Poenos
1053 1221 1219 1258 descive-

101 1295 203 1332 rant,
225 1286 451 1324 Consentini
471 1291 509 1322 et
526 1284 689 1321 Thurini
709 1285 749 1320 in
768 1283 880 1321 fidem
899 1284 1031 1336 populi
1048 1284 1219 1324 Romani

100 1353 305 1391 redierunt.
333 1350 385 1387 Et
400 1349 524 1400 plures
540 1349 752 1392 rediissent,
765 1348 806 1385 ni
818 1348 864 1386 T.
876 1348 1111 1400 Pomponius
1128 1351 1219 1388 Vei-

100 1426 262 1456 entanus
281 1416 481 1468 praefectus
501 1414 661 1458 socium,
682 1414 873 1465 prosperis
894 1414 1040 1464 aliquot
1059 1414 1219 1466 popula-

102 1481 272 1519 tionibus
292 1481 331 1517 in
358 1492 451 1529 agro
471 1479 626 1515 Bruttio
639 1477 738 1528 justi
757 1478 860 1515 ducis
880 1479 1045 1528 speciem
1068 1484 1218 1522 nactus,

101 1545 349 1583 tumultuario
365 1544 537 1581 exercitu
550 1549 701 1586 coacto,
716 1555 802 1579 cum
815 1542 1011 1579 Hannone
1026 1543 1219 1580 conflixis-

102 1616 171 1647 set.
225 1609 374 1658 Magna
393 1608 446 1644 ibi
466 1608 521 1643 vis
541 1607 755 1650 hominum,
776 1607 840 1644 sed
867 1606 1072 1644 inconditae
1097 1607 1218 1644 turbae

102 1674 307 1724 agrestium
333 1683 615 1720 servorumque,
636 1683 734 1707 caesa
761 1677 827 1707 aut
853 1677 966 1722 capta
992 1677 1072 1707 est:
1104 1672 1218 1708 mini-

100 1749 279 1787 mumque
296 1735 459 1787 jacturae
478 1734 565 1777 fuit,
592 1735 694 1784 quod
719 1734 919 1785 praefectus
946 1735 1046 1772 inter
1071 1740 1217 1773 ceteros

101 1810 160 1839 est
179 1808 325 1851 captus,
347 1807 385 1836 et
403 1805 484 1835 tum
511 1799 720 1835 temerariae
740 1811 877 1849 pugnae
903 1804 1051 1844 auctor,
1071 1805 1109 1836 et
1128 1806 1218 1837 ante

102 1865 340 1917 publicanus,
361 1863 535 1900 omnibus
563 1862 671 1899 malis
699 1862 842 1900 artibus
869 1870 907 1900 et
932 1863 1149 1914 reipublicae
1179 1870 1218 1901 et

102 1927 348 1966 societatibus
364 1926 498 1964 infidus
515 1927 805 1976 damnosusque.
862 1926 1106 1977 Sempronius
1124 1940 1217 1965 con-

100 1993 159 2030 sul
180 1994 219 2029 in
238 1992 404 2029 Lucanis
424 1990 543 2028 multa
568 1990 704 2041 proelia
721 2003 849 2042 parva,
869 1991 971 2027 haud
997 1991 1114 2028 ullum
1133 1992 1217 2041 dig-

101 2070 193 2094 num
219 2061 445 2099 memoratu,
465 2055 578 2091 fecit:
612 2061 649 2090 et
669 2053 853 2104 ignobilia
873 2055 1012 2106 oppida
1037 2055 1216 2093 Lucano·

100 2133 184 2158 rum
221 2120 366 2169 aliquot
402 2119 646 2170 expugnavit.
702 2120 792 2159 Quo
821 2119 960 2156 diutius
994 2119 1217 2157 trahebatur
1229 2126 1430 2167 Superstitio-

100 2183 256 2227 bellum,
287 2190 325 2219 et
352 2182 550 2219 variabant
570 2183 743 2219 secundae
777 2182 1016 2232 adversaeque
1048 2196 1107 2219 res
1137 2196 1216 2220 non
1228 2170 1417 2247 gggrrtzssmae

103 2248 296 2285 fortunam
314 2248 450 2295 magiS,
467 2259 579 2295 quam
597 2247 758 2291 animos,
775 2247 973 2284 hominum
987 2263 997 2293 3
1030 2253 1138 2284 tanta
1156 2260 1216 2284 re·
1351 2236 1358 2244 ⁵

103 2311 211 2361 ligio,
232 2318 271 2347 et
295 2324 340 2348 ea
364 2324 504 2360 magna
530 2323 577 2347 ex
605 2316 714 2360 parte
740 2318 911 2356 externa,
935 2312 1127 2348 civitatem
1156 2312 1216 2348 in-

99 2376 228 2420 cessit,
250 2381 292 2413 ut
311 2382 376 2413 aut
400 2376 589 2419 homines,
610 2381 676 2411 aut
694 2375 761 2412 Dii
780 2382 935 2431 repente
961 2375 1025 2413 alii
1044 2376 1216 2414 videren-

618 2437 699 2475 152
