1527 2661
286 186 340 230 70
741 186 787 214 T.
813 185 944 213 Livn

89 281 133 310 U.
147 280 184 311 C.
198 280 324 314 443.in
343 277 505 314 multum
525 276 598 313 diei
617 275 876 325 processisset,
902 281 983 311 tuin
1004 274 1221 310 Postumius
1241 271 1398 321 integris

89 325 130 353 A'
145 325 181 354 C'
196 330 269 356 3⁰4·
283 341 497 392 legionibus
513 340 697 376 defessam
710 339 792 390 jam
813 340 931 375 aciem
948 340 1116 375 hostium
1132 337 1325 388 inproviso
1341 337 1398 373 in-

282 407 396 442 vadit.
448 405 597 453 Itaque,
628 416 743 451 quum
780 402 965 438 lassitudo
1002 415 1046 438 ac
1082 401 1239 437 vulnera
1266 400 1398 448 fugam

280 482 433 520 quoque
458 467 741 518 praepedissent,
762 466 961 502 occidione
981 466 1097 501 occisi
1122 465 1266 506 hostes,
1287 464 1398 512 signa

282 547 399 570 unum
419 539 457 568 et
475 531 611 580 viginti
631 536 764 579 capta:
797 536 911 577 atque
930 529 1018 565 inde
1047 529 1094 564 ad
1113 534 1238 564 castra
1255 528 1395 563 Postu-

282 599 348 651 mii
368 602 592 647 perrectum.
622 594 682 629 Ibi
702 594 777 629 duo
796 594 959 628 victores
977 593 1164 628 exercitus
1180 591 1395 642 perculsum

276 661 360 711 jam
379 661 480 697 fama
506 660 655 695 hostem
683 658 804 693 adorti
832 657 999 694 fundunt
1023 657 1256 705 fugantque:
1289 656 1398 703 signa

282 725 462 761 militaria
481 736 545 759 sex
573 729 611 758 et
636 722 773 769 viginti
803 728 928 770 capta,
949 727 987 756 et
1011 721 1218 770 imperator
1248 719 1397 755 Samni-

281 790 375 825 tium
408 788 550 824 Statius
571 785 730 827 Gellius,
753 785 936 833 multique
962 783 1025 820 alii
1055 783 1249 826 mortales,
1270 789 1308 819 et
1333 796 1398 819 ca-

281 860 360 889 stra
388 859 547 900 utraque
581 857 715 899 capta:
749 855 786 884 et
813 848 1041 891 Bovianum,
1070 847 1134 883 ubi
1164 853 1318 897 postero
1338 847 1397 883 die

281 923 449 967 coeptum
469 914 697 964 obpugnari,
714 913 819 948 brevi
839 913 1009 962 capitur:
1041 923 1255 960 magnaque
1274 910 1396 959 gloria

280 995 405 1020 rerum
428 987 619 1030 gestarum
644 979 816 1015 consules
843 979 1138 1028 triumpharunt.
1180 977 1396 1013 Minucium

279 1045 488 1088 consulem,
509 1057 595 1080 cum
614 1043 766 1079 vulnere
782 1043 886 1091 gravi
902 1041 1061 1078 relatum
1080 1042 1118 1077 in
1139 1048 1276 1084 castra,
1292 1053 1395 1076 mor-

278 1119 401 1153 tuum,
423 1109 575 1159 quidam
601 1114 773 1144 auctores
800 1113 901 1150 sunt,
927 1114 964 1142 et
988 1105 1045 1142 M.
1072 1105 1248 1142 Fulvium
1274 1106 1312 1141 in
1339 1105 1397 1142 lo-

279 1188 365 1210 cum
396 1173 475 1223 ejus
503 1171 700 1209 consulem
730 1171 966 1206 subfectum:
1000 1178 1037 1206 et
1060 1170 1107 1206 ab
1127 1183 1188 1213 eo,
1209 1183 1324 1218 quum
1349 1170 1398 1207 ad

278 1239 487 1275 exercitum
511 1236 675 1272 Minucii
696 1236 830 1271 missus
855 1241 968 1277 esset,
987 1234 1203 1270 Bovianum
1229 1241 1394 1284 captum.

276 1303 425 1340 Eodem
445 1315 546 1338 anno
567 1302 676 1342 Sora,
698 1301 901 1350 Arpinum,
924 1299 1153 1342 Censennia,
1174 1305 1326 1348 recepta
1344 1299 1392 1336 ab

279 1366 526 1407 Samnitibus.
562 1364 739 1401 Herculis
768 1376 948 1412 magnum
979 1363 1220 1399 simulacrum
1248 1364 1288 1399 in
1319 1364 1394 1400 Ca·

278 1431 414 1483 pitolio
434 1431 602 1480 positum
621 1429 921 1477 dedicatumque.

81 1488 176 1563 [xl-g
192 1497 265 1547 449·
332 1495 457 1531 XLV.
490 1493 530 1529 P.
553 1492 720 1542 Sulpicio
748 1492 985 1535 Saverrione,
1007 1491 1049 1528 P.
1071 1492 1296 1543 Sempronio
1323 1493 1393 1530 So-

83 1543 97 1563 s
116 1555 124 1564 ⁵
167 1554 173 1562 ⁸
191 1539 264 1564 3⁰3⁸
278 1561 355 1610 pho
377 1558 609 1601 consulibus,
633 1558 834 1599 Samnites,
855 1570 921 1593 seu
937 1557 1063 1600 finem,
1085 1570 1151 1593 seu
1171 1557 1393 1596 dilationem

277 1624 368 1661 belli
397 1629 622 1673 quaerentes,
654 1622 800 1670 legatos
831 1622 876 1658 de
905 1634 996 1672 pace
1028 1621 1195 1658 Romam
1231 1623 1390 1660 misere:

277 1688 412 1737 quibus
433 1686 653 1736 suppliciter
673 1685 872 1734 agentibus
892 1698 1115 1735 responsum
1135 1693 1205 1729 est,
1218 1689 1287 1723 nisi
1303 1700 1396 1736 saepe

81 1753 198 1783 Pacem
212 1761 265 1789 pe·
278 1754 408 1789 bellum
437 1756 612 1800 parantes
644 1763 768 1798 pacem
806 1753 975 1798 petissent
1006 1750 1200 1793 Sanmites,
1234 1754 1396 1788 oratione

73 1796 256 1871 {ffetffisam'
276 1819 373 1855 ultro
392 1818 550 1864 citroque
575 1815 712 1858 habita,
734 1817 777 1851 (le
793 1827 882 1863 pace
908 1817 1060 1862 transigi
1073 1817 1233 1864 potuisse
1245 1832 1257 1853 :
1284 1829 1391 1860 nunc,

277 1883 419 1931 quando
438 1881 544 1917 rerba
571 1893 663 1916 rana
688 1882 737 1915 acl
757 1881 792 1916 id
818 1881 973 1915 locorum
992 1879 1152 1929 fuerint,
1172 1881 1273 1917 rebus
1295 1887 1394 1918 stan—

278 1947 361 1981 <lum
384 1957 465 1981 esse.
487 1945 531 1980 P.
551 1945 801 1992 Sempronium
822 1944 995 1979 consulem
1020 1956 1099 1978 cnm
1125 1945 1281 1981 exercitu
1300 1945 1395 1982 brevi

273 2012 312 2045 in
341 2010 489 2046 Samnio
515 2008 626 2057 fore:
656 2021 748 2050 eum,
787 2009 834 2043 acl
864 2008 993 2043 bellum
1020 2019 1192 2055 pacemne
1224 2010 1395 2046 inclinent
1444 2012 1449 2015 “

276 2076 402 2115 animi,
419 2073 515 2122 falli
535 2086 601 2109 non
626 2085 749 2120 posse:
779 2077 960 2119 comperta
983 2074 1103 2107 omnia
1127 2075 1268 2108 senatui
1297 2075 1392 2110 rela-

277 2144 421 2174 mrum.-
451 2138 675 2173 decedentem
706 2149 747 2172 car
767 2136 915 2171 Samnio
939 2136 1113 2171 consulem
1134 2136 1245 2183 legati
1269 2149 1392 2186 seque-

275 2207 413 2237 rentur.
452 2201 513 2236 Eo
533 2213 633 2236 anno
654 2213 769 2248 quum
789 2206 965 2249 pacatum
990 2200 1182 2235 Samnium
1204 2202 1390 2238 exercitus

275 2265 490 2307 Romanus,
516 2264 679 2313 benigne
706 2263 868 2313 praebito
889 2270 1116 2306 commeatu,
1136 2272 1388 2313 peragrasset,

271 2328 399 2365 &edus
430 2329 626 2378 antiquum
658 2328 890 2365 Samnitibus
921 2327 1120 2364 redditum.
1163 2328 1222 2364 Ad
1239 2328 1388 2379 AEquos
