1527 2661
224 208 228 211 ’
269 222 425 253 LIBER
448 218 599 250 xxm.
631 216 740 246 cAP.
764 215 949 244 xxxlx.
1086 214 1169 260 553

53 314 264 352 traderetur
277 309 477 349 Marcello.
531 307 616 344 Nec
635 306 718 342 sine
733 304 832 341 caede
848 302 969 339 multa
983 303 1083 340 tradi
1102 317 1172 355 po·
1187 309 1230 341 U.
1241 307 1279 339 C.
1298 314 1370 339 542.

51 382 149 418 tuit:
181 380 296 428 longe
313 375 513 415 fortissimi
531 374 702 424 equitum
728 378 812 407 toto
833 370 982 406 Punico
1003 373 1174 409 exercitu
1188 354 1226 384 A'
1240 351 1279 383 C·
1296 358 1370 383 ‘⁴³¹⁰'

55 451 176 482 erant.
209 443 357 492 Itaque,
372 451 600 490 quamquam
616 437 811 487 inprovisa
822 447 880 471 res
894 434 982 478 fuit,
998 447 1069 471 nec
1086 447 1174 472 usus

12 495 13 498 Ἰ
52 521 237 558 equorum
255 508 295 543 in
317 505 407 542 urbe
433 510 528 548 erat,
549 509 692 545 tamen,
712 501 825 539 armis
852 500 952 536 inter
971 498 1179 537 tumultum

13 571 14 611 J
52 573 189 623 captis,
210 578 249 608 et
269 571 507 621 eruptionem
525 572 784 609 tentaverunt,
806 570 857 608 et,
879 577 996 613 quum
1022 564 1179 601 evadere

51 638 268 687 nequirent,
289 640 501 686 pugnantes
523 633 569 670 ad
590 631 766 668 ultimum
785 629 1075 667 obcubuerunt:
1107 641 1178 665 nec

14 700 15 743 ἴ
48 699 134 752 plus
155 700 433 750 quinquaginta
453 710 500 734 ex
517 697 577 733 his
598 697 639 733 in
657 700 890 746 potestatem
916 693 1086 730 hostium
1104 692 1180 729 vivi

14 753 15 783 3
48 771 258 801 venerunt:
289 763 449 814 plusque
467 761 663 811 aliquanto
679 760 809 797 damni
828 759 888 795 hae
933 757 994 794 ala
1008 758 1179 807 equitum

49 830 190 867 amissa
219 827 445 870 Hannibali,
469 839 583 876 quam
613 824 783 875 Salapia,
814 823 911 860 fuit:
943 835 1014 859 nec
1043 821 1180 859 deinde

49 906 228 943 umquam
240 893 383 930 Poenus
403 892 496 940 (quo
515 890 629 939 longe
644 889 850 941 plurimum
864 886 1053 934 valuerat)
1072 885 1177 936 equi-

51 964 138 994 tatu
156 958 329 1007 superior
347 956 433 994 fuit.

105 1019 308 1056 XXXIX.
337 1017 412 1054 Per
430 1015 531 1053 idem
545 1020 711 1064 tempus,
727 1025 845 1063 quum
864 1013 905 1049 in
924 1024 1011 1049 arce
1029 1012 1178 1050 Taren-

49 1087 132 1123 tina
149 1086 214 1122 vix
241 1084 374 1133 inopia
398 1079 610 1118 tolerabilis
638 1085 751 1122 esset,
773 1091 881 1129 spem
902 1089 1056 1115 omnem
1080 1090 1178 1127 prae-

18 1181 19 1186 ,
50 1150 203 1192 sidium,
224 1148 327 1198 quod
346 1147 399 1184 ibi
419 1151 514 1189 erat,
529 1145 765 1187 Romanum,
782 1142 1060 1194 praefectusque
1079 1154 1177 1192 prae·

49 1214 134 1251 sidji
155 1219 270 1262 atque
288 1212 384 1249 arcis
403 1210 461 1247 M.
474 1209 607 1246 Livius
628 1209 669 1244 in
684 1208 959 1246 commeatibus
980 1207 1027 1244 ab
1045 1205 1177 1243 Sicilia

49 1277 174 1315 missis
193 1276 389 1313 habebant
403 1291 411 1312 ε
446 1277 510 1324 qui
526 1282 568 1312 ut
582 1282 669 1313 tuto
688 1277 1053 1328 praeterveherentur
1068 1288 1176 1313 oram

20 1342 21 1378 Ξ
48 1340 186 1384 Italiae,
217 1339 345 1377 classis
375 1340 513 1388 viginti
540 1340 659 1377 ferme
684 1342 838 1377 navium
865 1340 1008 1389 Rhegii
1033 1340 1174 1377 stabat.

46 1404 216 1442 Praeerat
252 1404 362 1441 classi
395 1405 747 1455 commeatibusque
779 1405 830 1443 D.
851 1406 1071 1449 Quinctius,
1101 1405 1173 1442 ob-

21 1482 157 1507 scuro
185 1481 324 1518 genere
353 1476 474 1513 ortus,
508 1476 674 1506 ceterum
707 1470 836 1506 multis
865 1469 1029 1507 fortibus
1059 1469 1171 1506 factis

43 1532 168 1582 gloria
185 1531 339 1569 militari
358 1531 539 1569 inlustris.
592 1533 724 1570 Primo
744 1534 911 1583 quinque
931 1545 1059 1576 naves,
1077 1546 1171 1583 qua-

43 1610 128 1633 rum
162 1597 338 1634 maximae
367 1597 450 1634 duae
480 1598 652 1634 triremes
688 1611 712 1634 a
738 1597 926 1634 Marcello
956 1598 991 1633 ei
1019 1597 1170 1635 traditae

42 1667 167 1704 erant,
184 1661 342 1697 habuit:
374 1668 512 1711 postea
529 1675 610 1699 rem
637 1663 787 1712 inpigre
806 1675 906 1712 saepe
926 1663 1074 1711 gerenti
1093 1668 1169 1699 tres

42 1725 181 1763 additae
201 1725 513 1774 quinqueremes:
546 1732 741 1776 postremo
761 1727 842 1776 ipse
868 1739 891 1762 a
917 1727 1044 1770 sociis,
1064 1726 1170 1763 Rhe-

42 1789 233 1838 ginisque,
260 1795 299 1826 et
324 1802 348 1826 a
365 1789 489 1833 Velia,
511 1796 550 1826 et
576 1803 600 1826 a
624 1790 766 1834 Paesto,
788 1790 935 1828 debitas
960 1804 1006 1827 ex
1026 1791 1170 1827 foedere

25 1853 246 1902 exigendo,
267 1852 426 1890 classem
446 1854 582 1902 viginti
606 1856 776 1898 navium,
797 1855 895 1891 sicut
914 1861 1003 1891 ante
1022 1855 1168 1892 dictum

26 1922 115 1960 est,
135 1916 270 1954 effecit.
327 1916 432 1954 Huic
451 1917 498 1954 ab
518 1916 672 1967 Rhegio
691 1918 873 1969 profectae
889 1918 999 1955 classi
1018 1918 1165 1956 Demo·
1178 1930 1334 1966 Proelium

27 1985 180 2024 crates,
200 1993 287 2017 cum
306 1981 388 2031 pari
408 1980 527 2018 classe
546 1983 700 2018 navium
715 1982 1011 2019 Tarentinarum
1031 1996 1164 2020 nume·
1179 1975 1260 2006 inter
1277 1976 1374 2029 30¹¹}-

27 2055 100 2088 iro,
121 2043 336 2093 quindecim
362 2044 481 2081 millia
499 2045 618 2082 ferme
645 2046 692 2083 ab
713 2045 806 2083 urbe
831 2047 880 2083 ad
904 2047 1165 2097 Sacriportum
1178 2019 1370 2097 Ξὲἷιᾶἑῗὲςῗ·

40 2106 175 2145 obvius
194 2108 280 2145 fuit.
336 2108 440 2145 Velis
467 2116 551 2147 tum
568 2110 684 2155 forte,
705 2111 925 2162 inprovidus
945 2112 1064 2149 futuri
1083 2126 1165 2150 cer·
1177 2115 1237 2137 δεῖ·

39 2172 208 2216 taminis,
245 2172 447 2213 Romanus
481 2175 680 2212 veniebat:
717 2176 785 2213 sed
815 2177 917 2214 circa
953 2177 1166 2216 Crotonem

42 2235 291 2286 Sybarimque
317 2238 559 2289 suppleverat
581 2242 741 2291 remigio
767 2255 896 2287 naves,
918 2244 1165 2282 instructam-

42 2312 117 2350 que
144 2307 184 2337 et
211 2308 396 2340 armatam
425 2304 580 2353 egregie
615 2318 686 2356 pro
713 2308 979 2357 magnitudine
1013 2309 1168 2347 navium

43 2362 202 2403 classem
216 2365 409 2406 habebat:
442 2374 482 2405 et
499 2375 582 2406 tum
596 2369 700 2408 forte
718 2371 789 2410 sub
809 2372 907 2410 idem
922 2371 1001 2410 fere
1017 2378 1166 2425 tempus

96 2427 199 2468 Vox..
230 2429 285 2467 11.
576 2434 611 2471 Β
629 2434 654 2473 b
