1527 2661
318 166 403 221 496
778 178 824 208 T.
849 178 984 209 mvn

118 272 210 303 U.C.
228 270 412 317 540.quiae
430 268 520 305 belli
540 269 640 306 circa
658 270 912 319 Agrigentum
939 270 1125 308 Romanis
1146 301 1154 309 .
1186 272 1373 324 Epicydes
1394 281 1431 311 et

116 316 299 399 &CJQH’
314 333 459 370 Hanno
488 334 600 369 duces
629 334 765 383 reliqui
794 336 930 385 prioris
960 335 1063 380 belli,
1087 344 1125 373 et
1151 339 1283 374 tertius
1309 351 1430 375 novus

116 375 302 442 ῃοῖἓξῧῖε-
313 397 360 434 ab
391 396 612 434 Hannibale
640 398 679 433 in
709 397 836 434 locum
866 399 1114 450 Hippocratis
1141 402 1291 445 missus,
1312 401 1432 452 Liby-

116 465 236 527 ¹S¹9¹‚111‚m
253 457 286 486 in
311 462 534 512 phoenicum
563 461 709 510 generis
736 461 1010 512 Hipponiates,
1034 463 1242 512 (Mutinem
1270 465 1431 516 popula-

114 508 226 573 ΦΕ,Ιᾶ
312 538 370 561 res
405 524 612 571 vocabant)
648 526 705 561 vir
738 526 900 576 inpiger,
932 534 970 563 et
1002 528 1070 564 sub
1103 528 1322 565 Hannibale
1349 543 1430 566 ma-

311 591 433 639 gistro
452 601 583 626 omnes
604 589 691 627 belli
713 597 812 627 artes
833 591 1001 630 edoctus.
1058 593 1162 630 Huic
1187 594 1234 630 ab
1260 594 1431 644 Epicyde

309 661 348 690 et
377 654 573 691 Hannone
601 655 779 692 Numidae
809 656 887 692 dati
918 657 1141 694 auxiliares:
1178 671 1263 695 cum
1293 658 1428 708 quibus

307 718 362 754 ita
381 725 609 768 pervagatus
637 726 694 755 est
719 719 889 756 hostium
909 733 1036 769 agros,
1056 722 1111 758 ita
1130 722 1254 758 socios
1274 723 1321 759 ad
1339 723 1431 759 reti-

307 785 450 819 nendos
471 784 510 819 in
531 783 603 820 fide
619 784 766 820 animos
787 797 932 829 eorum,
949 785 1181 835 serendoque
1200 787 1240 823 in
1260 793 1431 838 tempore

307 847 445 896 cuique
463 846 661 891 auxilium,
684 848 791 892 adiit,
814 855 855 884 ut
876 849 981 885 brevi
999 856 1172 900 tempore
1191 856 1313 887 totam
1334 851 1431 888 Sici-

306 908 397 947 liam
424 910 586 961 inpleret
611 912 777 947 nominis
806 913 878 955 sui,
899 925 968 949 nec
988 926 1072 963 spes
1093 913 1168 950 alia
1185 913 1309 964 major
1327 916 1428 966 apud

306 974 476 1012 faventes
502 976 613 1012 rebus
640 976 1023 1025 Karthaginiensium
1042 985 1152 1015 esset.
1211 978 1346 1028 Itaque
1365 980 1424 1016 in-

306 1039 400 1077 clusi
421 1040 467 1076 ad
486 1046 635 1091 tempus
663 1041 851 1078 moenibus
870 1043 1075 1091 Agrigenti
1096 1043 1172 1079 dux
1191 1043 1332 1080 Poenus
1354 1044 1424 1094 Sy-

304 1116 599 1153 racusanusque2
627 1117 704 1140 non
735 1105 895 1141 consilio
924 1106 1102 1149 Mutinis,
1134 1119 1246 1156 quam
1275 1106 1423 1152 fiducia,

305 1169 426 1217 magis
447 1169 528 1205 ausi
548 1169 676 1217 egredi
696 1179 804 1205 extra
824 1182 966 1212 muros,
986 1170 1033 1206 ad
1055 1170 1254 1207 Himeram
1274 1184 1424 1209 amnem

303 1239 515 1283 posuerunt
534 1240 669 1269 castra.
704 1234 819 1272 Quod
839 1234 902 1271 ubi
923 1234 1110 1285 perlatum
1131 1235 1177 1271 ad
1195 1235 1422 1273 Marcellum

303 1304 376 1340 est,
407 1296 599 1347 extemplo
630 1298 757 1347 copias
792 1299 935 1343 movit;
975 1304 1012 1335 et
1041 1298 1088 1336 ab
1118 1299 1229 1335 hoste
1259 1306 1421 1349 quatuor

302 1360 422 1397 ferme
448 1360 608 1397 millium
635 1362 834 1399 intervallo
861 1363 1047 1406 consedit,
1068 1363 1158 1412 quid
1180 1369 1336 1413 agerent
1354 1377 1422 1415 pa-

108 1428 217 1458 Terret
230 1428 294 1459 Ro·
305 1432 478 1462 rarentve
505 1433 804 1476 exspectaturus.
862 1428 934 1464 Sed
964 1427 1109 1464 nullum
1134 1441 1256 1477 neque
1281 1429 1427 1472 locum,

107 1480 234 1503 m²n⁰⁵⁸
305 1503 428 1539 neque
453 1495 602 1539 tempus
632 1492 866 1527 cunctationi
888 1491 1094 1527 consiliove
1114 1492 1216 1528 dedit
1235 1491 1422 1535 Mutines,

301 1561 558 1602 transgressus
593 1567 757 1595 amnem,
789 1569 832 1591 ac
865 1555 1093 1592 stationibus
1131 1556 1300 1592 hostium
1334 1569 1419 1593 cum

301 1618 448 1666 ingenti
482 1626 625 1654 terrore
655 1631 698 1653 ac
731 1619 897 1655 tumultu
931 1620 1112 1656 invectus.
1170 1620 1333 1656 Postero
1361 1622 1419 1657 die

298 1695 418 1734 prope
431 1681 540 1732 justo
560 1682 699 1732 proelio
716 1684 901 1734 compulit
920 1685 1072 1720 hostem
1088 1685 1189 1721 intra
1204 1685 1418 1723 munimen-

300 1753 361 1782 ta:
394 1748 481 1783 inde
510 1753 708 1784 revocatus
742 1749 927 1784 seditione
955 1749 1207 1785 Numidarum
1225 1751 1265 1785 in
1286 1752 1417 1787 castris

298 1810 414 1854 facta,
435 1824 550 1860 quum
570 1813 729 1848 trecenti
749 1812 867 1849 ferme
888 1826 1017 1849 eorum
1039 1812 1265 1850 Heracleam
1284 1814 1416 1851 Mino-

298 1888 359 1912 am
379 1878 670 1921 concessissent,
692 1878 739 1913 ad
765 1878 994 1926 mitigandos
1020 1878 1327 1928 revocandosque
1349 1892 1415 1916 eos

298 1941 506 1991 profectus,
524 1955 755 1993 magnopere
775 1944 967 1979 monuisse
988 1944 1100 1979 duces
1121 1944 1270 1988 dicitur,
1287 1958 1334 1981 ne
1350 1946 1417 1982 ab-

298 2014 404 2044 sente
429 2022 468 2044 se
498 2022 583 2045 cum
612 2011 723 2046 hoste
752 2023 886 2046 manus
916 2017 1169 2047 consererent.
1229 2011 1272 2047 Id
1302 2012 1415 2059 ambo

298 2084 397 2120 aegre
426 2073 525 2122 passi
558 2074 685 2115 duces,
712 2075 833 2122 magis
864 2073 1022 2116 Hanno,
1052 2073 1134 2123 jam
1164 2081 1252 2111 ante
1279 2076 1413 2112 anxius

298 2135 421 2184 gloria
446 2136 550 2187 ejus:
583 2139 764 2175 Mutinem
791 2140 855 2175 sibi
883 2141 1028 2175 modum
1046 2139 1188 2188 facere,
1211 2141 1417 2188 degenerem

297 2200 431 2249 Afrum
450 2203 664 2250 imperatori
684 2203 993 2251 Karthaginiensi,
1013 2205 1118 2240 misso
1137 2204 1181 2239 ab
1197 2210 1321 2240 senatu
1345 2218 1414 2253 po-

291 2266 461 2313 puloque.
526 2265 563 2301 Is
600 2267 765 2317 perpulit
806 2273 1049 2304 cunctantem
1089 2267 1311 2318 Epicydem,
1355 2275 1411 2312 ut,

295 2330 521 2380 transgressi
540 2331 694 2376 flumen,
714 2332 754 2368 in
774 2334 894 2369 aciem
913 2333 1061 2369 exirent
1079 2347 1087 2368 :
1118 2344 1206 2368 nam
1233 2333 1264 2372 si
1290 2331 1412 2369 Muti-
