1527 2661
119 259 210 291 U.C.
229 265 300 290 535.

119 304 159 333 A.
174 304 209 334 C.
227 308 301 337 217.

106 898 269 929 Hannibal

102 941 236 971 oculum

104 990 230 1015 amittit.

114 2044 265 2077 Flaminii

113 2099 179 2119 eos.
189 2087 316 2118 ferocia.

301 165 382 208 230
778 167 825 195 T.
849 166 982 197 mvn

313 255 397 297 mis,
428 260 493 290 aut
523 255 667 292 animos
702 268 766 306 spe
799 257 1061 302 sustinebant3
1101 255 1163 292 alii
1190 256 1289 293 fessa
1319 270 1416 307 aegre

313 319 504 355 trahentes
524 320 692 357 membra
707 337 717 366 3
750 321 827 364 alii,
855 322 919 357 ubi
945 321 1059 358 semel
1077 321 1184 357 victis
1205 321 1317 357 taedio
1337 323 1420 358 ani-

313 384 382 419 mis
412 383 713 432 procubuissent,
743 386 841 421 inter
862 385 1051 434 jumenta,
1082 392 1118 421 et
1147 386 1228 435 ipsa
1250 385 1421 435 jacentia

314 447 468 496 passim,
512 447 714 482 morientes
739 463 745 482 :
795 450 1031 496 maximeque
1078 449 1247 484 omnium
1284 448 1420 497 vigiliae

315 510 581 551 conficiebant,
602 523 667 559 per
687 512 925 559 quatriduum
947 510 1030 560 jam
1050 518 1087 546 et
1112 517 1186 547 tres
1209 517 1339 548 noctes
1359 519 1420 548 to-

314 574 455 610 leratae.
498 574 639 617 Quum,
661 575 788 611 omnia
806 574 1066 611 obtinentibus
1087 575 1206 622 aquis,
1226 575 1335 618 nihil,
1356 575 1421 612 ubi

313 637 353 673 in
383 638 483 673 sicco
512 638 611 674 fessa
643 644 853 674 sternerent
886 650 1058 687 corpora,
1092 638 1251 673 inveniri
1280 646 1422 688 posset,

315 700 512 736 cumulatis
543 702 580 736 in
611 715 724 750 aquas
756 702 910 737 sarcinis
944 702 1095 750 insuper
1124 701 1420 738 incumbebant:

307 762 571 813 jumentorum
590 766 724 801 itinere
743 773 827 801 toto
848 771 1122 815 prostratorum
1142 766 1280 814 passim
1300 767 1420 802 acervi

314 834 478 871 tantum,
495 830 595 878 quod
614 836 779 865 exstaret
798 842 907 878 aqua,
925 829 1176 877 quaerentibus
1198 829 1244 864 ad
1260 830 1425 878 quietem

317 893 421 940 parvi
456 894 638 942 temporis
674 894 925 928 necessarium
963 891 1084 928 cubile
1122 891 1272 927 dabant.
1336 892 1423 942 Ipse

317 954 527 998 Hannibal,
549 969 647 1005 aeger
667 956 786 992 oculis
813 969 858 992 ex
883 968 997 992 verna
1022 957 1185 1005 primum
1203 957 1425 1006 intemperie

317 1019 485 1054 variante
505 1019 647 1054 calores
673 1020 901 1067 frigoraque,
929 1019 1145 1067 elephanto,
1165 1020 1228 1068 qui
1248 1033 1342 1055 unus
1364 1033 1426 1056 su·

318 1082 522 1132 perfuerat,
544 1096 619 1131 quo
639 1082 749 1118 altius
770 1083 816 1119 ab
837 1096 934 1131 aqua
952 1090 1129 1126 exstaret,
1150 1090 1276 1119 vectus
1288 1101 1300 1129 3
1331 1086 1426 1133 vigi—

318 1145 376 1180 liis
410 1146 563 1181 tandem
592 1152 630 1181 et
658 1153 846 1182 nocturno
880 1147 1037 1181 humore
1066 1146 1298 1195 palustrique
1327 1148 1426 1184 coelo

320 1216 500 1257 gravante
520 1216 646 1259 caput,
668 1216 705 1245 et
724 1210 812 1258 quia
836 1210 1009 1245 medendi
1031 1223 1100 1246 nec
1119 1210 1223 1246 locus
1243 1224 1312 1247 uec
1331 1218 1429 1248 tem-

320 1285 388 1323 pus
409 1280 503 1315 erat,
522 1273 641 1309 altero
661 1273 772 1309 oculo
793 1274 950 1323 capitur.

374 1335 450 1372 Ill.
479 1335 612 1372 Multis
632 1336 850 1372 hominibus
871 1336 1131 1386 jumentisque
1149 1337 1249 1374 foede
1269 1341 1428 1382 amissis,

321 1412 436 1447 quum
456 1400 607 1435 tandem
635 1400 680 1435 de
700 1399 897 1449 paludibus
928 1400 1151 1442 emersisset,
1181 1401 1243 1436 ubi
1269 1403 1431 1451 primum

321 1464 361 1498 in
381 1464 483 1499 sicco
501 1464 640 1513 potuit,
659 1470 781 1499 castra
798 1463 918 1499 locat:
943 1470 1159 1512 certumque
1179 1478 1244 1513 per
1264 1468 1431 1514 praemis-

323 1538 383 1561 sos
404 1526 661 1576 exploratores
688 1526 835 1568 habuit,
863 1526 1067 1561 exercitum
1095 1526 1311 1563 Romanum
1333 1530 1432 1566 circa

323 1591 463 1626 Arretii
490 1591 631 1626 moenia
657 1603 762 1626 esse:
795 1589 960 1625 consulis
983 1590 1116 1625 deinde
1136 1592 1295 1627 consilia
1319 1600 1431 1641 atque

323 1654 503 1697 animuin,
535 1660 572 1689 et
602 1655 715 1689 situm
744 1655 955 1702 regionum,
982 1654 1206 1702 itineraque,
1236 1662 1273 1690 et
1303 1657 1430 1705 copias

325 1717 370 1753 ad
391 1724 621 1753 commeatus
642 1718 909 1768 expediendOS,
931 1723 968 1753 et
988 1724 1124 1760 cetera,
1145 1731 1228 1766 quae
1248 1731 1432 1767 cognosse

326 1782 363 1816 in
384 1793 461 1817 rem
482 1787 575 1824 erat,
598 1794 743 1817 summa
762 1781 889 1816 omnia
914 1793 998 1816 cum
1019 1793 1107 1817 cura
1126 1781 1349 1830 inquirendo
1369 1797 1434 1820 ex-

326 1845 563 1893 sequebatur.
619 1845 745 1893 Regio
764 1852 844 1881 erat
863 1846 901 1880 in
921 1845 1049 1894 primis
1069 1845 1189 1882 Italiae
1212 1846 1359 1890 fertilis,
1378 1848 1433 1884 E-

324 1909 441 1943 trusci
461 1909 597 1957 campi,
619 1909 682 1956 qui
701 1908 865 1944 Faesulas
886 1910 984 1943 inter
1009 1909 1274 1958 Arretiumque
1287 1909 1433 1960 jacent,

325 1971 507 2007 frumenti
537 1984 579 2006 ac
608 1972 754 2020 pecoris
785 1978 822 2007 et
851 1973 1019 2006 omnium
1050 1973 1159 2021 copia
1187 1986 1308 2009 rerum
1340 1987 1434 2024 opu—

327 2035 433 2072 lenti.
491 2034 634 2070 Consul
665 2034 771 2070 ferox
806 2035 852 2070 ab
886 2035 1084 2071 consulatu
1116 2037 1253 2086 priore,
1288 2045 1324 2073 et
1357 2051 1434 2076 non

328 2099 442 2136 modo
462 2098 587 2146 legum
607 2110 650 2133 ac
669 2097 825 2133 Patrum
856 2096 1077 2148 majestatis,
1104 2099 1168 2134 sed
1196 2112 1244 2135 ne
1263 2100 1435 2139 Deorum

327 2163 479 2213 quidem
505 2162 594 2197 satis
621 2168 804 2198 metuens.
860 2161 972 2198 Hauc
1002 2163 1153 2199 insitam
1178 2164 1332 2212 ingenio
1353 2165 1435 2216 ejus

328 2227 581 2264 temeritatem
616 2225 771 2261 fortuna
802 2239 983 2276 prospero
1015 2227 1183 2263 civilibus
1216 2228 1434 2278 bellicisque

330 2291 441 2328 rebus
461 2302 635 2327 successu
653 2289 807 2328 aluerat.
865 2291 998 2340 Itaque
1018 2292 1106 2328 satis
1126 2291 1343 2342 adparebat,
1364 2306 1432 2330 nec
