1527 2661
336 201 489 228 maiza
513 200 619 228 xx1.
653 199 758 227 CAP.
781 199 922 228 xxvi.
1103 187 1177 228 181

82 288 127 325 ad
145 295 290 338 tempus
311 287 655 336 commeatibusque
671 286 832 323 fluminis
852 293 890 322 et
908 287 1177 323 Brixianorum
1192 301 1234 332 u,
1248 302 1285 332 c,
1301 307 1374 333 ⁵³4.

83 351 279 387 Gallorum
305 350 460 393 auxilio,
480 351 651 386 adversus
672 355 901 385 crescentem
928 349 1063 385 indies
1084 350 1178 386 mul-
1191 344 1280 376 AC·
1296 351 1368 374 2¹³·

79 415 278 450 titudinem
296 414 476 456 hostium,
497 413 730 449 tutabantur.

133 476 285 513 XXVI.
314 477 390 516 Qui
412 475 593 511 tumultus
623 488 754 524 repens
784 481 983 525 postquam
1012 481 1069 511 est
1096 475 1183 512 Ro-

81 553 180 576 mam
216 540 394 591 perlatus,
432 546 470 575 et
494 539 679 575 Punicum
711 539 862 588 insuper
894 539 1041 575 Gallico
1077 539 1186 576 bellos>

81 611 232 640 auctum
268 603 398 640 Patres
441 609 684 652 acceperunt3
722 603 764 638 C.
784 603 943 638 Atilium
979 610 1183 652 praetorem:

79 679 164 702 cum
183 679 258 702 una
274 666 424 714 legione
442 665 618 701 Romana
637 671 674 700 et
693 666 856 713 quinque
871 665 1036 702 millibus
1055 667 1184 703 socio·-

78 742 174 772 rum,
197 728 342 765 delectu
369 740 471 763 novo
499 740 522 763 a
550 727 702 762 consule
731 728 966 776 conscriptis,
997 729 1181 765 auxilium

76 792 175 828 ferre
192 791 354 828 Manliov
361 790 523 840 jubent:
556 791 619 838 qui
639 791 719 825 sine
749 790 825 826 ullo
845 792 1050 828 certamine
1072 791 1176 839 (abs-

78 861 266 891 cesserant
303 855 403 890 enim
439 861 541 888 metu
572 853 718 901 hostes)
760 854 947 890 Tanetum
993 857 1176 903 pervenit.

76 919 129 955 Et
156 919 199 955 P.
229 917 441 960 Cornelius,
471 917 509 952 in
546 917 669 952 locum
700 916 794 967 ejus,
824 919 1055 966 quaermissa
1091 932 1175 956 cum
1189 927 1222 957 P.
1239 927 1361 957 Corne·

75 988 236 1033 praetore
261 981 396 1023 fuerat,
417 981 643 1030 transcripta
670 980 820 1028 legione
846 993 958 1024 nova,
984 982 1175 1031 profectus
1188 969 1383 1041 ἓὲξιοὲῗέεςε

65 1046 123 1082 ¹ab
161 1045 252 1081 urbe
287 1045 483 1093 sexaginta
524 1044 647 1092 longis
692 1044 864 1087 navibus,
900 1052 1036 1093 praeter
1071 1059 1175 1083 oram
1189 1055 1330 1092 pervenit

76 1109 238 1144 Etruriae
262 1108 534 1155 Ligurumque,
556 1114 593 1141 et
622 1107 707 1142 inde
728 1106 880 1155 Salyum
909 1115 1070 1152 montes,
1091 1122 1174 1159 per·
1190 1096 1377 1126 Massiliam

75 1172 180 1207 venit
199 1170 424 1212 Massiliam,
451 1178 488 1205 et
516 1170 561 1204 ad
589 1170 802 1218 proximum
830 1171 968 1205 ostium
997 1171 1175 1210 Rhodani

78 1233 262 1284 (pluribus
293 1233 391 1268 enim
412 1232 548 1267 divisus
578 1232 698 1267 amnis
727 1233 766 1267 in
790 1244 899 1267 mare.
912 1234 1091 1282 decurrit)
1114 1248 1175 1271 ca-

76 1303 153 1333 stra
179 1295 305 1332 locat:
337 1296 489 1330 vixdum
518 1295 607 1330 satis
635 1295 801 1337 credens,
827 1295 1084 1333 Hannibalem
1115 1311 1175 1335 su-

73 1372 222 1412 perasse
258 1359 457 1408 Pyrenaeos
491 1364 662 1393 montes:
694 1370 804 1406 quem
841 1365 882 1394 ut
918 1361 962 1396 de
997 1360 1175 1398 Rhodani

77 1436 226 1474 qnoque
243 1422 405 1458 transitu
421 1422 565 1469 agitare
584 1422 860 1464 animadvertit,
883 1423 1060 1466 incertus,
1082 1438 1176 1475 quo-

77 1500 165 1524 nam
191 1487 224 1521 ei
253 1485 338 1521 loco
368 1484 600 1527 obem-reret,
629 1485 789 1519 necdum
821 1486 911 1520 satis
945 1486 1094 1523 refectis
1128 1489 1175 1525 ab

71 1550 282 1600 jactat-ione
301 1549 490 1584 maritima
508 1547 704 1590 militibus,
725 1554 913 1584 trecentos
941 1550 1092 1587 interim
1112 1552 1177 1588 de—

76 1613 194 1649 lectos
225 1612 382 1660 equites,
403 1611 558 1646 ducibus
587 1610 888 1647 Massiliensibus
918 1618 955 1647 et
984 1614 1175 1651 auxiliari-

76 1676 146 1712 bus
175 1674 308 1716 Gallis,
347 1674 391 1709 ad
430 1673 659 1722 exploranda
687 1674 814 1709 omnia
846 1675 1093 1724 visendosque
1129 1690 1173 1713 ex
1218 1693 1221 1696 ’

76 1744 161 1773 tuto
179 1737 306 1772 hostes
332 1736 539 1784 praemittit.
595 1734 805 1777 Hannibal,
827 1737 958 1772 ceteris
987 1746 1088 1774 metu
1109 1749 1173 1776 aut
1188 1748 1348 1777 Hannibal

77 1802 198 1850 pretio
217 1800 373 1848 pacatis,
388 1798 469 1847 jam
495 1799 533 1832 in
552 1798 756 1834 Volcarum
778 1807 997 1847 pervenerat
1027 1814 1172 1850 agrum,
1186 1790 1370 1862 ffisshfflffi

77 1864 198 1912 gentis
215 1862 359 1897 validae.
416 1861 557 1896 Colunt
576 1868 701 1896 autem
722 1863 821 1896 circa
838 1870 1035 1911 utramque
1055 1866 1174 1914 ripam
1272 1854 1278 1861 ⁸

74 1926 274 1962 Rhodani:
307 1925 384 1966 sed,
411 1925 519 1960 diffisi
549 1925 722 1959 citeriore
750 1937 841 1972 agro
871 1927 987 1961 arceri
1013 1927 1175 1964 Poenum

75 2001 200 2038 posse,
221 1995 263 2023 ut
280 1987 419 2023 flumen
434 1999 501 2035 pro
522 1988 755 2023 munimento
782 1988 978 2030 haberent,
1000 1991 1174 2026 omnibus

74 2052 193 2088 ferme
229 2052 305 2086 suis
341 2058 442 2085 trans
472 2050 700 2085 Rhodanum
738 2049 920 2098 trajectis,
959 2052 1174 2089 ulteriorem

75 2115 195 2164 ripam
233 2114 352 2149 amnis
386 2114 496 2149 armis
534 2114 770 2149 obtinebant.
829 2115 984 2150 Ceteros
1025 2117 1172 2153 adcolas

76 2178 239 2214 fluminis
269 2177 478 2219 Hannibal,
512 2184 550 2213 et
582 2190 710 2212 eorum
747 2179 914 2226 ipsorum
943 2191 1036 2226 qnos
1071 2182 1174 2216 sedes

77 2246 290 2283 tenuerant,
320 2239 430 2275 simul
465 2239 612 2288 perlicit
641 2240 746 2276 donis
781 2241 827 2275 ad
863 2253 974 2276 naves
1015 2243 1176 2290 undique

80 2303 352 2340 contrahendas
381 2302 714 2351 fabricandasque:
750 2304 862 2340 simul
889 2312 926 2339 et
954 2306 1021 2354 ipsi
1052 2302 1175 2353 trajici
