1527 2661
366 192 521 221 LIBER
546 192 704 220 xxnl.
737 191 843 220 CAP.
867 192 962 220 xll-
1134 190 1218 236 317

102 291 149 316 w
167 281 300 317 duobus
311 282 473 317 saucium
488 281 658 323 alterum,
675 281 830 316 alterum
850 285 924 316 toto
939 282 1094 316 exercitu
1109 283 1218 316 amis·
1232 293 1275 322 u,
1291 292 1328 322 c,
1345 296 1419 323 536.

105 355 158 386 sa,
177 344 236 379 vix
260 355 341 379 cum
357 345 620 392 quinquaginta
644 343 841 380 hominibus
859 344 1032 392 effugisse.
1078 344 1219 391 Magis-
1232 336 1272 366 Α·
1288 335 1324 365 C·
1342 339 1417 365 ²¹⁶·

109 411 203 442 trum
222 407 393 454 equitum,
414 419 490 454 quae
508 407 702 443 consularis
715 411 876 455 potestas
892 408 952 449 sit,
963 405 1092 454 fusum
1101 406 1221 455 fuga-

109 475 277 518 tumque:
305 471 529 513 dictatorem,
549 473 634 518 quia
656 484 692 507 se
716 473 754 507 in
778 472 889 507 aciem
914 483 1107 518 numquam
1127 483 1222 507 com-

107 535 256 577 miserit,
276 535 419 570 unicum
437 534 557 570 haberi
576 536 839 582 imperatorem.
887 535 1049 570 Bruttios
1066 535 1223 582 Apulos·

109 609 188 644 que,
205 599 344 645 partim
359 597 576 635 Samnitium
592 611 635 634 ac
649 599 879 635 Lucanorum
895 597 1061 646 defecisse
1079 599 1128 634 ad
1143 599 1225 635 1³ae-

107 673 183 697 nos.
232 661 408 710 Capuam,
431 664 523 710 quod
543 667 667 710 caput,
693 674 765 698 non
787 662 995 710 Campaniae
1013 663 1131 706 modo,
1151 664 1225 706 sed,

105 730 188 773 post
213 726 394 775 adflictam
420 737 494 761 rem
523 726 726 762 Romanam
748 726 924 762 Cannensi
946 738 1085 774 pugna,
1108 727 1228 763 Italiae

104 790 165 831 sit,
178 789 377 826 Hannibali
387 802 424 826 se
439 791 637 826 tradidisse.
680 790 756 826 Pro
776 790 829 826 his
848 792 959 826 tantis
980 795 1099 838 totque
1113 792 1225 827 victo-

108 853 186 894 riis,
199 864 318 889 verum
334 865 417 896 esse,
431 858 552 901 grates
566 854 658 889 Deis
673 853 921 889 inmortalibus
932 855 993 900 agi
1006 853 1207 902 haberique.

165 914 261 953 XII.
290 917 353 953 Ad
371 917 482 953 fidem
502 917 637 953 deinde
656 923 734 953 tam
754 916 925 953 laetarum
944 929 1004 953 rei
1008 930 1083 960 um,
1105 917 1224 953 effun-
1238 928 1361 960 Amuli
1379 938 1438 959 au-

111 979 177 1016 di
168 992 208 1015 m
226 979 414 1017 vestibulo
435 981 545 1017 curiae
560 979 677 1030 jussit
696 980 857 1017 annulos
885 992 1033 1023 aureos,
1055 981 1118 1030 qui
1139 986 1223 1017 tan·
1238 972 1443 1046 ffi2223ffi¹

110 1051 172 1081 tus
192 1058 344 1082 acervus
364 1045 451 1089 fuit,
472 1053 528 1089 ut,
543 1046 787 1082 metientibus
804 1046 999 1082 dimidium
1018 1057 1130 1095 super
1149 1050 1224 1081 tres

113 1109 260 1146 modios
278 1109 460 1159 explesse,
478 1110 554 1146 sint
569 1111 720 1159 quidam
739 1117 925 1147 auctores,
954 1110 1072 1146 Fama
1087 1111 1225 1153 tenuit,

114 1187 197 1221 quae
216 1174 372 1223 propior
390 1187 480 1210 vero
501 1181 572 1218 est,
592 1176 693 1211 haud
713 1175 796 1225 plus
815 1175 932 1211 fuisse
951 1174 1093 1211 modio.
1149 1174 1230 1210 Ad·

106 1236 204 1287 jecit
219 1237 353 1274 deinde
365 1237 503 1282 verbis,
520 1252 596 1287 quo
611 1238 767 1289 majoris
785 1240 900 1276 cladis
918 1239 1100 1274 indicium
1117 1244 1229 1281 esset,

115 1301 319 1344 neminem,
346 1302 420 1338 nisi
447 1303 629 1351 equitem,
657 1310 772 1352 atque
799 1317 931 1340 eorum
957 1304 1126 1353 ipsorum
1153 1302 1230 1351 pri·

114 1377 253 1408 mores,
267 1365 304 1402 id
320 1378 450 1415 gerere
466 1367 628 1415 insigne.
676 1368 831 1404 Summa
845 1367 918 1403 fuit
931 1367 1131 1409 orationis,
1151 1367 1230 1408 Quo

110 1432 262 1479 propius
287 1443 384 1479 spem
402 1432 486 1468 belli
511 1433 721 1481 perficiendi
748 1435 810 1476 sit,
841 1444 880 1468 eo
906 1433 1020 1479 magis
1045 1433 1142 1467 omni
1166 1444 1232 1480 ope

106 1492 313 1540 juvandum
331 1495 575 1532 Hannibalem
594 1508 665 1533 esse
676 1514 689 1533 .·
713 1498 845 1545 procul
863 1498 957 1532 enim
976 1496 1021 1530 ab
1040 1496 1145 1531 domo
1163 1497 1231 1531 mi-

118 1558 236 1594 litiam
255 1570 338 1601 esse,
359 1560 396 1594 in
414 1561 532 1595 media
553 1559 706 1596 hostium
727 1566 824 1596 terra
837 1576 849 1597 .·
877 1571 1044 1606 magnam
1059 1560 1131 1594 vim
1139 1557 1231 1607 fru-

117 1623 243 1665 menti,
260 1623 432 1669 pecuniae,
453 1623 614 1659 absumi:
642 1628 676 1659 et
696 1628 747 1659 tot
771 1625 875 1666 acies,
896 1627 936 1658 ut
962 1622 1115 1657 hostium
1134 1634 1232 1657 exer-

119 1686 208 1721 citus
227 1687 368 1728 delesse,
388 1688 442 1722 ita
460 1688 603 1722 victoris
627 1689 737 1723 etiam
756 1689 875 1734 copias
890 1691 998 1734 parte
1016 1687 1140 1733 aliqua
1164 1687 1232 1720 mi-

118 1750 246 1785 nuisse.
302 1738 524 1786 AWittendum
544 1752 655 1797 igitur
678 1751 964 1798 supplementum
983 1761 1067 1791 esse,
1088 1750 1233 1784 mitten-

120 1814 205 1850 dam
232 1816 268 1848 in
291 1815 506 1860 stipendium
530 1816 718 1861 pecuniam
733 1814 1032 1863 frumentumque
1058 1818 1132 1849 tam
1151 1813 1235 1848 bene

119 1877 255 1912 meritis
280 1877 323 1912 cle
347 1879 489 1913 nomine
515 1878 654 1914 Punico
682 1878 865 1913 militibus.
913 1875 1127 1912 Secundum
1151 1876 1233 1912 haec
1248 1884 1383 1915 Hanno-

119 1939 223 1976 dicta
239 1939 420 1988 Magonis
447 1940 543 1976 laetis
563 1940 753 1983 omnibus,
775 1939 959 1982 Himilco,
982 1941 1036 1975 vir
1054 1939 1232 1975 factionis
1245 1929 1429 2009 ἓξεᾚᾶἰῐῃΗί-

120 2003 308 2046 Baicinae,
322 2003 447 2040 locum
460 2004 663 2041 Hannonis
677 2004 895 2054 increpandi
911 2016 991 2039 esse
1005 2010 1121 2046 ratus,
1138 2004 1235 2044 Quid
1247 2013 1357 2044 mileo

120 2072 184 2110 est,
206 2068 358 2103 Hanno.
355 2069 373 2095 9
400 2068 542 2116 inquit:
575 2070 683 2104 etiam
701 2081 796 2104 nunc
809 2069 959 2116 paenitet
979 2067 1060 2102 belli
1080 2068 1234 2115 suscepti

119 2132 284 2167 adversus
313 2130 530 2166 Romanos?
557 2131 649 2168 Jube
679 2132 760 2167 dedi
785 2130 1052 2166 Hannibalem:
1085 2135 1165 2165 veta
1196 2132 1233 2165 in

123 2197 195 2228 tam
218 2195 398 2241 prosperis
424 2194 522 2229 rebus
537 2199 658 2241 grates
677 2194 764 2229 Diis
789 2193 1036 2229 inmortalibus
1055 2193 1140 2238 agi:
1168 2204 1234 2227 au-

121 2257 261 2292 diamus
273 2257 472 2293 Romanum
485 2262 681 2293 senatorem
698 2259 733 2292 in
747 2257 1106 2304 Karthaginiensium
1123 2256 1234 2291 curia.

121 2318 219 2356 Tum
247 2319 412 2356 Hanno:
452 2321 651 2357 Tacuissem
677 2320 793 2363 hodie,
815 2321 945 2357 Patres
971 2319 1172 2366 conscripti,
1193 2330 1235 2354 ne

645 2383 674 2419 Ρ
693 2384 716 2419 3
