1527 2661
144 275 234 305 ΠΟ.
253 282 325 306 535.

144 319 182 348 Δ.
197 318 233 348 C.
251 326 324 350 214.

141 643 294 682 Epicydes

139 693 171 717 et
187 687 308 726 Hippo-

141 736 241 760 crates

139 778 286 811 praetores

141 815 162 844 fi
169 823 236 846 unt.

140 2242 259 2272 Turbae

141 2286 315 2325 Syracusis.

337 167 423 215 404
797 175 840 203 T.
868 174 1000 203 mvn

338 263 438 313 quod
468 263 562 299 adeo
588 262 808 299 festinatum
839 263 885 299 ad
915 262 1156 313 supplicium,
1189 275 1311 312 neque
1343 261 1449 300 locus

337 328 562 378 poenitendi,
580 334 645 363 aut
661 339 849 375 regressus
868 327 915 363 ab
931 328 985 362 ira
1001 326 1153 363 relictus
1170 333 1267 363 esset
1283 342 1290 363 :
1322 328 1450 377 itaque
1495 348 1497 350 ·

336 391 496 428 fremere
513 391 729 433 multitudo,
748 397 784 426 et
800 392 838 426 in
858 391 984 427 locum
999 392 1267 428 Andranodori
1283 404 1326 428 ac
1346 391 1449 428 The·
1498 394 1499 397 ’

337 457 438 492 misti
458 458 561 503 (nam
583 455 697 492 ambo
718 462 897 504 praetores
913 455 1080 503 fueraut)
1097 457 1252 492 comitia
1270 468 1445 506 poscere:

337 533 419 568 quae
446 531 685 568 nequaquam
716 531 762 554 ex
792 520 980 555 sententia
1011 526 1215 570 praetorum
1237 519 1366 556 futura
1394 531 1453 555 es-

337 590 433 620 sent.

391 647 567 685 XXVII.
598 649 770 684 Statutus
801 654 858 684 est
889 648 1053 684 comitiis
1084 648 1185 685 dies:
1218 661 1308 697 quo,
1337 659 1454 684 neco-

337 712 556 763 pinantibus
578 712 768 756 omnibus,
790 726 837 748 un
846 725 885 748 us
903 726 948 749 ex
968 712 1102 748 ultima
1116 712 1228 749 turba
1244 712 1452 763 Epicydem

335 778 561 821 nominavit,
581 785 663 814 tum
683 778 769 814 inde
796 778 890 814 alius
913 777 1212 827 Hippocratem:
1244 776 1452 812 crebriores

335 842 471 878 deinde
500 855 553 878 eae
573 855 698 885 voces,
721 849 758 878 et
787 855 872 878 cum
897 842 998 878 haud
1019 840 1135 877 dubio
1161 841 1321 877 adsensu
1353 839 1452 876 mul-

334 907 507 943 titudinis
529 919 621 943 esse.
677 907 730 942 Et
750 912 830 942 erat
846 905 1005 942 confusa
1023 905 1174 947 concio,
1190 916 1268 940 non
1289 903 1450 954 popula·
1498 912 1499 917 ¹

332 970 364 1006 ri
384 970 513 1012 modo,
535 970 600 1005 sed
619 969 772 1005 militari
793 982 944 1018 quoque
970 967 1097 1010 turba,
1118 979 1257 1015 magna
1277 980 1323 1003 ex
1343 973 1451 1018 parte

333 1034 446 1070 etiarn
478 1033 660 1084 perfugiS,
688 1034 751 1082 qui
785 1034 915 1069 omnia
946 1044 1086 1068 novare
1120 1031 1338 1082 cupiebant,
1365 1043 1451 1082 per-

333 1098 474 1134 mixtis.
531 1098 718 1133 Praetores
739 1097 974 1133 dissimulare
993 1097 1131 1146 primo,
1149 1102 1188 1132 et
1206 1095 1392 1132 trahenda
1411 1107 1453 1132 re
1496 1103 1503 1109 ²

334 1173 438 1197 esse:
471 1167 665 1212 postremo
685 1162 776 1197 vieti
796 1173 998 1204 consensu,
1019 1167 1057 1196 et
1083 1160 1307 1197 seditionem
1328 1166 1453 1196 metu-

335 1232 456 1269 enteS,
487 1226 743 1276 pronunciant
780 1239 843 1263 eos
882 1233 1075 1276 praetores.
1131 1225 1217 1261 Nec
1245 1224 1299 1260 illi
1328 1224 1452 1274 primo

334 1289 462 1325 statim
483 1290 599 1325 creati
619 1290 775 1333 nudare,
797 1290 886 1338 quid
907 1289 1069 1326 vellent.-
1102 1300 1329 1338 quamquam
1351 1298 1449 1337 aegre

334 1351 522 1396 ferebant,
544 1360 581 1389 et
597 1354 642 1389 de
663 1353 819 1390 induciis
841 1354 984 1390 dierum
1000 1353 1128 1389 decem
1148 1352 1294 1401 legatos
1311 1352 1384 1387 isse
1404 1350 1452 1387 ad

334 1417 408 1466 Ap.
422 1416 637 1460 Claudium,
658 1424 710 1459 et,
730 1417 928 1467 inpetratis
949 1418 1016 1459 eis,
1039 1416 1147 1458 alios,
1165 1416 1228 1465 qui
1245 1415 1290 1451 de
1308 1414 1452 1451 foedere

335 1480 493 1528 antiquo
522 1482 740 1516 renovando
770 1487 940 1529 agerent,
972 1481 1118 1516 missos.
1174 1480 1235 1515 Ad
1263 1478 1451 1527 Murgan-

336 1543 429 1578 tiam
456 1550 536 1579 tum
559 1543 717 1579 classem
746 1545 901 1579 navium
923 1550 1075 1579 centum
1104 1542 1302 1578 Romanus
1332 1542 1450 1578 habe-

335 1606 416 1650 bat,
438 1620 603 1655 quonam
631 1608 833 1643 evaderent
859 1613 984 1643 motus
1012 1620 1058 1642 ex
1078 1606 1241 1642 caedibus
1268 1612 1451 1655 tyranno-

337 1683 420 1706 rum
440 1672 512 1706 orti
537 1672 744 1720 SyracusiS,
762 1684 884 1720 quove
904 1684 968 1707 eos
989 1677 1118 1719 ageret
1139 1683 1239 1706 nova
1258 1677 1371 1719 atque
1390 1670 1449 1706 in-

337 1733 451 1770 solita
475 1734 644 1777 libertas,
680 1736 892 1785 opperiens.
949 1734 1023 1770 Per
1053 1734 1204 1770 eosdem
1235 1733 1312 1769 dies
1337 1746 1454 1783 quum

337 1798 383 1834 ad
404 1798 643 1840 Marcellum,
664 1799 876 1834 venientem
894 1800 932 1834 in
954 1798 1134 1841 Siciliam,
1152 1798 1267 1846 legati
1289 1797 1449 1846 Syracu-

337 1862 416 1897 sani
453 1862 557 1897 missi
594 1862 641 1898 ab
662 1863 788 1912 Appio
823 1869 962 1904 essent,
997 1862 1134 1897 auditis
1169 1860 1450 1897 conditionibus

336 1926 454 1974 pacis,
475 1925 694 1967 RIarcellus,
716 1938 826 1975 posse
850 1938 928 1961 rem
949 1925 1150 1961 convenire
1170 1931 1287 1967 ratus,
1310 1931 1347 1960 et
1373 1925 1452 1974 ipse

335 1988 483 2037 legatos
506 1990 724 2038 Syracusas,
746 1991 808 2039 qui
830 2003 957 2026 coram
978 2003 1062 2025 cum
1082 1988 1307 2040 praetoribus
1328 1989 1373 2024 de
1392 2001 1450 2024 re—

334 2054 512 2089 novando
533 2054 674 2090 foedere
701 2062 870 2102 agerent,
893 2055 1006 2090 misit.
1064 2054 1115 2090 Et
1127 2053 1210 2103 jam
1230 2053 1282 2089 ibi
1309 2065 1452 2101 nequa-

335 2129 448 2165 quam
479 2117 608 2153 eadem
636 2118 740 2166 quies
772 2125 809 2153 et
834 2117 1087 2166 tranquillitas
1116 2124 1218 2153 erat:
1251 2124 1454 2166 postquam

337 2179 521 2216 Punicam
541 2180 698 2216 classem
719 2182 919 2217 accessisse
939 2182 1162 2230 Pachynum
1193 2179 1359 2216 adlatum
1380 2186 1451 2223 est,

338 2244 466 2280 demto
493 2245 628 2280 timore
655 2245 911 2295 Hippocrates
939 2253 976 2281 et
1001 2245 1204 2295 Epicydes,
1225 2257 1326 2280 nunc
1353 2245 1451 2294 apud

337 2310 587 2346 mercenarios
626 2309 778 2354 milites,
816 2323 916 2347 nune
946 2310 1044 2361 apud
1083 2309 1311 2358 transfugas,
1342 2308 1449 2360 prodi

1525 577 1527 591 Α
1522 510 1527 534 ..κ
1517 319 1527 470 -a-m-n
1516 241 1527 279 τε
