1527 2661
22 127 28 288 Ξ
433 188 589 221 mmm
612 189 733 218 xxv.
766 188 858 218 cAP
882 189 953 218 v1.
1164 190 1247 233 443

21 286 26 317 'f

20 325 23 347 1

134 282 194 320 ubi
203 283 288 331 plus
299 282 556 331 quinquaginta
570 279 688 316 millia
705 278 885 315 hominum
900 279 1135 316 ceciderunt?
1151 281 1246 319 unde

134 347 255 388 consul
272 359 351 383 cum
366 345 540 394 equitibus
552 345 780 394 septuaginta
788 343 897 392 fugit
909 344 931 379 9
957 345 1051 380 unde
1067 357 1170 382 nemo
1186 358 1247 383 su-

128 415 261 460 perest,
281 411 351 447 nisi
369 422 471 459 quem
490 408 597 446 hostis
615 406 905 457 caedendofessus
922 408 1103 456 reliquit?
1131 409 1250 451 Quum

133 476 285 524 captivis
302 475 472 511 redemtio
496 473 706 522 negabatur,
728 484 789 509 nos
812 473 919 520 vulgo
938 472 1094 509 homines
1119 474 1248 511 lauda-

131 539 231 584 bant,
252 541 347 589 quod
365 540 567 589 reipublica,>
585 551 647 575 nos
664 549 959 575 reservassemus:
986 539 1080 586 quod
1098 540 1147 575 ad
1165 552 1248 576 con-

130 605 245 641 sulem
269 604 457 641 Venusiam
485 604 705 645 redissemus,
726 607 762 638 et
787 602 938 650 speciem
957 600 1052 648 justi
1075 605 1248 642 exercitus

119 668 343 718 fecissemus.
400 668 508 705 Nunc
536 668 710 704 deteriore
737 667 940 703 conditione
973 678 1104 711 sumus,
1139 682 1247 718 quam

130 733 231 781 apud
247 737 370 780 patres
386 736 523 768 nostros
536 731 693 780 fuerant
712 731 869 779 captivi:
897 732 1028 779 quippe
1044 732 1119 768 illis
1142 746 1248 771 arma

132 801 274 833 tantum
292 801 399 845 atque
418 797 505 832 ordo
519 796 714 837 militandi,
732 796 906 843 locusque,
927 795 964 830 in
980 807 1048 843 quo
1065 798 1248 836 tenderent

131 862 168 897 in
188 862 325 903 castris,
346 864 398 896 est
421 864 606 895 mutatus:
634 871 711 907 qua>
736 863 868 901 tamen,
888 859 995 894 semel
1011 866 1146 898 navata
1174 865 1247 899 rei-

126 925 279 976 publicae
298 937 420 973 opera,
441 929 475 960 et
493 936 564 960 uno
572 922 682 972 felici
696 923 838 971 proelio,
858 931 1125 972 recuperarunt.
1170 927 1246 964 Ne·

129 1002 189 1026 mo
207 1001 329 1026 eorum
350 989 528 1038 relegatus
553 990 590 1024 in
607 988 768 1024 exsilium
786 992 862 1025 est:
889 990 1023 1025 nemini
1046 1002 1124 1039 spes
1152 1004 1245 1029 eme-

129 1056 234 1091 rendi
257 1054 437 1103 stipendia
457 1054 626 1090 ademta:
655 1053 763 1089 hostis
782 1053 932 1101 denique
956 1058 1009 1090 est
1027 1055 1144 1099 datus,
1165 1069 1246 1094 cum

131 1130 200 1168 quo
219 1120 439 1160 dimicantes,
460 1122 524 1153 aut
543 1119 656 1153 vitam
681 1117 802 1160 semel,
823 1122 888 1153 aut
907 1119 1139 1165 ignominiam
1151 1121 1246 1170 fini-

131 1187 223 1219 rent.
271 1182 359 1224 Nos,
380 1181 504 1230 quibus
525 1183 609 1228 (nisi
628 1181 722 1229 quod
736 1183 984 1226 commisimus,
1004 1187 1046 1219 ut
1059 1185 1247 1233 quisquam

129 1260 171 1283 ex
192 1246 366 1283 Cannensi
383 1248 461 1283 acie
478 1246 578 1282 miles
596 1246 783 1282 Romanus
804 1247 1014 1294 superesset)
1033 1248 1125 1285 nihil
1143 1249 1246 1297 objici

125 1315 258 1359 potest,
272 1322 342 1346 non
355 1311 470 1346 solum
485 1321 509 1345 a
521 1311 645 1358 patria
659 1310 789 1357 procul
805 1309 998 1358 Italiaque,
1013 1313 1076 1349 sed
1089 1312 1132 1350 ab
1146 1314 1246 1352 hoste

128 1379 251 1420 etiam,
268 1378 418 1425 relegati
431 1389 574 1413 sumus:
602 1377 662 1412 ubi
674 1388 892 1412 senescamus
906 1378 944 1411 in
959 1378 1158 1423 exsilio,‚ne
1173 1391 1244 1426 qua

126 1453 216 1489 spes,
236 1452 281 1477 ne
299 1453 370 1489 qua
388 1441 525 1476 occasio
552 1439 731 1476 abolendae
759 1441 973 1487 iguominiae,
999 1452 1043 1476 ne
1062 1453 1133 1489 qua
1157 1444 1242 1489 pla-

126 1505 249 1542 candae
276 1506 405 1541 civium
433 1506 508 1547 iroe,
535 1516 578 1539 ne
604 1516 674 1551 qua
698 1504 848 1552 (lenique
873 1503 956 1539 bene
983 1506 1158 1541 moriendi
1183 1508 1242 1543 sit.

127 1570 253 1618 Neque
267 1570 469 1617 ignominiae
475 1568 603 1618 finem,
620 1579 683 1603 nec
696 1569 839 1604 virtutis
853 1570 1042 1616 praemium
1057 1571 1213 1617 petimus
1227 1588 1240 1615 ,-

127 1636 232 1671 modo
249 1635 404 1682 experiri
417 1635 589 1675 animum,
611 1638 645 1668 et
663 1634 830 1668 virtutem
849 1645 1006 1668 exercere
1021 1634 1153 1672 liceat:
1185 1637 1240 1672 la-

127 1700 245 1736 borem
260 1703 295 1735 et
310 1698 509 1747 periculum
524 1699 694 1745 petimus,
713 1702 754 1733 ut
768 1699 938 1740 virorum,
955 1702 996 1733 ut
1009 1699 1163 1735 militum
1183 1699 1241 1749 of-

114 1764 204 1813 flcio
213 1761 428 1811 fungamur.
472 1761 617 1797 Bellum
635 1762 671 1796 in
690 1760 818 1796 Sicilia
827 1759 909 1806 jam
928 1755 1084 1798 alterum
1105 1775 1240 1800 annum

126 1829 262 1875 ingenti
289 1826 516 1862 dimicatione
531 1827 696 1873 geritur:
724 1824 826 1860 urbes
853 1825 946 1860 alias
973 1825 1115 1869 Poenus,
1146 1829 1240 1865 alias

127 1892 309 1928 Romanus
344 1895 547 1939 expugnat:
570 1890 748 1938 peditum,
782 1892 940 1937 equitum
969 1892 1062 1926 acies
1090 1904 1238 1929 concur-

123 1959 232 1991 runt:
261 1955 310 1990 ad
329 1954 525 2001 Syracusas
544 1958 641 1989 terra
658 1954 821 2001 marique
838 1965 894 1989 res
908 1955 1049 2001 geritur
1061 1970 1073 1991 .·
1102 1956 1237 1992 clamo-

122 2032 197 2055 rem
213 2021 452 2067 pugnantium
478 2020 719 2066 crepitumque
742 2030 924 2055 armorum
946 2019 1156 2056 exaudimus
1179 2033 1238 2057 re-

119 2084 212 2119 sides
232 2084 299 2130 ipsi
317 2095 360 2118 ac
377 2094 508 2129 segnes,
531 2087 714 2130 tamquam
731 2094 795 2118 nec
813 2094 951 2125 manus,
972 2094 1035 2119 nec
1048 2095 1152 2119 arma
1171 2084 1237 2120 ha·

121 2148 274 2184 beamus.
331 2147 523 2182 Servorum
560 2146 752 2194 legionibus
784 2147 837 2182 Ti.
851 2145 1083 2194 Sempronius
1115 2149 1238 2185 consul

123 2214 226 2248 toties
235 2210 316 2258 jam
343 2224 421 2247 cum
445 2211 542 2246 hoste
566 2212 676 2258 signis
693 2211 844 2247 conlatis
864 2212 1055 2259 pugnavit.
1114 2213 1238 2260 Operae

118 2278 275 2325 pretium
311 2275 451 2318 habent,
487 2275 684 2312 libertatem
714 2277 976 2325 civitatemque.
1025 2276 1101 2311 Pro
1130 2279 1238 2313 servis

122 2342 249 2377 saltem
268 2342 317 2377 ad
339 2340 403 2377 hoc
422 2341 550 2377 bellum
569 2342 672 2377 emtis
698 2340 793 2377 vobis
810 2342 919 2378 simus
931 2358 943 2376 .·
973 2342 1137 2389 congredi
1156 2354 1236 2379 cum

634 2403 715 2440 Ufi

1259 284 1303 316 U.
1316 284 1355 316 C.
1371 291 1447 315 ⁵40.

1259 330 1299 360 A.
1316 328 1352 361 C.
1369 335 1444 360 212.
