1527 2661
127 294 217 324 U-C-
238 300 298 325 538

125 337 167 367 A.
181 337 218 367 C.
236 345 254 369 2

104 2036 277 2075 Syracusas

103 2087 267 2119 occupant

103 2122 282 2162 Hippocra-

102 2172 149 2195 tes
165 2173 196 2195 et
214 2166 288 2206 Epi-

101 2210 208 2247 cydes.

261 344 310 369 14.

322 202 408 241 410
763 204 809 232 Τ.
834 204 970 233 mvn

304 297 460 341 .tusque
491 292 527 328 in
549 291 803 341 Syracusanos
830 293 968 331 milites
989 293 1155 332 fiebant:
1187 307 1257 331 nec
1285 294 1333 332 ab
1353 295 1431 333 ullo

321 362 573 407 temperatum
602 357 715 400 foret,
746 358 786 393 ni
815 358 1001 408 Epicydes
1029 365 1142 408 atque
1175 359 1432 410 Hippocrates

318 421 384 456 irae
406 421 657 456 multitudinis
679 420 828 458 obviam
855 422 995 458 issent:
1028 436 1105 459 non
1125 436 1148 460 a
1173 423 1433 460 misericordia

317 492 384 521 aut
412 486 579 521 humano
597 485 771 528 consilio,
793 486 857 522 sed
875 499 923 522 ne
943 499 1047 536 spem
1077 488 1217 525 reditus
1248 488 1430 539 praecide-

316 555 401 585 rent
421 549 507 592 sibi,
525 557 563 585 et
583 563 697 598 quum
717 550 818 600 ipsos
832 549 943 586 simul
962 550 1100 586 milites
1118 550 1212 588 fidos
1227 551 1428 595 haberent,

317 613 429 650 simul
459 613 633 659 obsides;
666 620 747 650 tum
773 621 957 664 cognatos
978 628 1129 664 quoque
1159 628 1291 652 eorum
1316 621 1430 665 atque

316 678 458 714 amicos
479 683 588 714 tanto
608 679 744 714 merito
763 678 941 728 primum,
962 679 1048 715 dein
1067 680 1229 730 pignore
1248 679 1321 716 sibi
1337 692 1430 716 con-

313 741 510 778 ciliarent:
544 742 778 792 expertique,
800 755 912 791 quam
932 755 1028 779 vana
1054 749 1120 779 aut
1139 743 1212 779 levi
1237 756 1329 780 aura
1347 756 1430 780 mo-

313 805 390 842 bile
409 805 542 855 vulgus
563 811 674 849 esset,
695 805 854 842 militem
869 807 971 843 nacti
989 820 1035 843 ex
1051 820 1096 843 eo
1116 820 1288 850 numero,
1305 808 1370 856 qui
1389 807 1429 844 in

315 869 515 906 Leontinis
529 871 764 906 circumsessi
778 877 898 913 erant,
917 870 1144 915 subornant,
1161 878 1203 908 ut
1220 872 1426 922 Syracusas

311 935 497 985 perferret
515 935 696 970 nuncium
717 935 1005 972 convenientem
1025 937 1093 980 eis,
1110 949 1193 986 quae
1213 937 1260 972 ad
1278 935 1427 986 Mylam

313 998 411 1035 falso
431 999 612 1036 nunciata
627 1005 758 1044 erant3
791 1006 1062 1049 auctoremque
1078 1013 1118 1036 se
1137 999 1366 1045 exhibendo,
1383 1013 1428 1037 ac

310 1062 413 1099 velut
449 1064 543 1107 visa,
572 1076 654 1113 quae
683 1063 799 1100 dubia
827 1069 948 1107 erant,
978 1065 1182 1108 narrando,
1211 1065 1427 1101 concitaret

310 1126 383 1163 iras
403 1127 615 1163 hominum.

362 1191 544 1228 XXXII.
575 1192 678 1228 Huic
698 1205 775 1228 non
797 1192 895 1242 apud
914 1190 1067 1241 vulgum
1092 1191 1206 1228 modo
1226 1191 1316 1230 fides
1336 1192 1423 1236 fuit,

308 1257 374 1293 sed
403 1263 576 1294 senatum
596 1270 746 1306 quoque
775 1258 814 1292 in
838 1258 981 1293 curiam
1010 1257 1248 1294 introductus
1278 1257 1421 1293 movit:

307 1321 409 1357 haud
436 1321 521 1357 vani
541 1321 693 1370 quidam
718 1321 891 1356 homines
918 1320 1043 1370 palam
1062 1320 1173 1363 ferre,
1192 1321 1343 1370 perbene
1362 1322 1423 1358 de·

308 1390 435 1421 tectam
458 1387 494 1421 in
515 1386 697 1422 Leontinis
716 1397 784 1421 esse
803 1386 996 1421 avaritiam
1022 1390 1057 1421 et
1076 1386 1327 1422 crudelitatem
1348 1385 1422 1422 Ro·

303 1463 494 1486 ‘manorum
507 1467 518 1486 .·
547 1451 685 1493 eadem,
705 1452 736 1486 si
755 1452 946 1486 intrassent
965 1450 1175 1497 Syracusas,
1192 1455 1256 1486 aut
1264 1449 1425 1498 foecliora

305 1517 429 1558 etiam,
451 1527 519 1564 quo
540 1513 653 1561 majus
677 1515 723 1550 ibi
743 1516 906 1550 avaritioe
927 1516 1117 1562 proemizcm
1143 1520 1243 1557 esset,
1254 1514 1425 1563 facturos

295 1580 426 1628 juisse.
484 1579 619 1628 Itaque
648 1579 873 1615 claudendas
900 1580 1027 1615 cuncti
1057 1585 1202 1629 portas,
1224 1585 1261 1614 et
1292 1586 1420 1615 custo—

303 1644 477 1680 diendam
498 1642 629 1679 urbem
657 1655 832 1679 censere:
866 1643 930 1678 sed
957 1656 1033 1679 non
1061 1643 1108 1679 ab
1129 1644 1269 1679 eisdem
1289 1655 1419 1680 omnes

302 1708 451 1750 timere,
471 1720 541 1743 nec
562 1707 714 1743 eosdem
735 1707 857 1743 odisse
874 1722 880 1742 :
914 1707 961 1742 ad
987 1707 1149 1743 militare
1168 1719 1286 1756 genus
1307 1719 1420 1743 omnc

301 1779 522 1822 partemque
542 1784 720 1820 magnam
746 1770 866 1821 plebis
887 1772 1064 1813 invisum,
1077 1784 1156 1807 esse
1176 1784 1315 1808 nomen
1335 1771 1418 1807 Ro-

301 1849 468 1873 manum.
510 1836 699 1872 Praetores
716 1837 1033 1886 optimatiumque
1049 1836 1173 1887 pauci,
1190 1848 1418 1885 quamquam

300 1901 524 1937 inflammati
557 1914 656 1937 vano
689 1901 830 1937 nuncio
865 1908 986 1944 erant,
1018 1907 1145 1937 tamen
1178 1901 1226 1936 ad
1261 1901 1417 1951 propius

299 1966 598 2015 praesentiusque
635 1965 775 2002 malum
812 1966 999 2001 cautiores
1037 1978 1129 2002 esse.
1184 1965 1237 2001 Et
1255 1964 1339 2015 jam
1372 1965 1419 2001 ad

302 2028 547 2079 Hexapylum
572 2036 679 2065 erant
699 2028 955 2079 Hippocrates
986 2035 1100 2078 atque
1118 2028 1329 2078 Epicydes:
1361 2041 1420 2064 se-

301 2093 556 2142 rebanturque
577 2093 781 2142 conloquia
806 2106 872 2143 per
899 2094 1132 2144 propinquos
1163 2092 1417 2143 popularium,

302 2158 365 2207 qui
385 2158 425 2193 in
451 2157 619 2193 exercitu
645 2164 766 2200 erant,
788 2163 830 2193 ut
848 2164 976 2208 portas
1006 2158 1209 2208 aperirent,
1230 2157 1415 2194 sinerent-

300 2234 373 2271 que
393 2233 633 2257 communem
652 2222 813 2270 patriam
833 2221 984 2258 defendi
1004 2222 1051 2258 ab
1069 2223 1200 2271 inpetu
1214 2220 1413 2258 Romano-

300 2299 395 2322 rum.
450 2285 552 2328 Jam,
591 2285 674 2321 unis
706 2285 851 2322 foribus
885 2285 1077 2336 Hexapyli
1112 2286 1266 2336 apertis,
1293 2287 1410 2336 coepti

301 2356 409 2387 eraut
429 2350 558 2401 recipi,
576 2362 689 2399 quum
706 2356 886 2401 praetores
903 2351 1187 2388 intervenerunt
1202 2365 1210 2387 ε
1239 2356 1277 2387 et
1291 2350 1415 2401 primo
