1527 2661
324 166 410 222 376
780 176 828 206 'r-
857 177 994 207 L1v11

128 264 172 295 U·
189 263 223 294 C·
241 268 448 309 ⁵37·aure5,
480 263 756 301 contumeliosa
785 265 899 309 dicta,
930 265 1005 302 rari
1033 264 1180 309 aditus,
1199 277 1280 303 non
1308 266 1441 305 alienis

129 308 170 348 A'
185 307 221 338 C'
236 313 311 337 215'
324 330 454 372 modo,
473 330 537 365 sed
553 328 742 365 tutoribus
759 330 887 372 etiam,
904 328 1076 366 libidines
1094 342 1217 373 novae,
1234 331 1445 368 inhumana

324 394 537 432 crudelitas.
596 393 731 442 Itaque
763 400 892 429 tantus
927 407 1059 430 omnes
1088 401 1211 432 terror
1239 397 1445 439 invaserat,

324 464 368 494 ut
396 458 548 506 quidam
578 470 624 493 ex
653 456 844 493 tutoribus
874 464 939 494 aut
969 465 1091 494 morte
1118 459 1346 503 voluntaria,
1377 464 1445 496 aut

323 521 415 569 fuga
435 526 703 570 praeverterent
722 527 864 556 metum
885 521 1168 571 suppliciorum.
1204 524 1298 559 Tres
1318 536 1364 559 ex
1383 523 1445 566 iis,

323 585 461 634 quibus
490 585 579 620 solis
609 585 730 621 aditus
759 586 797 620 in
824 585 978 621 domum
1007 586 1229 623 familiarior
1248 593 1342 630 erat,
1362 587 1446 623 An-

325 649 558 686 dranodorus
586 656 624 685 et
649 650 834 699 Zoippus,
862 651 989 698 generi
1018 650 1216 694 Hieronis,
1238 657 1274 687 et
1293 651 1446 687 Thraso

323 714 492 762 quidam,
521 714 565 750 de
592 714 674 750 aliis
695 714 843 764 quidem
869 714 979 750 rebus
1000 715 1101 751 haud
1127 728 1358 766 magnopere
1376 728 1445 752 au-

325 778 549 814 diebantur:
586 779 775 815 tendendo
805 786 931 815 autem
962 780 1037 816 (luo
1064 780 1112 816 ad
1141 780 1444 828 Karthaginien-

325 853 398 884 seS,
419 842 569 878 Thraso
595 843 642 878 ad
668 843 887 878 societatem
917 842 1146 886 Romanam,
1175 843 1380 880 certamine
1399 855 1444 879 ac

326 906 458 942 studiis
479 906 667 942 interdum
688 907 726 942 in
747 919 785 943 se
812 907 1086 943 convertebant
1107 909 1274 943 animum
1295 907 1443 943 adoles-

128 970 300 1044 ῗοηερῐφ-
327 971 466 1006 centis:
500 984 615 1019 quum
636 970 865 1020 conjuratio,
889 973 925 1007 in
946 974 1096 1020 tyranni
1114 979 1228 1022 caput
1248 972 1364 1015 facta,
1385 973 1444 1008 in-

145 1024 174 1045 10
192 1024 223 1044 in
245 1024 312 1052 ejus

129 1064 236 1098 caput.
326 1034 472 1070 dicatur
490 1047 556 1084 per
576 1034 746 1070 calonem
764 1036 978 1084 quemdam,
997 1036 1180 1084 aequalem
1201 1035 1444 1086 Hieronymi,

326 1105 365 1135 et
383 1098 467 1148 jam
487 1099 573 1135 inde
592 1111 615 1134 a
633 1111 751 1149 puero
771 1100 809 1134 in
830 1100 959 1135 omnia
978 1098 1180 1135 familiaria
1199 1098 1290 1150 jura
1309 1099 1443 1136 adsue-

326 1169 419 1199 tum.
479 1162 597 1199 Index
618 1176 733 1199 unum
754 1176 800 1199 ex
822 1163 1029 1213 conjuratis
1050 1163 1306 1207 Theodotum,
1328 1176 1350 1199 a
1369 1175 1445 1213 quo

326 1228 407 1277 ipse
428 1227 637 1277 adpellatus
665 1234 759 1270 erat,
786 1229 985 1264 nominare
1005 1229 1131 1278 potuit
1149 1243 1156 1263 :
1190 1229 1253 1277 qui
1273 1239 1445 1278 compre-

326 1292 465 1327 hensus
486 1291 691 1341 extemplo,
712 1292 948 1340 traditusque
964 1293 1244 1329 Andranodoro
1263 1298 1446 1340 torquen-

327 1356 410 1399 dus,
432 1356 477 1392 de
504 1368 543 1392 se
568 1356 648 1405 ipse
667 1356 768 1392 haud
789 1363 1013 1393 cunctanter
1031 1357 1168 1400 fassus,
1190 1357 1363 1392 conscios
1383 1367 1445 1392 ce-

326 1419 443 1456 labat.
500 1420 714 1464 Postremo,
737 1433 852 1468 quum
875 1421 1051 1457 omnibus
1078 1420 1326 1457 intolerandis
1346 1419 1444 1469 pati-

328 1485 440 1520 entiae
460 1485 634 1520 humanae
656 1484 884 1520 cruciatibus
913 1485 1155 1527 laceraretur,
1175 1485 1317 1520 victum
1336 1483 1445 1519 malis

326 1559 367 1583 se
387 1547 581 1591 simulans,
603 1549 740 1584 avertit
759 1548 806 1584 ab
827 1550 988 1584 consciis
1010 1550 1048 1584 in
1072 1550 1241 1584 insontes
1263 1548 1445 1584 indicium

329 1612 586 1658 (Thrasonem
615 1625 695 1648 esse
725 1619 918 1649 auctorem
949 1613 1097 1648 consilii
1128 1612 1324 1654 mentitus,
1357 1624 1443 1654 nec,

327 1676 400 1711 nisi
420 1682 498 1711 tam
517 1677 666 1725 potenti
686 1676 780 1711 duce
800 1676 978 1719 confisos,
999 1688 1078 1711 rem
1099 1681 1246 1711 tantam
1265 1675 1440 1721 ausuros)

324 1738 374 1775 ab
401 1739 518 1775 latere
547 1740 714 1788 tyranni,
735 1752 896 1788 quorum
925 1740 1050 1789 capita
1076 1738 1258 1775 vilissima
1284 1738 1443 1787 fingenti

324 1803 425 1838 inter
444 1802 592 1838 dolores
614 1803 851 1851 gemitusque
871 1803 1084 1838 obcurrere.
1125 1802 1295 1838 Maxime
1315 1802 1443 1837 animo

325 1866 478 1914 tyranni
507 1865 684 1901 credibile
714 1865 894 1903 indicium
921 1865 1070 1901 Thraso
1093 1866 1313 1901 nominatus
1340 1863 1443 1902 fecit.

325 1928 387 1965 Ita
424 1928 615 1978 extemplo
652 1929 812 1965 traditur
849 1929 896 1965 ad
934 1929 1160 1979 supplicium
1178 1944 1185 1964 :
1233 1926 1446 1978 adjectique

324 2003 448 2041 poenae
485 1993 600 2028 ceteri
635 1991 749 2042 juxta
787 1993 970 2028 insontes.
1029 1992 1279 2028 Consciorum
1316 2003 1442 2034 nemo,

323 2067 440 2103 quum
459 2055 524 2090 diu
548 2056 672 2091 socius
700 2055 849 2091 consilii
870 2062 1124 2104 torqueretur,
1146 2064 1212 2091 aut
1231 2054 1356 2096 latuit,
1379 2060 1445 2090 aut

321 2118 423 2167 fugit
442 2133 449 2154 ε
482 2125 631 2155 tantum
658 2120 730 2155 illis
760 2121 797 2156 in
825 2121 961 2156 virtute
981 2133 1024 2156 ac
1044 2120 1117 2156 fide
1135 2118 1328 2155 Theodoti
1348 2117 1444 2153 fidu-

321 2183 390 2219 ciae
409 2182 502 2218 fuit:
525 2188 749 2232 tantumque
769 2184 840 2233 ipsi
859 2183 1063 2219 Theodoto
1082 2184 1219 2219 virium
1238 2181 1284 2218 ad
1302 2193 1444 2218 arcana

320 2246 562 2282 occultanda.

377 2309 445 2347 Vl.
477 2310 551 2355 Ita,
572 2310 674 2361 quod
702 2324 819 2350 unum
838 2311 1031 2354 vinculum
1061 2324 1146 2354 cum
1163 2309 1351 2349 Romanis
1382 2322 1444 2346 so-

1525 1357 1527 1442 i
