1527 2661
399 204 554 233 LIBER
575 202 695 231 XXV·
729 202 834 229 CAP.
859 202 938 229 XL.
1141 203 1224 245 495

114 299 258 342 captos.
310 293 398 329 Piso
418 293 583 342 quinque
602 290 720 327 millia
737 290 950 332 hominum,
971 303 1087 339 quum
1104 290 1225 340 lllago
1242 296 1281 326 U.
1295 296 1331 326 C.
1347 302 1421 327 540.

113 358 288 394 cedentes
312 364 462 394 nostros
489 357 603 393 effuse
629 360 859 404 sequeretur,
888 367 984 390 ccesa
1010 367 1057 390 ex
1080 355 1225 391 insidiis
1239 340 1277 369 Α·
1294 339 1329 370 C·
1348 346 1422 370 ²¹²*

113 420 258 457 scribit.
314 421 428 471 Apud
447 433 577 457 omnes
604 431 783 469 magnum
806 431 946 455 nomen
963 418 1104 455 Marcii
1123 419 1226 454 ducis

115 489 194 520 est:
238 491 276 520 et
306 497 400 520 verae
430 484 559 533 gloriae
591 482 670 533 ejus
702 483 817 519 etiam
849 481 1030 518 miracula
1058 481 1225 518 addunt:

113 546 303 584 flammam
329 548 362 583 ei
390 547 635 583 concionanti
659 546 784 582 fusam
809 559 830 582 e
853 546 990 596 capite,
1011 546 1093 582 sine
1111 546 1228 596 ipsius

115 623 242 654 sensu,
264 625 349 648 cum
369 624 509 661 magno
532 623 672 661 pavore
692 611 1016 647 circumstantium
1036 609 1199 646 militum
1217 626 1225 646 :

114 682 478 725 monumentumque
503 676 672 711 victoriae
699 675 778 725 ejus
806 675 851 711 de
877 675 1022 717 Poenis,
1044 687 1160 723 usque
1183 674 1231 710 ad

117 738 311 774 incensum
329 738 575 788 Capitolium,
589 739 705 774 fuisse
721 739 760 774 in
774 738 918 788 templo
934 738 1108 788 clipeum,
1122 737 1230 774 Mar-

117 802 216 838 cium
237 802 481 851 adpellatum,
501 815 587 837 cum
606 802 771 850 imagine
791 801 1055 838 Hasdrubalis.
1111 802 1230 840 Quie-

116 872 165 902 tae
191 867 326 902 deinde
351 866 582 915 aliquamdiu
609 866 648 901 in
679 866 867 916 Hispania
893 879 950 902 res
976 865 1095 908 fuere,
1117 866 1230 901 utris-

118 942 203 978 que,
221 936 308 979 post
323 935 449 966 tantas
471 935 644 979 acceptas
665 930 704 965 in
723 930 843 966 vicem
859 929 1071 978 inlatasque
1091 928 1230 972 clades,

116 993 382 1029 cunctantibus
403 992 608 1042 periculum
631 1005 785 1029 summae
805 1005 929 1028 rerum
948 992 1084 1028 facere.

170 1057 258 1094 XL.
287 1057 391 1093 Dum
410 1058 491 1094 haec
514 1058 551 1092 in
579 1057 778 1105 Hispania·
791 1064 986 1105 geruntur,
1006 1055 1226 1100 MarcelluS,
1241 1065 1349 1105 Spolia
1365 1065 1424 1105 Sy-

117 1122 236 1171 captis
266 1122 473 1170 Syracusis,
505 1136 619 1171 quum
650 1130 775 1159 cetera
803 1125 842 1159 in
873 1123 1001 1159 Sicilia
1026 1129 1134 1160 tanta
1156 1124 1227 1160 fide
1241 1109 1436 1181 fffissfflgo'

118 1191 230 1232 atque
256 1185 475 1233 integritate
505 1188 792 1235 composuisset,
814 1194 856 1223 ut
881 1200 958 1223 non
985 1187 1098 1223 modo
1122 1199 1227 1223 suam
1239 1200 1339 1224 vecta.

119 1247 294 1296 gloriam,
316 1249 379 1284 sed
407 1250 521 1284 etiam
550 1249 788 1299 majestatem
810 1250 939 1300 populi
960 1249 1142 1293 Romani,
1163 1264 1230 1287 au-

120 1318 248 1359 geret,
282 1319 505 1349 ornamenta
533 1313 650 1356 urbis,
681 1315 803 1362 signa,
834 1313 1070 1363 tabulasque,
1095 1314 1229 1363 quibus

118 1375 364 1412 abundabant
397 1377 604 1426 Syracusae,
637 1378 800 1413 Rumam
830 1378 990 1413 devexit.
1048 1378 1231 1414 Hostium

118 1440 266 1488 quidem
286 1440 351 1476 illa
369 1441 504 1490 spolia,
526 1449 563 1477 et
581 1448 689 1491 parta
709 1441 797 1477 belli
812 1441 897 1491 jure
918 1458 924 1477 :
958 1448 1124 1478 ceterum
1144 1443 1230 1478 inde

118 1503 279 1552 primum
310 1505 461 1540 initium
490 1505 648 1541 mirandi
681 1505 898 1541 Graecarum
928 1506 1066 1541 artium
1092 1512 1228 1556 opera,

117 1567 353 1616 licentiaeque
372 1569 460 1604 huic
481 1581 587 1604 sacra
605 1569 839 1618 profanaque
859 1571 989 1606 omnia
1008 1569 1121 1618 vulgo
1142 1583 1230 1620 spo-

119 1631 235 1667 liandi
254 1632 396 1668 factum
417 1640 492 1668 est:
517 1646 600 1681 quae
620 1640 813 1682 postremo
833 1635 870 1669 in
892 1633 1088 1670 Romanos
1109 1634 1229 1677 Deos,

119 1694 302 1744 templum
330 1696 366 1731 id
392 1697 515 1745 ipsum
534 1697 710 1746 primum,
730 1697 829 1744 quod
849 1710 871 1732 a
888 1696 1074 1732 Marcello
1094 1697 1230 1733 eximie

119 1767 295 1795 ornatum
322 1767 391 1802 est,
419 1760 542 1796 vertit.
599 1760 829 1796 visebantur
858 1762 958 1796 enini
987 1761 1034 1797 ab
1064 1762 1228 1797 externis

119 1823 167 1859 ad
200 1830 350 1873 portam
381 1824 574 1873 Capenam
606 1824 778 1860 dedicata
807 1837 828 1859 a
856 1823 1042 1860 Marcello
1072 1824 1229 1875 templa,

120 1894 274 1937 propter
294 1886 517 1923 excellentia
536 1886 616 1936 ejus
637 1888 783 1936 generis
811 1895 1048 1932 ornamenta,
1069 1902 1230 1937 quorum

119 1952 324 2001 perexigua
343 1964 428 2001 pars
449 1958 653 2001 comparet.
708 1951 939 2000 Legationes
966 1954 1134 1988 omnium
1155 1953 1229 1988 fer-

121 2030 181 2053 me
200 2017 409 2052 civitatium
429 2015 565 2052 Siciliae
586 2017 632 2052 ad
652 2029 736 2052 eum
758 2016 1046 2053 conveniebant.
1090 2016 1231 2066 Dispar

120 2088 163 2118 ut
182 2094 314 2117 caussa
333 2094 473 2123 earum,
495 2082 548 2116 ita
565 2081 736 2117 conditio
757 2088 837 2116 erat
856 2097 863 2117 2
897 2081 959 2129 qui
986 2088 1073 2116 ante
1101 2087 1229 2130 captas

124 2146 324 2194 Syracusas
345 2152 410 2180 aut
426 2157 504 2180 non
523 2145 771 2187 desciverant,
789 2151 854 2180 aut
874 2145 1062 2180 redierant
1077 2146 1116 2180 in
1137 2146 1230 2180 ami-

123 2210 265 2252 citiam,
284 2216 326 2244 ut
345 2209 437 2244 socii
457 2208 582 2250 fideles
603 2209 748 2259 accepti
768 2208 932 2257 cultique
952 2224 958 2243 ;
996 2220 1089 2256 quos
1110 2214 1230 2244 metus

122 2280 208 2323 post
237 2280 365 2323 captas
397 2274 598 2323 Syracusas
629 2275 834 2318 dediderat,
863 2282 903 2310 ut
929 2276 1017 2310 victi
1041 2287 1063 2310 a
1088 2275 1232 2311 victore

121 2337 222 2386 leges
257 2345 494 2388 acceperunt.
551 2339 673 2375 Erant
702 2347 828 2376 tamen
862 2339 962 2375 haud
992 2351 1115 2388 parvae
1145 2337 1231 2374 reli-
