1527 2661
71 258 112 288 U.
124 256 161 286 C.
178 263 252 289 452.

71 302 111 333 A.
124 300 161 330 C.
179 307 252 332 300.

260 157 315 200 82
718 168 763 198 T.
792 170 925 199 mvn

268 256 526 306 Rogationem
554 269 645 305 ergo
674 257 980 307 promulgarunt,
1007 265 1060 302 ut,
1081 271 1197 308 quum
1217 265 1379 308 quatuor

265 334 439 371 augures,
471 327 635 371 quatuor
666 323 865 372 pontifices
900 336 945 359 ea
976 330 1203 374 tempestate
1241 330 1380 366 essent,

265 385 505 436 placeretque
539 385 669 434 augeri
700 386 941 422 sacerdotum
971 399 1184 429 numerum,
1219 392 1412 435 quatuor‘

265 450 479 501 pontifices,
500 450 665 499 quinque
695 463 871 498 augures,
893 451 938 487 de
967 451 1077 502 plebe
1106 463 1252 495 omnes,
1283 449 1386 487 adle-

267 522 457 564 gerentur.
497 514 830 554 Quemadmodum
858 515 904 551 ad
924 521 1087 564 quatuor
1106 528 1292 564 augurum
1314 526 1386 551 nu·-

268 593 426 624 merum,
447 579 521 615 nisi
543 586 666 615 morte
687 579 862 622 duorum,
884 579 921 616 id
947 580 1067 628 redigi
1088 579 1291 628 collegium
1317 591 1387 629 po·

269 644 398 686 tuerit,
427 656 505 680 non
539 643 717 687 invenio3
751 656 867 692 quum
899 644 998 680 inter
1026 656 1186 692 augures
1224 648 1388 686 constet,

269 711 440 760 inparem
464 721 662 745 numerum
684 709 821 745 debere
848 722 942 753 esse,
964 717 1007 746 ut
1032 717 1107 746 tres
1129 711 1294 759 antiquae
1320 710 1390 745 tri-

268 774 353 818 bus,
375 774 558 817 Ramnes,
586 773 791 817 Titienses,
811 774 991 818 Luceres,
1014 788 1123 811 suum
1142 786 1299 824 quaeque
1325 787 1393 810 au-

270 852 402 888 gurem
420 839 610 884 habeant3
645 845 723 882 aut,
744 840 776 875 si
796 839 965 889 pluribus
986 840 1035 876 sit
1054 852 1163 889 opus,
1184 839 1267 889 pari
1291 839 1392 874 intel·

269 916 309 940 se
336 917 496 941 numero
526 903 741 940 sacerdotes
772 903 1053 954 multiplicent:
1087 903 1185 939 sicut
1203 901 1388 952 multipli-

271 968 346 1004 cati
368 974 471 1011 sunt,
493 981 609 1017 quum
639 968 685 1004 ad
706 974 869 1017 quatuor
888 970 1053 1018 quinque
1084 967 1221 1018 adjecti
1250 979 1388 1003 novem

269 1045 482 1076 numerum,
503 1039 546 1068 ut
574 1034 671 1069 terni
702 1034 741 1068 in
771 1032 937 1082 singulas
969 1039 1107 1075 essent,
1130 1031 1388 1082 expleverunt.

271 1096 464 1140 Ceterum,
482 1097 571 1145 quia
591 1097 635 1133 de
656 1096 765 1147 plebe
779 1096 1066 1146 adlegebantur,
1081 1095 1196 1146 juxta
1211 1109 1296 1133 eam
1310 1109 1389 1132 rem

271 1174 369 1210 aegre
398 1162 499 1212 passi
530 1162 676 1203 Patres,
699 1174 810 1210 quam
831 1175 947 1210 quum
977 1161 1215 1197 consulatum
1244 1160 1391 1209 vulgari

269 1225 453 1261 viderent.
486 1225 725 1261 Simulabant
743 1225 788 1260 ad
809 1225 914 1261 Deos
934 1225 972 1260 id
992 1225 1127 1273 magiS‚
1145 1237 1257 1272 quam
1273 1225 1320 1260 ad
1336 1237 1389 1268 se,

272 1291 483 1340 pertinere:
518 1292 618 1340 ipsos
649 1291 810 1334 visuros,
839 1304 885 1327 ne
916 1303 1022 1327 sacra
1048 1303 1115 1326 sua
1144 1289 1386 1340 polluantur:

273 1355 309 1391 id
337 1367 376 1391 se
396 1362 529 1405 optare
559 1362 723 1398 tantum,
744 1368 792 1391 ne
812 1369 886 1404 qua
906 1357 945 1391 in
975 1354 1246 1405 rempublicam
1267 1355 1390 1392 clades

274 1420 411 1457 veniat.
453 1419 584 1456 Minus
606 1426 731 1456 autem
751 1421 959 1464 tetendere,
982 1420 1127 1456 adsueti
1140 1418 1223 1470 jam
1243 1420 1311 1456 tali
1327 1433 1392 1470 ge-

274 1497 362 1520 nere
396 1485 644 1520 certaminum
676 1485 799 1520 vinci:
840 1491 877 1520 et
911 1484 1131 1526 cernebant,
1162 1485 1393 1522 adversm-ios

274 1562 352 1584 non
373 1549 424 1591 id,
446 1549 548 1597 quod
568 1548 659 1584 olim
679 1549 741 1584 vix
762 1550 1007 1598 speraverint,
1029 1549 1263 1586 adfectantes
1283 1563 1391 1600 mag-
1415 1592 1426 1594 „

276 1626 344 1649 nos
375 1613 556 1656 honores,
579 1613 642 1649 sed
669 1615 797 1649 omnia
820 1613 916 1663 jam,
946 1615 982 1649 in
1005 1627 1165 1662 quorum
1199 1627 1302 1664 spem
1323 1615 1392 1651 du·

275 1678 378 1714 biam
399 1684 478 1714 erat
499 1684 697 1721 certatum,
714 1685 842 1714 tamen
864 1680 1034 1728 adeptos,
1054 1678 1280 1729 multiplices
1301 1692 1393 1716 con-

276 1742 434 1785 sulatus,
457 1755 708 1792 censurasque
729 1750 766 1779 et
784 1745 1011 1794 triumphos.

329 1807 420 1843 VH.
462 1808 658 1844 Certatum
692 1815 819 1844 tamen
851 1809 1042 1845 suadenda
1073 1808 1394 1858 dissuadendaque

275 1872 358 1921 lege
384 1873 483 1908 inter
503 1873 575 1921 Ap.
597 1872 797 1909 Claudium
826 1874 988 1909 maxime
1008 1874 1148 1916 ferunt,
1171 1880 1208 1909 et
1233 1874 1332 1909 inter
1351 1873 1393 1910 P.

276 1936 437 1972 Decium
457 1937 606 1972 Murem
624 1953 630 1973 :
665 1938 727 1985 qui
742 1950 856 1986 quum
877 1938 1006 1973 eadem
1020 1938 1137 1973 ferme
1157 1938 1202 1973 de
1215 1936 1302 1987 jure
1322 1937 1395 1974 Pa-

276 2008 374 2037 trum
396 2014 438 2037 ac
464 2001 599 2050 plebis,
621 2015 702 2050 quae
725 2015 792 2051 pro
819 2002 902 2051 lege
921 2002 1071 2038 Licinia
1091 2003 1281 2051 quondam
1302 2015 1393 2038 con-

275 2072 407 2113 traque
427 2078 508 2101 cam
529 2066 630 2101 dicta
650 2072 770 2109 erant,
788 2080 903 2115 quum
921 2066 1077 2116 plebeiis
1095 2066 1312 2102 consulatus
1332 2079 1395 2103 ro-

276 2129 449 2177 gabatur,
481 2128 766 2175 disseruissent3
800 2130 971 2166 retulisse
1001 2130 1138 2166 dicitur
1157 2129 1298 2166 Decius
1328 2143 1395 2180 pa-

275 2193 392 2228 rentis
424 2193 479 2227 sui
510 2193 687 2241 speciem,
710 2193 858 2242 qualem
889 2206 975 2229 eum
1004 2193 1127 2236 multi,
1149 2194 1213 2242 qui
1244 2194 1281 2228 in
1302 2206 1393 2230 con-

277 2258 385 2292 cione
416 2263 538 2299 erant,
569 2258 755 2301 viderant,
778 2259 986 2294 incinctum
1009 2257 1162 2294 Gabino
1183 2257 1300 2300 cultu,
1331 2271 1393 2294 su-

276 2332 340 2367 per
374 2320 490 2356 telum
523 2328 700 2365 stantem,
733 2335 807 2371 quo
842 2335 880 2358 se
913 2321 1047 2357 habitu
1080 2334 1150 2372 pro
1179 2321 1322 2372 populo
1350 2335 1393 2358 ac
