1527 2661
3 2059 9 2108 i

382 170 536 198 LIBER
561 169 609 197 x.
641 170 749 198 CAP.
772 170 915 198 xLV1.
1121 171 1200 213 139

94 258 236 295 Castris
271 258 405 294 deinde
438 258 586 307 positis,
622 257 812 294 moenibus
846 258 995 294 hostem
1022 256 1197 294 inclusit.

92 322 353 371 obpugnatum
374 321 554 370 oppidum
571 327 811 370 captumque.
852 321 897 356 In
918 321 977 356 his
997 320 1117 356 tribus
1141 334 1201 357 ur-

89 384 200 421 bibus
221 390 332 434 capta
347 391 411 420 aut
427 397 524 420 caesa
540 385 587 420 ad
605 384 733 419 decem
755 383 872 420 millia
891 384 1088 420 hominum
1108 399 1114 419 :
1146 385 1202 421 ita

89 455 132 485 ut
151 462 266 498 parvo
286 449 488 485 admodum
512 448 636 498 plures
659 454 895 498 caperentur.
945 447 1200 484 Sortientibus

88 514 301 563 provincias
318 513 550 555 consulibus,
567 513 723 549 Etruria
740 512 906 549 Carvilio
923 513 1047 549 evenit
1066 525 1200 549 secun-

91 577 180 613 dum
204 583 294 614 vota
323 577 499 620 militum,
521 577 585 625 qui
616 576 689 612 vim
709 576 860 625 frigoris
880 576 963 627 jam
986 578 1024 612 in
1045 576 1200 612 Samnio

89 656 166 680 non
184 643 439 694 patiebantur.
477 643 632 692 Papirio
652 643 699 678 ad
715 643 905 691 Saepinum
922 643 1044 692 major
1059 642 1112 678 vis
1129 643 1201 678 ho-

89 708 203 743 stium
222 708 383 743 restitit:
418 719 516 755 saepe
543 707 581 742 in
602 706 695 747 acie,
720 718 818 755 saepe
847 706 886 740 in
912 706 1075 753 agmine,
1103 718 1201 755 saepe

87 770 188 807 circa
223 771 343 820 ipsam
381 771 512 807 urbem
556 771 732 806 adversus
771 771 988 820 eruptiones
1033 770 1201 806 hostium

86 840 322 886 pugnatum:
356 847 479 883 neque
509 833 672 876 obsidio,
703 846 825 882 neque
855 833 996 869 bellum
1018 845 1063 869 ex
1095 845 1202 882 aequo

87 904 191 936 erat:
225 911 302 934 non
333 898 432 934 enim
465 898 580 934 muris
614 898 734 946 magis
773 909 812 933 se
850 897 1054 939 Samnites,
1089 909 1203 945 quam

87 962 199 999 armis
230 975 273 998 ac
302 962 389 998 viris
420 963 575 1005 moenia,
610 961 847 997 tutabantur.
904 961 1074 996 Tandem
1104 972 1200 1010 pug-

86 1026 214 1064 nando
245 1027 283 1062 in
313 1026 551 1062 obsidionem
579 1025 724 1076 justam
755 1026 882 1074 coegit
910 1026 1062 1061 hostes:
1096 1024 1200 1061 obsi-

86 1090 285 1141 dendoque
305 1092 340 1127 vi
357 1097 470 1141 atque
490 1091 667 1140 operibus
689 1091 818 1127 urbem
839 1091 1093 1141 expugnavit:
1127 1090 1199 1125 ita-

86 1168 157 1205 que
177 1155 224 1191 ab
257 1156 313 1191 ira
331 1155 413 1204 plus
437 1156 546 1191 caedis
580 1157 737 1198 editum,
766 1162 878 1205 capta
904 1155 1021 1191 urbe:
1055 1160 1200 1203 septem

86 1219 205 1256 millia
234 1220 500 1268 quadringenti
539 1220 648 1256 caesi:
682 1225 794 1269 capta
827 1220 950 1255 minus
981 1219 1054 1254 tria
1084 1217 1202 1254 millia

85 1283 283 1320 hominum
300 1298 307 1319 :
340 1283 479 1332 praeda,
498 1296 580 1332 quae
597 1283 759 1334 plurima
775 1283 861 1324 fuit,
879 1283 1070 1327 congestis
1092 1283 1199 1318 Sam-

83 1348 220 1384 uitium
238 1346 349 1383 rebus
369 1348 409 1382 in
430 1347 539 1383 urbes
559 1360 714 1397 paucas,
736 1346 845 1382 militi
867 1357 1046 1380 concessa
1068 1353 1135 1381 est.

137 1410 284 1447 XLVI.
314 1411 433 1447 Nives
460 1410 544 1461 jam
574 1412 705 1448 onmia
733 1409 994 1459 oppleverant,
1026 1422 1096 1446 nec
1129 1409 1197 1445 du-

83 1477 156 1513 rari
177 1482 283 1513 extra
302 1482 404 1513 tecta
422 1483 597 1527 poterat;
629 1478 757 1525 itaque
777 1474 909 1512 consul
930 1475 1135 1511 exercitum
1154 1475 1198 1511 de

86 1542 241 1578 Samnio
267 1542 433 1579 deduxit.
474 1543 655 1579 Venienti
680 1542 847 1578 Romam
874 1541 1088 1590 triumphus
1116 1554 1198 1577 om-

81 1607 187 1643 nium
218 1619 405 1642 consensu
442 1613 499 1642 est
528 1607 697 1642 delatus:
729 1606 978 1656 triumphavit
1008 1606 1045 1640 iu
1076 1605 1198 1652 magi-

83 1677 217 1713 stratu,
244 1671 399 1719 insigni,
422 1677 463 1707 ut
491 1671 644 1706 illorum
674 1677 890 1719 temporum
920 1669 1073 1705 habitus
1101 1674 1196 1711 erat,

83 1735 288 1784 triumpho.
344 1735 495 1770 Pedites
517 1735 737 1783 equitesque
758 1735 923 1781 insignes
945 1733 1053 1768 donis
1074 1738 1198 1768 trans-

84 1798 173 1840 iere,
195 1811 238 1833 ac
264 1798 468 1834 transvecti
489 1803 599 1833 sunt:
632 1797 759 1833 multae
786 1798 913 1833 civicae
934 1809 1099 1839 coronae,
1119 1795 1199 1832 val-

83 1860 269 1909 laresque,
292 1873 335 1896 ac
361 1860 523 1897 murales
549 1867 774 1910 conspectae.
833 1860 1054 1909 Inspectata
1078 1858 1200 1909 spolia

83 1924 332 1960 Samnitium:
373 1931 411 1960 et
449 1925 583 1960 decore
628 1937 672 1960 ac
709 1924 990 1974 pulchritudine
1031 1924 1198 1973 paternis

82 1987 226 2039 spoliis,
252 2002 334 2037 quae
368 1995 462 2025 nota
489 1989 678 2037 frequenti
706 1988 944 2038 publicorum
975 1994 1112 2024 ornatu
1141 1987 1198 2023 lo-

80 2065 209 2088 corum
239 2059 360 2094 erant,
391 2052 733 2102 comparabantur:
767 2051 914 2088 nobiles
945 2051 1091 2100 aliquot
1109 2064 1197 2101 cap-

77 2116 160 2158 tivi,
187 2114 277 2151 clari
298 2116 375 2151 suis
398 2124 623 2165 patrumque
644 2115 769 2157 factis,
792 2116 906 2151 ducti.
950 2114 1054 2150 AEris
1074 2115 1197 2163 gravis

86 2186 302 2216 transvecta
328 2181 442 2217 vicies
463 2188 622 2217 centena
645 2186 683 2216 et
702 2181 747 2216 ad
779 2181 936 2228 triginta
955 2180 1026 2215 tria
1054 2179 1194 2214 millia:

83 2243 120 2278 id
142 2256 189 2279 aes
211 2244 401 2280 redactum
424 2258 468 2280 ex
490 2244 646 2294 captivis
668 2244 886 2280 dicebatur:
915 2243 1077 2291 argenti,
1098 2243 1199 2291 quod

87 2316 237 2356 captum
258 2320 301 2342 ex
331 2307 485 2344 urbibus
511 2314 605 2349 erat,
626 2308 753 2358 pondo
784 2306 902 2343 millia
928 2311 1098 2342 trecenta
1129 2306 1195 2343 tria

1215 264 1256 294 U.
1269 263 1306 294 C.
1321 270 1394 296 459·

1214 308 1252 337 A.
1268 307 1305 337 C.
1319 312 1394 339 293.

1210 1409 1321 1448 Papirii
1338 1413 1392 1441 tri—

1210 1455 1369 1493 umphus.
