1527 2661
357 209 510 238 LIBER
533 206 679 237 xxlv.
712 205 819 234 CAP.
846 205 926 233 xc.
1110 204 1191 244 421

88 298 200 347 regiis
218 298 409 335 obsessam
425 298 544 342 duxit,
566 303 603 333 et
619 303 746 339 nocte,
768 295 820 331 ita
840 300 881 330 ut
897 306 1009 330 nemo
1029 293 1195 329 hostium
1209 293 1252 323 U·
1266 291 1303 323 C·
1319 298 1392 324 530·

87 363 257 406 sentiret,
279 362 409 399 urbem
430 369 486 398 est
505 362 707 410 ingressus.
764 359 839 394 Dic
859 357 1073 406 insequenti
1093 358 1197 405 quie·
1210 335 1300 368 A‘C'
1314 343 1387 366 ²¹⁴⁸

86 440 186 470 vere,
207 427 294 463 dum
318 426 517 477 praefectus
538 425 782 476 juventutem
800 421 1117 473 Apolloniatium,
1139 434 1198 456 ar-

87 503 223 539 maque
242 496 280 526 et
301 490 403 527 urbis
424 491 519 526 vires
548 488 774 539 inspiceret:
808 486 871 522 ubi
891 498 935 522 ea
954 485 1033 520 vifa
1052 485 1199 534 inspec-

87 560 201 603 taque
218 557 307 591 satis
327 555 538 591 animorum
555 554 692 595 fecere,
715 551 899 600 simulque
919 549 965 585 ab
983 548 1199 598 explorato-

87 619 190 655 ribus
212 619 410 669 comperit,
432 624 574 668 quanta
591 617 764 654 socordia
785 629 828 652 ac
847 614 1082 663 negligentia
1101 612 1201 662 apud

87 683 216 719 hostes
245 689 342 720 esset
355 699 365 729 3
399 682 550 718 silentio
576 682 699 718 noctis
729 680 776 717 ab
805 680 897 716 urbe
923 680 1004 714 sine
1029 676 1107 713 ullo
1139 682 1199 711 tu·
1213 674 1321 747 Castra
1337 674 1410 706 Ma-

87 746 207 783 multu
230 760 413 796 egressus,
435 753 557 783 castra
575 747 744 782 hostium
773 745 867 781 adeo
888 741 1063 791 neglecta
1089 747 1200 790 atque
1213 727 1377 791 ξὲνὲἓέῐῗέ

89 818 216 859 aperta
238 812 408 854 intravit,
429 818 469 847 ut
489 811 579 846 satis
601 815 806 851 constaret,
829 809 930 858 prius
958 806 1059 843 mille
1077 806 1201 841 homi·
1217 804 1366 834 Romani.

88 887 178 910 num
203 874 341 910 vallum
369 875 542 916 intrasse,
565 886 677 922 quam
705 873 904 921 quisquam
933 870 1112 905 sentiret:
1145 881 1202 913 ac,

90 938 120 973 si
139 938 239 974 caede
260 938 544 977 abstinuissent,
562 936 757 986 pervenire
777 935 824 971 ad
844 932 1128 970 tabernaculum
1147 946 1205 969 re-

89 1001 192 1049 gium
212 1002 390 1051 potuisse.
450 1001 579 1036 Caedes
600 1000 862 1049 proximorum
882 1003 1002 1048 portae
1024 997 1204 1032 excitavit

89 1067 217 1103 hostes
234 1081 241 1101 :
274 1067 361 1103 inde
380 1072 508 1103 tantus
528 1073 650 1101 terror
680 1076 870 1115 pavorque
890 1074 1020 1099 omnes
1041 1073 1204 1110 occupa-

91 1131 158 1173 vit,
182 1138 223 1167 ut
241 1144 319 1167 non
342 1131 456 1166 modo
484 1129 577 1166 alius
599 1131 798 1178 quisquam
830 1140 934 1163 arina
954 1131 1117 1175 caperet,
1140 1131 1204 1160 aut

93 1195 223 1230 castris
260 1194 399 1244 pellere
434 1196 584 1231 hostem
622 1203 845 1242 conaretur3
879 1196 942 1232 sed
977 1195 1091 1230 etiam
1126 1194 1204 1243 ipse

91 1270 171 1301 rex,
193 1259 290 1293 sicut
316 1271 450 1295 somno
479 1260 622 1295 excitus
646 1267 739 1302 erat,
761 1272 878 1310 prope
909 1257 1124 1294 seminudus
1144 1256 1203 1292 fu-
1218 1260 1355 1299 Philippi

93 1323 212 1368 giens,
234 1321 343 1357 militi
365 1334 532 1371 quoque,
554 1323 691 1359 nedum
711 1324 806 1371 regi,
825 1323 884 1358 vix
902 1322 1039 1357 dcem-0
1055 1320 1203 1363 habitu,
1218 1305 1302 1342 suga.

92 1386 137 1421 ad
157 1385 293 1422 fiumen
314 1399 503 1435 navesque
522 1387 729 1437 perfugerit
746 1402 753 1422 :
787 1387 918 1423 eodem
939 1392 976 1421 et
996 1385 1069 1421 alia
1095 1385 1205 1421 turba

93 1449 209 1485 effusa
246 1457 312 1485 est.
371 1450 506 1486 Paullo
550 1452 672 1487 minus
713 1452 786 1487 tria
813 1450 928 1487 millia
967 1449 1130 1485 militum
1168 1451 1207 1485 in

92 1513 222 1548 castris
254 1520 318 1549 aut
339 1521 463 1564 capta,
485 1521 549 1550 aut
570 1516 717 1551 occisa:
751 1515 833 1564 plus
862 1521 990 1550 tamen
1009 1514 1206 1549 hominum

94 1576 288 1624 aliquanto
310 1584 474 1626 captum,
494 1591 605 1626 quam
626 1591 777 1619 caesum,
795 1584 863 1614 est.
923 1578 1065 1613 Castris
1083 1577 1206 1626 direp-

94 1640 156 1682 tis,
178 1641 434 1690 Apolloniam²
468 1643 693 1692 catapulta&
726 1643 911 1685 ballistas,
942 1647 1207 1689 tormentaque

95 1703 182 1746 alia,
204 1716 286 1752 quae
307 1703 569 1753 obpugnandae
592 1706 673 1741 urbi
695 1711 914 1755 comparata
939 1710 1060 1747 erant,
1082 1704 1128 1740 ad
1147 1711 1209 1739 tu-

95 1766 191 1801 enda
226 1767 382 1809 moenia,
421 1768 451 1802 si
482 1768 633 1816 quando
673 1769 803 1804 similis
838 1769 994 1804 fortuna
1030 1767 1208 1809 venisset,

95 1829 340 1879 Apolloniam
370 1830 575 1866 devexere:
607 1838 732 1867 cetera
754 1832 878 1867 omnis
909 1830 1035 1880 praeda
1065 1836 1209 1865 castro—

96 1906 178 1928 rum
196 1893 381 1930 Romanis
404 1907 581 1930 concessa
602 1902 669 1932 est.
728 1896 824 1931 Haec
840 1908 952 1943 quum
975 1895 1130 1930 Oricum
1152 1907 1209 1930 es-

97 1964 180 1993 sent
200 1959 392 2001 nunciata,
414 1959 470 1995 M.
489 1959 660 1995 Valerius
682 1959 838 1995 classem
863 1958 1053 2008 extemplo
1082 1959 1128 1993 ad
1149 1971 1210 1994 os-

95 2023 190 2057 tium
212 2021 374 2058 fluminis
395 2023 514 2065 duxit,
537 2036 583 2058 ne
602 2023 759 2059 navibus
781 2035 976 2073 capessere
995 2022 1126 2070 fugam
1145 2035 1212 2057 rex

96 2092 235 2135 posset.
294 2085 430 2133 Itaque
465 2086 677 2137 Philippus,
712 2099 833 2135 neque
871 2086 1054 2127 terrestri,
1090 2098 1211 2134 neque

95 2148 221 2184 navali
241 2150 446 2184 certamine
463 2151 553 2185 satis
570 2150 651 2186 fore
666 2163 794 2200 parem
815 2163 853 2185 se
870 2149 998 2191 fidens,
1017 2148 1210 2184 subductis

98 2219 163 2248 aut
182 2213 343 2248 incensis
361 2213 535 2257 navibus,
556 2221 657 2250 terra
674 2214 943 2250 Macedoniam
963 2213 1086 2262 petiit,
1104 2225 1210 2261 mag-

99 2289 148 2312 na
168 2290 214 2312 ex
240 2284 346 2326 parte
374 2278 504 2314 inermi
534 2280 701 2314 exercitu
727 2278 977 2328 spoliatoque.
1035 2276 1212 2314 Romana

66 2361 69 2363 ·
107 2340 234 2377 classis
256 2353 342 2378 cum
361 2341 419 2379 M.
439 2342 593 2379 Valerio
614 2342 721 2379 Orici
740 2342 957 2379 hibernavit
