1527 2661
375 206 530 234 Lmen
552 204 673 233 xxv.
706 203 814 233 cAP.
838 204 994 233 ΧΧΙΙΙ.
1158 192 1242 249 469

125 307 276 344 suasque
293 305 348 330 res
364 306 482 331 secum
501 293 698 343 auferrent.
748 293 894 329 Liberos
900 293 990 342 fore
1010 306 1145 342 suaque
1163 307 1238 332 om·
1251 305 1294 336 U.
1313 304 1349 336 c,
1365 311 1440 340 5403

124 361 187 396 nia
223 359 417 401 habituros,
449 359 511 406 qui
545 368 629 393 ante
658 358 745 393 Idus
771 357 931 393 Martias
962 360 1134 396 exissent:
1159 349 1437 408 postA·C·212·

127 436 207 461 eam
233 425 326 460 diem
352 425 481 472 quique
507 425 669 466 exissent,
691 424 820 471 quique
844 423 889 459 ibi
917 425 1139 468 mansissent,
1164 425 1242 462 hos-

128 475 217 526 tiani
231 488 385 537 futuros
403 501 550 525 numero
563 505 576 525 .·
605 501 649 524 ea
673 487 924 537 pronunciata
945 488 1165 538 CampaniS,
1186 497 1245 526 at-

128 565 200 602 que
219 553 273 589 ita
293 559 432 603 spreta,
453 559 497 589 ut
523 552 623 589 ultro
643 553 811 589 dicerent
837 553 1100 597 contumelias,
1122 555 1244 591 mina-

127 622 345 666 renturque.
402 616 602 654 Hannibal
627 617 673 654 ab
695 617 899 653 Herdonea
918 618 1127 654 Tarentum
1148 619 1243 654 dux-

128 688 209 717 erat
228 681 397 729 legiones
415 697 421 718 :
446 694 524 732 spe,
547 688 613 718 aut
632 682 681 725 vi,
703 688 768 718 aut
788 681 891 725 dolo,
908 682 1003 718 arcis
1023 682 1242 719 Tarentinae

126 745 333 793 potiundae.
390 746 504 784 Quod
531 746 596 782 nbi
622 758 754 795 parum
781 747 979 796 processit,
1003 747 1049 783 ad
1077 747 1241 783 Brundi-

126 809 223 844 sium
241 808 347 845 fiexit
366 810 451 852 iter,
472 810 580 859 prodi
601 810 638 846 id
657 809 838 860 oppidum
858 817 960 846 ratus
978 825 984 845 :
1017 811 1070 847 ibi
1091 824 1242 861 quoque

122 885 237 921 quum
256 873 396 909 frustra
411 879 550 910 tereret
568 880 732 924 tempus,
750 874 865 922 legati
883 875 1068 925 Campani
1089 876 1135 911 ad
1155 889 1241 912 eum

125 945 323 982 venerunt,
340 945 538 987 querentes
557 938 682 981 simul,
700 945 927 987 orantesque
944 954 949 974 :
975 939 1109 987 quibus
1129 939 1240 976 Han·
1255 956 1419 988 Hannibal

125 1001 230 1037 nibal
248 1002 449 1051 magnifice
469 1003 676 1053 respondit,
699 1009 737 1038 et
757 1008 870 1039 antea
896 1003 1051 1040 solvisse
1071 1004 1240 1042 obsidio·
1253 1002 1415 1049 auxillum

125 1078 225 1108 nem,
247 1073 285 1102 et
303 1080 404 1103 nunc
425 1068 627 1103 adventum
656 1080 765 1103 suum
785 1068 958 1104 consules
978 1081 1057 1105 non
1083 1069 1239 1107 laturos.
1253 1050 1440 1127 gaorgnggtgtis.

126 1130 223 1167 Cum
254 1131 325 1167 hac
356 1144 421 1181 spe
449 1132 592 1168 dimissi
620 1132 750 1180 legati,
782 1133 844 1169 vix
873 1134 1019 1182 regredi
1055 1134 1240 1184 Capuam,

119 1193 202 1244 jam
222 1195 363 1245 duplici
382 1195 485 1231 fossa
505 1195 680 1245 valloque
701 1197 878 1239 cinctam,
900 1203 1118 1246 potuerunt.

133 1291 141 1296 .
179 1259 339 1296 ΧΧΙΙΙ.
370 1260 498 1299 Quum
530 1262 694 1297 maxime
721 1261 852 1311 Capua
879 1262 1240 1306 circumvallaretur,

127 1322 396 1371 Syracusarum
434 1324 672 1374 obpugnatio
709 1325 755 1360 ad
788 1324 901 1361 finem
934 1326 1051 1368 venit,
1086 1333 1241 1376 praeter—

125 1399 238 1435 quam
254 1387 290 1424 vi
306 1400 349 1423 ac
365 1388 503 1424 virtute
516 1388 619 1424 ducis
637 1389 911 1436 exercitusque,
930 1389 1111 1425 intestina
1127 1390 1241 1426 etiam

124 1451 341 1500 proditione
370 1451 511 1502 adjuta.
569 1452 746 1501 Namque
771 1452 976 1489 Marcellus
1004 1454 1114 1490 initio
1145 1455 1241 1490 veris

124 1517 304 1559 incertus,
326 1523 451 1552 utrum
466 1518 720 1566 Agrigentum
741 1518 786 1553 ad
808 1517 1066 1554 Himilconem
1088 1525 1126 1554 et
1141 1517 1242 1569 Hip-

126 1587 318 1628 pocratem
352 1587 515 1616 verteret
548 1580 703 1623 bellum,
736 1594 783 1617 an
809 1581 1007 1618 obsidione
1038 1582 1240 1631 Syracusas

124 1652 324 1695 premeret,
346 1659 574 1695 quamquam
600 1659 670 1682 nec
697 1647 732 1682 vi
760 1647 842 1696 capi
873 1646 1022 1682 videbat
1048 1658 1159 1695 posse
1181 1647 1240 1682 in—

125 1710 416 1759 expugnabilem
437 1711 605 1746 terrestri
627 1723 670 1746 ac
690 1711 882 1746 maritimo
909 1711 984 1745 situ
1006 1710 1149 1752 urbem,
1171 1722 1241 1746 nec

123 1773 238 1816 fame,
259 1786 372 1822 quam
398 1786 516 1824 prope
535 1774 644 1810 liberi
671 1774 717 1809 ab
739 1774 980 1823 Karthagine
1007 1781 1240 1810 commeatus

124 1838 281 1881 alerent,
320 1844 463 1881 tamen,
501 1851 548 1874 ne
586 1839 675 1887 quid
712 1839 952 1889 inexpertum
995 1838 1239 1887 relinqueret,

124 1901 338 1950 transfugas
367 1902 624 1950 Syracusanos
658 1902 784 1949 (erant
815 1909 941 1938 autem
967 1901 1069 1953 apud
1093 1891 1241 1938 Roma-

122 1977 192 2001 nos
214 1964 329 2014 aliqui
350 1965 575 2001 nobilissimi
596 1966 680 2009 viri,
700 1966 800 2002 inter
820 1964 1073 2002 defectionem
1093 1965 1140 2002 ab
1156 1964 1239 2001 Ro-

123 2030 259 2072 manis,
287 2030 375 2078 quia
405 2029 451 2065 ab
482 2030 589 2066 novis
624 2030 790 2066 consiliis
821 2029 1093 2073 abhorrebant,
1119 2029 1236 2080 pulsi)

123 2093 335 2142 conloquiis
356 2106 432 2130 suae
458 2095 576 2144 partis
597 2100 743 2130 tentare
768 2094 967 2130 hominum
993 2095 1138 2130 animos
1152 2093 1236 2144 jus·
1251 2106 1431 2146 Conloquia

118 2159 184 2202 sit,
205 2166 243 2195 et
263 2158 374 2195 fidem
390 2159 492 2202 dare,
510 2160 540 2194 si
560 2159 707 2195 traditae
727 2159 855 2196 forent
872 2159 1081 2208 Syracusae,
1097 2158 1237 2194 liberos
1249 2151 1454 2224 (ἐξὸΡΙζὲἒῐῗὲῑ.

122 2234 187 2260 eos
207 2235 252 2259 ac
271 2223 346 2259 suis
374 2222 520 2271 legibus
541 2223 707 2259 victuros
735 2235 827 2260 esse.
884 2222 977 2258 Non
998 2228 1078 2258 erat
1105 2220 1237 2257 conlo·
1251 2234 1283 2266 10
1298 2236 1435 2277 Syracu-

123 2286 202 2335 quii
228 2287 353 2337 copia,
378 2286 467 2335 quia
492 2286 699 2323 multorum
725 2287 843 2323 animi
872 2286 1038 2336 suspecti
1068 2285 1304 2322 omniumffls·

119 2362 249 2397 curam
270 2350 477 2400 oculosque
504 2358 784 2396 converterant,
813 2364 862 2388 ne
881 2351 971 2402 quid
989 2349 1150 2400 falleret
1163 2347 1240 2397 tale
