1527 2661
328 192 381 244 98
786 203 831 232 T.
857 205 989 233 L1v11

128 288 222 361 {ig
240 293 570 329 456·Lucanorurn
597 292 816 336 seditiones,
837 307 858 329 a
879 293 1036 343 plebeiis
1065 300 1102 330 et
1122 295 1320 344 egentibus
1341 295 1443 332 duci·

162 353 168 361 ¹
215 354 221 361 ’
240 338 394 394 296'bus
417 363 535 401 ortas,
557 370 702 393 summa
728 358 970 407 optimatium
997 359 1194 396 voluntate
1213 373 1280 410 per
1300 360 1348 399 Q.
1369 359 1442 395 Fa-

322 422 427 459 bium
448 421 732 472 proconsulem,
753 423 907 458 missum
929 435 974 459 eo
1005 436 1090 459 cum
1110 425 1227 460 veteri
1257 424 1440 467 exercitu,

322 493 608 536 compresserat.
656 485 780 521 Decio
809 486 1096 537 depopulandos
1129 487 1299 524 hostium
1328 500 1440 536 agros

320 552 500 601 relinquit
518 567 525 587 z
559 552 638 600 ipse
664 563 749 586 cnm
779 551 854 585 suis
876 552 994 600 copiis
1024 552 1064 587 iu
1083 552 1279 588 Etruriam
1298 552 1345 588 ad
1364 551 1443 588 col-

124 613 297 661 Votumni-
320 617 444 666 legam
463 617 609 666 pergit:
643 627 755 664 quem
781 615 1045 651 advenientem
1074 615 1152 652 laeti
1171 629 1303 652 omnes
1332 628 1439 652 acce-

122 660 274 738 Χῖὲἓὲἓὶ
317 695 417 732 pere.
449 681 616 731 Appium
636 692 682 715 ex
702 679 937 715 conscientia
955 692 1023 716 sua
1049 681 1160 716 credo
1181 681 1349 717 animum
1367 681 1436 717 ha-

315 747 441 783 buisse
461 746 561 782 haud
583 745 760 780 inmerito
780 744 932 787 iratum,
953 745 984 779 si
1005 745 1099 780 nihil
1119 746 1343 795 scripserat:
1377 745 1435 781 in-

313 812 461 849 liberali
490 817 527 847 et
556 812 708 859 ingrato
738 810 880 853 animo,
911 810 941 845 si
968 817 1124 858 eguerat
1153 823 1239 860 ope,
1261 810 1436 846 dissimu-

311 880 465 916 lantem.
494 879 571 914 Vix
600 878 699 914 enim
730 876 850 912 salute
880 883 1011 913 mutua
1040 878 1197 919 reddita,
1219 890 1334 925 quum
1363 876 1434 912 ob·-

116 940 289 974 Altercatio
310 946 410 981 viam
435 956 605 993 egressus
633 948 744 985 esset,
767 942 882 978 δαείη·
901 943 1021 984 salvae,
1053 942 1191 990 inquit,
1214 942 1258 977 L.
1285 941 1430 977 Votum-

115 993 195 1015 coss.
311 1012 349 1047 ni
366 1012 386 1046 ,9
414 1015 453 1046 ut
470 1021 541 1046 sese
567 1010 601 1044 in
623 1008 773 1043 Samnio
799 1019 854 1042 res
873 1006 1001 1042 habent
1014 1008 1034 1042 9
1066 1008 1153 1047 Quae
1173 1011 1205 1043 te
1231 1018 1369 1048 caussa,
1389 1010 1430 1042 ut

304 1076 494 1124 provincia
515 1079 577 1110 tua
597 1073 789 1113 excederes,
814 1073 953 1107 induxit
967 1073 987 1107 Γ)
1015 1071 1241 1107 Volumni-as
1264 1073 1298 1107 z'n
1320 1071 1427 1107 Sam-

306 1142 366 1176 nio
385 1152 440 1176 res
466 1151 654 1187 prosperas
673 1150 742 1174 esse
761 1139 827 1181 ait,
850 1140 962 1175 literis
990 1139 1063 1184 ejus
1088 1141 1246 1175 adcitum
1268 1140 1400 1174 venisse
1413 1154 1426 1175 .-

306 1217 383 1253 quae
406 1206 437 1240 si
454 1203 568 1252 falsae
584 1202 744 1250 fuerint,
764 1215 827 1238 nec
844 1216 927 1238 usus
953 1206 1008 1239 sui
1035 1206 1081 1238 sit
1112 1205 1147 1238 in
1172 1204 1334 1245 Etruria,
1366 1215 1425 1238 ex-

305 1270 437 1318 ternplo
454 1268 625 1304 conversis
637 1269 747 1315 signis
762 1268 952 1303 abiturum.
990 1269 1042 1304 Tu
1060 1280 1140 1303 vero
1152 1268 1268 1309 abeas,
1285 1267 1423 1316 inquit,

302 1346 414 1382 neque
437 1339 470 1369 te
489 1335 676 1382 quisquam
702 1338 889 1369 moratur:
918 1334 1048 1368 etenim
1076 1334 1220 1368 minime
1238 1337 1421 1368 consenta-

297 1411 405 1434 neum
434 1403 498 1440 est,
520 1410 627 1445 quum
656 1397 746 1432 bello
767 1401 827 1432 tuo
844 1396 1008 1445 forsitan
1029 1399 1087 1433 vix
1112 1396 1283 1445 sufficiam,
1305 1396 1361 1431 hic
1390 1401 1425 1432 te

299 1464 347 1498 ad
377 1475 477 1510 opem
504 1461 693 1508 ferendam
721 1463 804 1497 aliis
829 1462 983 1508 gloriari
1012 1463 1152 1497 venisse.
1198 1461 1305 1503 Bene,
1322 1461 1419 1497 Her-

298 1531 405 1570 cules,
425 1533 590 1569 verteret,
613 1528 736 1563 dicere
756 1527 981 1563 Volumnius
999 1543 1004 1563 :
1040 1529 1149 1563 malle
1165 1527 1316 1576 frustra
1334 1540 1416 1576 ope-

295 1607 376 1630 ram
398 1596 605 1635 insumtam,
628 1605 735 1640 quam
754 1594 951 1641 quidquam
980 1594 1156 1635 incidisse,
1176 1605 1239 1629 cur
1257 1605 1328 1629 non
1355 1606 1414 1629 sa-

296 1660 340 1693 tis
358 1663 443 1694 esset
462 1657 622 1692 Etruriae
639 1669 729 1692 unus
748 1658 944 1692 consularis
961 1658 1145 1693 exercitus.

347 1721 465 1758 XIX.
492 1720 757 1768 Digredientes
771 1721 854 1770 jam
872 1720 1043 1756 consules
1060 1720 1176 1769 legati
1193 1720 1410 1770 tribunique

292 1799 341 1822 ex
359 1786 538 1836 Appiano
566 1785 732 1820 exercitu
754 1785 1058 1821 circumsitum:
1091 1798 1177 1835 pars
1204 1786 1410 1835 imperato-

292 1863 371 1886 rem
392 1863 499 1885 suum
520 1862 642 1892 orare,
661 1862 702 1884 ne
716 1850 859 1897 collega>
877 1851 1065 1893 auxilium,
1083 1852 1179 1898 quod
1197 1852 1411 1887 adciendum

291 1918 388 1952 ultro
405 1917 542 1965 fuerit,
571 1929 636 1952 sua
663 1921 787 1963 sponte
815 1917 972 1952 oblatum
1006 1922 1255 1964 sperneretur:
1282 1917 1407 1967 plures

290 1981 445 2017 abeunti
465 1980 673 2016 Volumnio
694 1980 877 2016 obsistere
907 1987 1019 2029 atque
1040 1981 1238 2024 obtestari,
1258 1995 1301 2018 ne
1315 1996 1406 2030 pra-

289 2058 332 2081 vo
351 2057 431 2081 cum
452 2045 589 2092 collega
609 2046 801 2080 certamine
827 2045 1081 2092 rempublicam
1096 2046 1242 2092 prodat.
1274 2046 1314 2082 Si
1334 2060 1406 2095 qua

288 2111 408 2145 clades
435 2110 625 2152 incidisset,
647 2110 819 2145 desertori
846 2111 973 2157 magis,
995 2122 1101 2158 qumn
1121 2110 1270 2152 deserto,
1292 2113 1407 2148 noxice

274 2174 375 2224 sore.
406 2174 462 2210 Eo
490 2186 563 2209 rem
593 2175 800 2215 adductam,
822 2179 863 2209 ut
891 2186 993 2209 omne
1019 2176 1071 2210 rei
1099 2174 1181 2210 bene
1211 2180 1404 2212 aut-secus

283 2244 390 2287 gestae
422 2241 459 2274 in
479 2238 633 2274 Etruria
657 2239 761 2273 decus
788 2239 1005 2286 dedecusque
1033 2240 1082 2274 ad
1111 2238 1154 2274 L.
1174 2239 1401 2276 Volumnium

282 2306 330 2339 ,xit
348 2305 575 2351 delegatum:
594 2305 769 2340 nerninem
788 2305 1030 2351 quaesiturum,
1052 2316 1129 2352 quoe
1146 2304 1251 2339 verba
1270 2306 1396 2353 Appii,

278 2368 343 2403 sed
362 2379 440 2415 quae
459 2366 618 2415 fortuna
644 2368 814 2403 eoeercitus
834 2366 968 2416 fuerit.
1025 2368 1181 2404 Dimitti
1209 2368 1252 2404 ab
1277 2370 1397 2418 Appio
