1527 2661
413 243 567 272 LIBER
591 241 640 270 x.
672 240 957 270 cAP.XL111.
1163 236 1242 284 135

138 327 361 367 Samnitium
379 332 497 369 millia
512 332 671 381 triginta
687 331 845 368 trecenti
861 330 1114 380 quadraginta
1129 345 1135 366 :
1155 342 1244 381 cap·
1258 342 1302 372 U,
1314 340 1350 371 c,
1367 347 1442 372 459.

136 399 176 429 ta
195 395 268 430 tria
286 396 404 432 millia
421 396 634 445 octingenti
655 403 692 432 et
719 396 962 446 septuaginta
978 408 984 429 :
1018 395 1127 443 signa
1146 395 1245 431 mili·
1258 386 1298 416 A·
1313 384 1349 414 C·
1364 389 1438 416 293.

136 459 233 494 taria
249 461 459 509 nonaginta
474 466 630 510 septem.
660 461 837 496 Ceterum
853 459 944 496 illud
961 459 1152 495 memoriae
1168 465 1247 495 tra-

138 521 252 566 ditur,
279 537 357 560 non
377 525 495 561 ferme
521 525 636 560 alium
657 525 790 561 ducem
816 524 1000 560 laetiorem
1020 524 1059 559 in
1086 524 1166 559 acie
1191 525 1247 559 vi-

138 598 234 630 sum,
263 600 328 625 seu
354 596 489 639 suopte
515 590 683 638 ingenio,
708 602 773 625 seu
793 589 928 625 fiducia
953 588 1050 624 bene
1070 588 1248 637 gerundae

138 651 204 687 rei.
244 652 306 688 Ab
327 653 460 689 eodem
480 653 617 689 robore
637 654 750 688 animi
774 665 895 700 neque
916 658 1161 688 controverso
1181 664 1248 687 au-

139 715 258 764 spicio
278 716 446 751 revocari
466 728 488 751 a
506 716 642 765 proelio
663 717 812 766 potuit;
846 722 883 751 et
901 716 940 751 in
961 716 1043 765 ipso
1064 715 1248 751 discrimi-

137 789 199 821 ne,
220 791 295 827 quo
323 779 463 828 templa
483 779 569 815 Diis
596 780 861 815 inmortalibus
889 780 1017 815 voveri
1044 792 1125 815 mos
1153 785 1248 821 erat,

138 848 292 877 voverat
317 843 406 878 Jovi
435 843 594 886 Victori,
626 844 656 878 si
689 842 856 891 legiones
884 843 1051 878 hostium
1077 841 1249 885 fudisset,

137 905 318 955 pocillum
344 906 455 942 mulsi
484 908 601 957 prius,
629 919 740 955 quam
772 912 954 942 temetum
980 906 1142 948 biberet,
1170 918 1250 942 sese
1264 907 1423 981 3232?va

140 969 352 1020 facturum:
384 971 422 1007 id
445 978 578 1007 votum
598 970 684 1007 Diis
712 970 815 1006 cordi
834 969 930 1005 fuit:
965 976 1003 1005 et
1022 970 1189 1019 auspicia
1212 971 1250 1006 in
1266 1001 1338 1024 tum
1353 994 1434 1024 Jovi,

137 1036 280 1074 bonum
300 1046 505 1077 verterunt.

195 1103 349 1140 XLIII.
378 1105 524 1141 Eadem
543 1104 698 1140 fortuna
717 1103 764 1140 ab
792 1101 912 1140 altero
933 1101 1087 1140 consule
1108 1103 1154 1139 ad
1175 1103 1253 1140 Co-

142 1167 301 1203 minium
320 1175 426 1216 gesta
445 1181 516 1204 res,
573 1167 701 1204 Prima
723 1168 820 1210 luce,
842 1168 888 1202 ad
915 1168 1056 1203 moenia
1076 1167 1252 1204 omnibus

145 1231 263 1280 copiis
294 1232 470 1275 admotis,
502 1245 644 1268 corona
674 1232 794 1267 cinxit
823 1231 977 1276 urbem,
1012 1231 1252 1280 subsidiaque

143 1294 263 1339 firma,
291 1308 340 1332 ne
358 1309 432 1344 qua
458 1296 607 1345 eruptio
631 1296 751 1339 fieret,
779 1296 898 1344 portis
925 1296 1117 1345 obposuit.
1164 1295 1253 1330 Jam

144 1359 293 1407 signum
320 1360 473 1395 dantem
499 1372 585 1395 eum
610 1359 770 1395 nuncius
798 1372 820 1394 a
849 1358 995 1406 collega
1021 1358 1187 1408 trepidus
1209 1358 1254 1394 de

141 1423 278 1471 viginti
298 1423 511 1459 cohortium
535 1423 699 1458 adventu
719 1428 756 1458 et
776 1422 823 1458 ab
844 1423 973 1471 inpetu
994 1428 1161 1458 moratus
1183 1428 1254 1464 est,

143 1493 182 1522 et
203 1494 348 1537 partem
375 1488 570 1538 copiarum
596 1500 772 1523 revocare
799 1488 1022 1522 instructam
1050 1488 1255 1522 intentam-

144 1562 216 1598 que
241 1551 288 1587 ad
313 1551 611 1601 obpugnandum
633 1553 770 1600 coegit.
827 1550 877 1586 D.
898 1551 1058 1586 Brutum
1088 1551 1254 1586 Scaevam

144 1613 310 1662 legatum
341 1628 425 1651 cum
453 1615 603 1664 legione
637 1616 759 1665 prima
796 1622 833 1650 et
872 1615 1000 1650 decem
1031 1614 1252 1649 cohortibus

147 1677 271 1714 alariis
291 1681 536 1728 equitatuque
565 1681 618 1715 ire
648 1680 822 1715 adversus
850 1679 1057 1714 subsidium
1087 1679 1255 1714 hostium

139 1740 277 1791 jussit:
310 1756 547 1792 quocumque
568 1744 604 1778 in
627 1743 711 1778 loco
731 1743 864 1778 fuisset
884 1742 1032 1784 obvius,
1053 1742 1256 1777 obsisteret

148 1818 190 1841 ac
211 1815 443 1852 moraretur3
475 1820 718 1856 manumque,
739 1808 769 1842 si
789 1807 888 1842 forte
912 1807 965 1841 ita
990 1818 1046 1841 res
1068 1811 1253 1854 posceret,

149 1870 359 1906 conferret:
392 1871 506 1907 modo
528 1884 576 1906 ne
603 1872 649 1906 ad
668 1872 886 1906 Cominium
913 1882 965 1905 eae
986 1870 1104 1918 copiae
1125 1869 1255 1905 admo·
1270 1874 1461 1904 Cominium

162 1948 168 1954 v
213 1935 220 1941 ·
699 1949 708 1954 ,
741 1935 747 1940 ·
999 1947 1005 1953 ,
1249 1927 1287 1946 -a
1305 1918 1445 1947 Carvilio

149 1947 224 1969 ieri
253 1942 418 1983 possent.
475 1935 563 1985 Ipse
591 1935 708 1970 scalas
728 1937 815 1970 feni
848 1935 893 1969 ad
923 1946 1050 1969 inuios
1077 1933 1123 1969 ab
1153 1947 1255 1969 omni
1271 1968 1416 1999 captum.

148 2005 253 2048 parte
274 1998 519 2049 urbisjussit,
540 2013 582 2035 ac
610 2000 798 2035 testudine
825 1999 872 2034 ad
897 2005 1024 2048 portas
1053 1999 1255 2034 successit:

148 2062 258 2098 simul
278 2069 315 2098 et
334 2062 638 2111 refringebantur
654 2070 787 2113 portae,
806 2069 842 2097 et
864 2063 915 2097 vis
937 2062 1101 2110 undique
1118 2062 1155 2096 in
1176 2075 1258 2096 mu-

148 2139 209 2162 ros
230 2126 356 2163 fiebat.
413 2128 615 2170 Sanmites,
643 2128 754 2169 sicut,
776 2134 977 2175 antequam
1005 2127 1044 2161 in
1064 2127 1177 2161 muris
1205 2126 1260 2161 vi-

148 2191 280 2227 derent
298 2197 477 2233 armatos,
500 2192 589 2226 satis
617 2192 730 2226 animi
752 2191 966 2226 habuerunt
986 2190 1033 2225 ad
1055 2189 1260 2239 prohiben-

153 2256 220 2291 dos
249 2255 350 2291 urbis
378 2255 480 2291 aditu
508 2256 662 2300 hostes3
695 2256 761 2296 ita,
783 2261 983 2304 postquam
1002 2253 1084 2302 jain
1113 2266 1189 2288 non
1217 2265 1263 2288 ex

155 2319 352 2355 intervallo
368 2332 436 2355 nec
456 2319 675 2361 missilibus,
697 2319 760 2354 sed
781 2319 952 2353 cominus
966 2316 1166 2365 gerebatur
1182 2329 1261 2361 res3

155 2390 205 2425 et,
227 2383 289 2431 qui
315 2395 414 2431 aegre
441 2389 699 2419 successerant
720 2395 765 2418 ex
793 2382 906 2432 plano
934 2383 973 2417 in
999 2393 1140 2423 mm·OS,
1162 2379 1263 2423 loco,
