1527 2661
85 288 127 318 U.
141 288 178 319 C.
191 295 264 320 540.

276 185 361 226 440
730 185 775 213 T.
800 184 933 215 mvn

276 289 339 313 nos
357 290 381 313 α
406 277 508 325 plebe
534 278 800 321 intercluderet,
829 278 937 314 tribus
965 278 1002 313 in
1029 277 1242 326 suffragium
1270 281 1391 315 vocari

81 332 120 362 Α·
138 332 174 363 C·
190 339 260 363 2¹2·
272 342 488 390 prohiberet.
510 343 614 378 Nihil
629 343 731 378 alind
747 355 768 378 a
784 344 876 379 ccede
887 355 929 378 ac
942 343 1168 378 dimicatione
1183 344 1393 379 continuisse

84 987 143 1019 Rei
161 986 246 1026 capi-

84 1033 154 1061 talis
171 1031 235 1060 dies

85 1074 252 1105 Postumio

83 1119 199 1147 dieitur
215 1126 233 1146 a

82 1161 221 1190 tribunis

83 1203 196 1242 plebis,

84 1629 125 1661 ln
141 1628 223 1660 exsi-

89 1673 172 1703 lium
191 1674 257 1712 ipse

86 1722 119 1745 et
134 1715 186 1745 alii
203 1716 260 1746 ali-

87 1765 168 1796 quot
182 1759 237 1789 ab·

88 1808 178 1832 cunc

91 2275 124 2305 P.
141 2274 222 2304 Lici-

91 2328 164 2347 mus

88 2361 236 2391 Pontifex

278 407 448 449 homines,
469 409 538 442 nisi
560 408 779 455 patientiam
797 409 1089 454 magistratuum,
1111 408 1205 455 quod
1229 409 1394 443 cesserint

277 472 313 506 in
331 472 519 519 praesentia
533 470 664 518 furori
686 475 794 518 atque
818 471 981 506 audaciae
1002 482 1213 518 paucorum,
1232 472 1395 519 vincique

276 547 312 571 se
337 547 380 570 ac
407 536 580 583 populum
600 534 806 571 Ram-anum
832 536 928 583 passi
956 536 1052 571 sint:
1081 539 1117 570 et
1138 536 1296 578 comitia,
1318 547 1396 584 quae

278 611 358 635 reus
381 602 417 635 vi
436 605 544 648 atque
569 601 679 635 armis
701 599 945 648 prohibiturus
972 604 1064 641 erat,
1085 611 1130 635 ne
1159 611 1281 635 caussa
1299 611 1395 647 quoe-

278 665 433 700 rentibus
452 665 716 700 dimicationem
731 665 893 707 daretur,
914 665 1099 700 voluntate
1118 665 1226 712 ipsius
1242 664 1394 700 sustule-

278 730 365 766 rint.
421 728 517 764 Haec
538 741 652 778 quum
679 728 726 766 ab
746 728 893 779 optimo
913 740 1064 778 quoque
1092 740 1162 778 pro
1192 728 1393 764 atrocitate

277 793 333 828 rei
352 799 438 829 acta
463 800 602 836 essent,
623 794 773 843 vimque
796 806 878 829 eam
904 799 1039 830 contra
1063 792 1335 842 rempublicam
1354 797 1393 828 et

278 856 494 906 pernicioso
514 857 687 908 exemplo
706 857 861 900 factam,
884 863 1034 893 senatus
1055 856 1265 901 decresset,
1298 868 1392 892 con-

277 920 405 957 festim
433 921 588 957 Carvilii
614 921 757 957 tribuni
787 921 923 971 plebis,
945 921 1085 957 omissa
1112 920 1241 956 multae
1270 926 1394 956 certa-

279 986 398 1029 tione,
426 987 479 1022 rei
506 986 677 1036 capitalis
699 987 798 1022 diem
823 986 1024 1022 Postumio
1044 986 1243 1021 dixerunt:
1275 998 1333 1029 ac,
1352 984 1394 1021 ni

281 1050 390 1085 vades
411 1050 529 1094 daret,
555 1049 737 1100 prehendi
767 1063 790 1086 a
808 1050 966 1093 viatore,
994 1055 1108 1098 atque
1137 1049 1177 1085 in
1206 1061 1394 1085 carcerem

280 1114 365 1151 duci
388 1112 600 1164 jusserunt.
647 1114 881 1157 Postumius,
902 1113 1059 1150 vadibus
1081 1113 1193 1156 datis,
1218 1125 1298 1149 non
1327 1113 1392 1149 ad-

279 1177 363 1215 fuit.
419 1177 580 1216 Tribuni
595 1178 746 1229 plebem
765 1183 1008 1228 rogaverunt,
1026 1177 1230 1229 plebesque
1248 1177 1303 1213 ita
1321 1177 1394 1213 sci-

277 1244 355 1279 vit:
390 1244 431 1280 Si
450 1244 504 1280 M.
525 1245 732 1281 Postumius
757 1249 841 1280 ante
861 1244 1046 1280 Kalendas
1064 1242 1186 1278 Maias
1211 1254 1281 1279 non
1305 1254 1395 1291 pro-

279 1310 398 1351 disset,
419 1311 620 1358 citatusque
638 1321 677 1345 eo
697 1310 756 1346 die
770 1321 840 1345 non
858 1309 1104 1358 respondisset,
1121 1319 1231 1356 neque
1248 1319 1394 1344 excusa-

281 1378 337 1409 tus
352 1378 450 1417 esset,
466 1375 581 1409 videri
597 1386 674 1409 enm
691 1376 727 1410 in
744 1375 865 1410 exsilio
884 1386 955 1410 esse
967 1389 979 1410 .·
998 1373 1155 1421 bonaque
1173 1370 1247 1418 ejus
1259 1373 1394 1414 venire,

278 1439 346 1485 ipsi
375 1451 471 1486 aqua
499 1443 533 1474 et
564 1441 638 1486 igni
661 1439 808 1487 placere
835 1440 1012 1474 interdici.
1069 1436 1233 1486 Singulis
1263 1435 1397 1472 deinde

278 1514 424 1545 eorum,
446 1502 509 1551 qui
536 1502 656 1538 turbae
683 1515 725 1538 ac
741 1502 925 1538 tumultus
955 1502 1207 1538 concitatores
1226 1499 1392 1543 fuerant,

280 1566 336 1601 rei
354 1565 525 1616 capitalis
546 1566 644 1602 diem
660 1566 797 1609 dicere,
819 1579 862 1602 ac
876 1565 988 1602 vades
1009 1576 1164 1617 poscere
1184 1568 1394 1613 coeperunt.

281 1630 411 1667 Primo
437 1644 515 1668 non
536 1631 682 1674 dantes,
704 1631 839 1668 deinde
867 1632 981 1668 etiam
1002 1643 1080 1674 eos,
1108 1630 1171 1679 qui
1192 1629 1280 1665 dare
1305 1640 1396 1679 pos-

283 1703 381 1739 sent,
403 1696 441 1731 in
462 1708 649 1731 carcerem
669 1695 949 1746 conjiciebant:
983 1693 1089 1745 cujus
1109 1693 1163 1730 rei
1187 1692 1396 1744 periculum

283 1761 446 1797 vitantes
466 1759 635 1810 plerique
654 1761 693 1796 in
713 1760 886 1796 exsilium
906 1759 1093 1796 abierunt.

336 1825 384 1861 V.
414 1824 531 1861 Hunc
549 1824 652 1860 fraus
672 1825 976 1875 publicanorum,
995 1823 1129 1859 deinde
1144 1820 1314 1858 fraudem
1329 1834 1397 1858 au-

282 1889 391 1925 dacia
409 1894 627 1938 protegens,
645 1889 788 1924 exitum
807 1887 954 1924 habuit.
1012 1887 1179 1922 Comitia
1195 1886 1281 1922 inde
1299 1899 1396 1935 pon-

281 1954 376 1990 tifiei
396 1953 562 1988 maximo
584 1952 745 1988 creando
765 1950 854 1987 'sunt
872 1951 1016 1987 habita.
1072 1950 1128 1986 Ea
1151 1950 1305 1985 comitia
1325 1962 1395 1985 no-

282 2031 350 2056 vus
377 2017 551 2069 pontifex
579 2017 635 2054 M.
651 2017 849 2054 Cornelius
880 2016 1071 2064 Cethegus
1101 2014 1246 2051 habuit.
1301 2014 1394 2049 Tres

282 2082 430 2132 ingenti
446 2082 651 2117 certamine
668 2082 858 2131 petierunt
874 2094 880 2115 :
904 2081 951 2119 Q.
966 2079 1118 2115 Fulvius
1131 2078 1287 2114 Flaccus
1303 2089 1394 2112 con-

283 2146 356 2190 sul,
377 2145 441 2195 qui
467 2150 504 2180 et
533 2152 621 2181 ante
648 2145 704 2180 bis
735 2144 867 2181 consul
897 2150 933 2179 et
962 2156 1096 2179 censor
1114 2142 1259 2178 fuerat:
1292 2148 1328 2176 et
1348 2140 1395 2176 T.

282 2211 451 2247 Manlius
475 2206 710 2258 Torquatus,
731 2215 769 2244 et
797 2209 877 2258 ipse
898 2207 1043 2243 duobus
1074 2204 1331 2242 consulatibus
1358 2210 1396 2239 ct

285 2287 443 2311 censura
461 2275 619 2322 insignis
636 2288 643 2309 ε
677 2280 714 2308 et
730 2272 772 2309 P.
786 2271 957 2308 Licinius
977 2271 1147 2311 Crassus,
1169 2269 1231 2316 qui
1250 2274 1287 2303 ct
1308 2267 1396 2303 aedi-

285 2340 431 2377 litatem
449 2339 617 2377 curulem
632 2339 818 2391 petiturus
833 2343 911 2373 erat
928 2352 936 2372 t
968 2336 1030 2372 hic
1047 2346 1152 2371 senes
1169 2334 1398 2369 honoratos-
