1527 2661
354 207 507 236 LIBER
533 205 675 234 XXVI.
709 204 816 234 CAP.
842 205 924 234 111.
1110 206 1191 249 503

82 299 255 334 exercitus
274 296 427 332 Romam
446 297 585 332 redisse.
616 295 768 330 Facinus
788 296 974 342 indignum
993 306 1074 336 esse,
1099 294 1192 330 Can·
1206 300 1247 330 U.
1265 298 1301 330 C.
1317 306 1389 331 541,

82 373 223 396 nensem
242 361 447 402 exercitum,
466 360 560 407 quod
578 371 618 394 ea:
636 360 713 394 acie
721 358 878 407 fugerit,
896 360 934 394 in
954 357 1117 394 Siciliam
1134 360 1193 394 de·
1207 345 1245 374 Α·
1262 343 1299 375 C·
1315 350 1391 374 ‘²¹¹‘

80 430 280 473 portatum,
310 437 354 460 ne
383 425 485 472 prius
513 425 596 460 inde
625 424 846 466 dimittatur,
876 435 984 470 quam
1016 422 1125 458 hostis
1156 435 1197 458 ex

87 490 199 525 Italia
222 490 420 532 decesserit,
441 493 475 524 et
504 488 568 524 hoc
596 489 690 524 idem
718 489 756 523 in
786 487 850 523 Cn.
871 488 988 523 Fulvii
1007 488 1200 535 legionibus

82 564 196 600 nuper
224 553 429 589 decretum:
465 551 526 587 Cn.
548 552 671 587 Fulvio
688 550 826 600 fugam
854 563 895 586 ex
920 552 1060 599 praelio,
1090 553 1200 599 ipsius

87 617 288 652 temeritate
307 617 501 658 commisso,
523 616 726 663 inpunitam
744 627 816 651 esse
832 631 844 651 .·
873 620 908 651 et
931 627 1010 651 eum
1030 617 1067 650 in
1083 627 1201 662 ganea

88 681 290 729 lustrisque,
320 681 380 717 ubi
398 679 588 727 juventam
617 681 741 728 egerit,
770 685 981 716 senectutem
1011 685 1175 715 acturum
1188 696 1200 716 .-

87 746 232 788 milites,
253 746 315 793 qui
342 745 434 781 nihil
457 745 560 781 aliud
584 745 826 793 peccaverint,
848 756 955 792 quam
974 746 1068 792 quod
1090 747 1201 793 impe-

87 811 221 845 ratoris
237 810 369 846 similes
386 809 546 859 suerint,
566 810 743 856 relegatos
765 821 878 857 prope
896 810 933 844 in
951 810 1126 851 exsilium,
1148 811 1203 857 ig-

88 875 324 910 nominiosam
350 875 432 922 pati
460 874 632 909 militiam
648 889 660 910 .-
698 874 788 908 adeo
815 874 977 920 inparem
1006 873 1204 910 libertatem

91 939 216 975 Romae
235 939 303 974 diti
323 950 365 974 ac
383 939 552 986 pauperi,
574 938 748 973 honorato
767 942 873 985 atque
892 938 1104 973 inhonorato
1123 951 1204 974 esse.

145 1002 220 1039 III.
253 1002 358 1038 Reus
385 1002 432 1038 ab
459 1015 498 1038 se
526 1001 675 1052 culpam
699 1002 739 1037 in
765 1000 902 1037 milites
922 1002 1175 1039 transferebat
1193 1018 1201 1039 :
1218 1009 1256 1040 Se
1269 1009 1418 1040 defendit.

92 1067 165 1102 Eos
190 1065 368 1115 ferociter
394 1079 554 1114 pugnam
580 1070 759 1114 poscentes
784 1067 977 1114 productos
1007 1068 1044 1102 in
1077 1069 1204 1110 aciem,

92 1142 163 1167 non
192 1142 244 1173 eo,
283 1143 351 1178 quo
379 1131 570 1172 voluerint,
605 1130 708 1177 (quia
735 1142 851 1165 serum
883 1131 955 1166 diei
976 1129 1114 1179 fuerit)
1147 1134 1208 1168 sed

88 1200 232 1242 postero
251 1195 322 1236 die,
342 1199 376 1230 et
397 1200 553 1242 tempore
573 1199 607 1229 et
627 1196 702 1230 loco
722 1207 821 1242 aequo
841 1196 1042 1237 instructos,
1062 1208 1122 1232 seu
1139 1196 1208 1245 fa-

94 1271 204 1301 mam,
224 1271 283 1295 seu
311 1261 383 1295 vim
412 1259 563 1295 hostium
592 1271 661 1295 non
688 1261 902 1295 sustinuisse.
960 1260 1076 1301 Quum
1102 1262 1210 1310 effuse

96 1335 215 1359 omnes
230 1322 419 1372 fugerent,
443 1336 478 1359 se
500 1336 637 1372 quoque
667 1323 770 1359 turba
799 1324 955 1360 ablatum
969 1341 982 1368 ,-
1011 1330 1051 1360 ut
1076 1326 1207 1362 Varro-

97 1398 178 1422 nem
199 1387 375 1423 Cannensi
390 1400 528 1435 pugna,
551 1392 590 1423 ut
608 1388 739 1423 multos
758 1388 847 1423 alios
865 1389 1104 1435 imperatores.
1137 1390 1209 1430 Qui

98 1455 219 1486 autem
243 1453 358 1487 solum
383 1464 417 1488 se
442 1457 634 1488 restantem
659 1453 826 1499 prodesse
852 1453 1066 1500 reipublicae,
1088 1455 1154 1489 nisi
1180 1456 1211 1490 si

98 1527 192 1551 mors
209 1528 275 1552 sua
292 1519 448 1553 remedio
471 1517 624 1565 publicis
648 1517 805 1553 cladibus
821 1515 959 1565 futura
977 1523 1076 1560 esset,
1101 1523 1210 1566 potu-

100 1582 199 1616 isse?
238 1581 321 1616 Non
348 1594 384 1617 se
411 1583 535 1630 inopia
563 1587 790 1624 commeatus,
817 1594 887 1617 non
916 1583 952 1617 in
982 1583 1060 1618 loca
1088 1585 1212 1632 iniqua

101 1646 242 1680 incaute
262 1647 466 1688 deductum,
486 1659 556 1681 non
583 1648 725 1693 agmine
749 1647 973 1694 inexplorato
998 1653 1137 1684 euntem
1156 1650 1212 1684 in-

99 1709 200 1743 sidiis
228 1711 529 1746 circumventum:
564 1712 600 1745 vi
627 1715 770 1758 aperta,
801 1713 923 1753 armis,
953 1713 1030 1747 acie
1056 1714 1214 1749 victum.-

103 1784 166 1807 nec
184 1785 328 1809 suorum
348 1776 500 1817 animos,
521 1786 583 1810 nec
602 1775 768 1817 hostium,
790 1776 825 1810 in
841 1780 1019 1823 potestate
1037 1777 1215 1814 habuisse:

102 1848 206 1871 suum
231 1838 355 1884 cuique
384 1839 565 1884 ingenium
587 1839 776 1874 audaciam
799 1844 863 1875 aut
888 1852 1057 1887 pavorem
1075 1840 1216 1888 facere.

106 1900 171 1936 Bis
202 1908 259 1937 est
289 1908 500 1945 accusatus,
531 1903 765 1952 pecuniaque
795 1903 1049 1951 anquisitum:
1087 1905 1215 1947 tertio,

105 1964 265 2000 testibus
304 1965 415 2009 datis,
453 1978 581 2014 quum,
617 1972 866 2015 praeterquam
904 1967 1005 2015 quod
1042 1967 1216 2003 omnibus

105 2027 252 2077 probris
283 2028 526 2072 onerabatur,
550 2028 669 2079 jurati
700 2030 875 2079 permulti
909 2030 1090 2073 dicerent,
1117 2030 1217 2080 fugae

106 2093 331 2142 pavorisque
350 2094 503 2130 initium
524 2108 545 2130 a
565 2102 725 2144 praetore
744 2101 892 2140 ortum3
919 2095 965 2131 ab
986 2108 1031 2131 eo
1051 2096 1218 2132 desertos

106 2157 259 2200 milites,
280 2171 395 2206 quum
415 2159 516 2195 haud
535 2172 672 2195 vanum
691 2159 866 2195 timorem
886 2159 990 2195 ducis
1010 2160 1220 2202 crederent,

106 2228 214 2269 terga
239 2222 407 2267 dedisse3
440 2230 549 2259 tanta
577 2225 632 2259 ira
657 2236 816 2260 accensa
845 2230 915 2266 est,
938 2230 978 2258 ut
1007 2224 1130 2273 capite
1153 2236 1220 2259 an-

107 2285 334 2333 quirendum
354 2287 489 2323 concio
517 2287 779 2325 subclamaret.
836 2288 896 2324 De
917 2301 962 2324 eo
983 2300 1131 2337 quoque
1151 2300 1222 2323 no-

108 2362 193 2385 vum
220 2358 412 2387 certamen
442 2358 567 2388 ortum
587 2367 593 2385 τ
626 2364 729 2394 nam,
750 2365 864 2401 quum
885 2351 1058 2388 tribunus
1078 2350 1135 2387 bis
1154 2363 1221 2401 pe-
