1527 2661
272 169 358 213 510
730 173 775 201 T.
800 173 933 203 mvn

79 270 121 300 U,
134 269 169 300 C.
189 278 261 302 541,
276 262 460 298 tolerando
471 274 606 310 pancos
623 263 710 305 dies,
726 268 837 299 totam
852 266 1030 302 soluturos
1044 266 1267 303 obsidionem,
1297 266 1397 304 Inde·
1490 294 1493 316 ἱ

79 314 118 345 A'
135 313 172 344 C·
188 321 387 362 ‘²¹¹‘naves
415 327 454 362 in
477 326 631 363 flumine
650 327 842 364 Vulturno
868 330 1159 380 comprehensas
1189 330 1314 379 subigi
1343 331 1391 367 ad

274 390 326 432 id,
347 391 448 439 quod
468 390 551 440 jam
572 398 660 427 ante
679 392 845 441 praesidii
865 405 999 430 caussa
1016 394 1174 438 fecerat,
1196 394 1392 431 castellum
1491 399 1495 445 χ’

267 454 396 504 jussit.
453 456 624 494 Quarum
659 456 723 492 ubi
755 463 902 494 tantam
933 459 1083 519 copiam
1115 471 1210 503 esse,
1244 465 1288 495 ut
1316 472 1392 495 una
1494 457 1496 464 '

274 525 386 554 nocte
416 518 540 568 trajici
568 526 697 569 posset
724 521 925 565 exercitus,
954 521 1121 558 adlatum
1148 528 1219 565 est,
1241 522 1391 558 cibariis
1496 497 1498 559 i

273 583 402 618 decem
423 583 566 619 dierum
584 585 819 634 praeparatiS,
841 585 1019 622 deductas
1039 592 1152 622 nocte
1172 586 1219 622 ad
1237 586 1392 623 fiuvium
1497 594 1500 627 ὲ

273 646 442 695 legiones
463 654 551 683 ante
570 647 691 684 lucem
712 648 876 699 trajecit.
1499 647 1501 652 ’

325 710 439 747 VIII.
475 711 521 747 Id
549 712 769 761 priusquam
799 712 919 756 fieret,
940 714 995 749 ita
1022 712 1194 749 futurum
1219 725 1392 764 comper-

271 780 353 810 tum
374 788 420 810 ex
442 775 663 824 transfugis,
683 776 839 813 Fulvius
866 777 1023 814 Flaccus
1052 777 1201 814 senatui
1225 775 1392 814 Romam

271 851 387 886 quum
407 839 631 888 scripsisset,
650 840 751 876 varie
765 840 964 877 hominum
985 840 1102 876 animi
1119 853 1190 890 pro
1210 839 1392 890 cujusque

78 901 180 932 Variae
196 903 229 932 in
270 902 427 950 ingenio
456 903 595 940 adfecti
625 910 725 941 sunt.
784 904 838 941 Ut
857 905 897 941 in
917 917 957 941 re
975 911 1054 941 tam
1073 904 1236 955 trepida,
1257 911 1393 942 senatu

77 952 253 1020 Ξξὲῗὲἓῐίἒ·
272 966 463 1017 extemplo
484 974 636 1011 vocato,
655 968 698 1004 P.
717 968 931 1012 Cornelius,
949 969 1010 1005 cui
1027 969 1158 1005 Asinae
1177 981 1393 1018 cognomen

271 1037 365 1074 erat,
388 1043 518 1067 omnes
539 1032 652 1068 duces
673 1032 936 1081 exercitusque
953 1045 999 1069 ex
1017 1039 1103 1069 tota
1122 1032 1248 1076 Italia,
1269 1045 1392 1082 neque

271 1092 427 1144 Capuae,
459 1107 581 1143 neque
610 1094 722 1131 ullius
751 1095 905 1132 alterius
937 1096 991 1131 rei
1023 1107 1181 1139 memor,
1212 1096 1260 1132 ad
1289 1095 1392 1132 urbis

269 1158 487 1208 praesidium
514 1159 731 1195 revocabat.
779 1159 919 1195 Fabius
949 1159 1160 1203 Maximus,
1187 1159 1339 1196 abscedi
1368 1171 1392 1196 a

271 1222 417 1271 Capua,
437 1223 646 1271 terrerique
675 1229 714 1258 et
744 1223 949 1271 circumagi
973 1223 1020 1259 ad
1045 1229 1159 1259 nutus
1180 1223 1391 1259 commina-

270 1286 471 1335 tionesque
501 1286 747 1331 Hannibalis,
767 1287 999 1335 flagitiosum
1020 1287 1194 1323 ducebat.
1254 1287 1325 1329 Qui
1343 1288 1393 1323 ad

273 1350 416 1387 Cannas
446 1353 559 1387 victor
589 1353 642 1388 ire
672 1356 794 1388 tamen
823 1353 874 1387 ad
901 1352 1023 1388 urbem
1055 1363 1162 1388 ausus
1188 1363 1261 1388 non
1288 1356 1388 1395 esset,

270 1427 362 1457 eum,
384 1429 407 1451 a
435 1416 562 1464 Capua
587 1417 782 1465 repulsam,
806 1428 904 1465 spem
933 1417 1115 1464 potiunda?
1143 1415 1239 1452 urbis
1265 1415 1392 1452 Romae

271 1482 433 1528 cepisse?
474 1481 559 1517 Non
585 1483 633 1517 ad
658 1481 815 1518 Romam
841 1481 1080 1523 obsidendam,
1099 1481 1161 1516 sed
1185 1481 1235 1517 ad
1259 1480 1392 1528 Capuae

271 1544 491 1580 liberandam
510 1545 738 1587 obsidionem,
759 1547 822 1581 ire.
880 1544 1035 1580 Romam
1055 1556 1135 1580 cum
1153 1556 1194 1580 eo
1216 1546 1386 1587 exercitu,

271 1610 331 1656 qni
350 1610 399 1644 ad
418 1609 536 1645 urbem
551 1616 650 1653 esset,
664 1610 803 1652 Jovem,
814 1609 999 1658 foederum
1017 1614 1207 1656 ruptorum
1222 1609 1266 1645 ab
1280 1609 1388 1645 Han-

269 1673 387 1709 nibale
407 1678 540 1716 testem,
563 1675 732 1722 Deosque
750 1675 840 1709 alios
858 1672 1063 1721 defensuros
1081 1685 1162 1708 esse.
1219 1671 1302 1709 Has
1332 1672 1388 1709 di-

270 1749 394 1773 versas
423 1739 631 1773 sententias
661 1737 784 1773 media
813 1738 1003 1773 sententia
1028 1736 1071 1773 P.
1090 1735 1232 1772 Valerii
1260 1735 1388 1772 Flacci

269 1801 359 1836 vicit
378 1815 385 1835 :
419 1802 496 1850 qui,
519 1802 713 1850 utriusque
736 1801 790 1836 rei
815 1813 974 1843 memor,
996 1799 1301 1850 imperatoribuS,
1322 1800 1387 1849 qui

270 1864 316 1900 ad
338 1864 508 1914 Capuam
528 1872 668 1908 essent,
689 1864 930 1901 scribendum
950 1864 1110 1906 censuit,
1134 1864 1232 1905 Quid
1253 1865 1301 1899 ad
1325 1876 1387 1900 ur-

270 1929 345 1965 bem
359 1931 522 1977 praesidii
541 1935 640 1972 esset,
663 1934 818 1977 quantas
838 1934 957 1964 antem
976 1929 1162 1964 Hannibal
1181 1930 1302 1976 copias
1320 1929 1388 1965 dn-

270 1998 376 2035 ceret,
399 1999 464 2029 aut
482 2000 617 2041 quanto
637 1996 789 2030 eaeercitu
810 1995 859 2029 ad
877 1993 1040 2041 Capuam
1056 1993 1282 2029 obsidendam
1302 2005 1389 2042 opus

270 2063 370 2101 esset,
393 2060 484 2106 ipsos
507 2060 608 2095 scire.
660 2060 701 2094 Si
721 2064 753 2094 et
775 2059 929 2094 Romam
949 2070 967 2094 e
986 2057 1129 2094 dacibus
1147 2058 1253 2100 alter,
1274 2062 1308 2093 et
1327 2069 1386 2092 ex-

270 2125 400 2159 ercitus
415 2136 501 2172 pars
521 2126 615 2159 mitti
634 2129 762 2171 posset,
786 2128 825 2159 ut
843 2123 886 2159 ab
904 2124 1042 2170 reliquo
1067 2128 1101 2158 et
1127 2123 1216 2158 duce
1233 2126 1269 2157 et
1285 2134 1385 2157 exer-

268 2190 341 2224 citu
376 2188 501 2236 Capua
533 2193 626 2224 recte
661 2189 876 2224 obsideretur
891 2205 902 2231 ,-
945 2190 1038 2223 inter
1068 2200 1104 2223 se
1136 2192 1385 2234 compararent

269 2251 442 2288 Claudius
469 2252 694 2300 Fulviusque,
724 2255 798 2287 utri
828 2253 1019 2287 obsidenda
1051 2252 1190 2299 Capua,
1221 2252 1307 2292 utri,
1337 2252 1385 2285 ad

263 2317 520 2365 prohibendam
541 2318 718 2353 obsidione
735 2319 908 2364 patriam,
928 2316 1078 2351 Romam
1101 2316 1309 2351 veniamlum
1331 2328 1378 2350 cs-
