1527 2661
434 245 589 274 LIBER
614 244 660 273 x.
694 244 801 273 cAr.
825 243 906 271 xL.
1148 241 1223 284 131

0 299 1 311 l

0 346 2 355 l

107 332 261 380 jurandi
280 336 445 371 adversus
452 334 598 384 foedera
615 335 767 382 suscepti
792 333 1048 368 exsecrationes
1067 331 1224 373 horrens,
1237 333 1327 408 {mg
1344 340 1419 408 333.

116 399 246 435 z'nvitus
269 398 463 446 juraverit,
503 400 619 435 oderit
653 402 930 440 sacramentum,
965 408 1035 432 uno
1072 400 1227 444 tempore
1270 399 1277 408 “
1319 399 1326 407 ”
1345 399 1361 407 ”
1409 397 1417 405 ”

116 462 229 506 Deos,
251 465 354 506 cives,
376 464 488 500 hostes
507 468 654 500 metuat.

168 526 257 563 XL.
287 527 397 571 Haec,
429 534 625 578 comperta
653 526 895 577 perfugarum
925 525 1088 567 indiciis,
1109 536 1225 573 quum

114 591 214 640 apud
242 591 411 628 infensos
433 591 516 643 jam
546 604 613 627 sua
642 597 777 641 sponte
808 589 945 626 milites
972 588 1223 631 disseruisset,

115 654 227 690 simul
247 655 380 692 divinae
409 656 658 704 humanaeque
688 654 767 705 spei
796 653 911 704 pleni,
939 652 1104 689 clamore
1132 665 1224 689 con-

117 718 295 755 sentienti
332 732 499 769 pugnam
536 726 722 769 poscunt,
756 718 919 767 poenitet
954 717 993 751 iu
1031 723 1226 766 posterum

115 781 213 818 diem
233 783 390 819 dilatum
411 790 600 820 certamen
616 799 624 827 3
658 794 803 817 moram
824 781 897 816 diei
917 780 1116 829 noctisque
1135 780 1226 817 ode-

115 851 216 882 runt.
264 847 395 883 Tertia
415 848 544 896 vigilia
562 847 702 888 noctis,
717 844 800 895 jam
819 844 947 880 relatis
967 843 1085 880 literis
1106 857 1128 880 a
1148 844 1227 881 col-

114 907 213 957 lega,
233 909 407 960 Papirius
428 911 580 946 silentio
608 910 741 958 surgit,
763 915 801 944 et
820 907 1021 958 pullarium
1042 908 1081 943 in
1101 909 1227 958 auspi-

117 973 217 1010 cium
235 976 365 1012 mittit.
413 975 571 1011 Nullum
587 981 667 1010 erat
683 985 801 1023 genus
817 973 1016 1009 hominum
1037 974 1075 1008 in
1093 974 1226 1010 castris

116 1036 303 1073 intactum
323 1039 531 1089 cupiditate
550 1051 710 1089 pugnae:
744 1037 881 1073 summi
901 1036 1096 1086 infimique
1123 1050 1228 1087 aeque

117 1101 255 1137 intenti
293 1109 423 1139 erant:
457 1103 533 1139 dux
570 1103 748 1145 militum,
779 1101 885 1138 miles
917 1102 1020 1138 ducis
1057 1103 1230 1140 ardorem

98 1165 326 1215 spectabat.
374 1167 412 1203 Is
440 1167 550 1202 ardor
570 1168 740 1203 omnium
760 1167 872 1202 etiam
901 1166 947 1202 ad
973 1179 1051 1210 eos,
1073 1168 1136 1215 qui
1164 1181 1231 1204 au-

120 1229 239 1278 spicio
268 1230 490 1273 intererant,
520 1231 714 1280 pervenit:
748 1242 851 1272 nam,
882 1243 998 1278 quum
1030 1230 1123 1279 pulli
1152 1244 1231 1268 non

120 1299 376 1342 pascerentur,
397 1294 592 1344 pullarius,
614 1295 823 1344 auspicium
842 1295 995 1330 mentiri
1014 1307 1141 1338 ausus,
1161 1297 1230 1332 tri·
1243 1298 1437 1348 Auspicium

121 1357 276 1406 pudium
296 1358 524 1394 solistimum
540 1357 686 1394 consuli
702 1358 908 1395 nunciavit.
958 1358 1104 1394 Consul
1122 1359 1230 1397 laetus
1245 1349 1411 1426 3:532&

120 1421 329 1469 auspicium
356 1423 550 1470 egregium
584 1434 678 1465 esse,
710 1428 748 1457 et
780 1421 874 1457 Deis
904 1423 1123 1459 auctoribus
1153 1437 1233 1461 rem

119 1490 306 1532 gesturos,
334 1486 584 1534 pronunciat,
617 1486 840 1534 signumque
870 1498 1007 1536 pugnae
1038 1489 1233 1537 proponit.

117 1547 284 1584 Exeunti
297 1547 380 1598 jam
399 1549 498 1584 forte
518 1550 557 1584 in
584 1550 704 1585 aciem
722 1550 879 1585 nunciat
905 1549 1076 1600 perfuga,
1097 1552 1234 1601 viginti

122 1613 297 1648 cohortes
328 1613 554 1649 Samnitium
588 1614 929 1663 (quadringenariae
956 1614 1073 1651 ferme
1104 1617 1229 1664 erant)

124 1676 342 1712 Cominium
361 1678 567 1727 profectas,
585 1679 686 1727 quod
705 1691 753 1714 ne
772 1679 968 1726 ignoraret
986 1679 1145 1728 collega,
1167 1694 1232 1717 ex-

124 1740 265 1790 templo
302 1742 480 1777 nuncium
516 1743 656 1777 mittit:
689 1743 769 1792 ipse
796 1744 905 1791 signa
933 1744 1038 1779 ocius
1072 1744 1233 1793 proferri

120 1802 245 1852 jubet,
277 1804 517 1854 subsidiaque
547 1807 622 1841 suis
644 1818 800 1855 quaeque
829 1806 936 1849 locis,
967 1814 1006 1842 et.
1034 1808 1233 1857 praefectos

126 1867 301 1903 subsidiis
319 1868 564 1906 adtribuerat.
608 1869 757 1906 Dextro
777 1883 895 1906 cornu
910 1871 956 1907 L.
971 1871 1230 1917 Volumnium,

124 1933 277 1967 sinistro
293 1932 338 1968 L.
361 1933 592 1982 Scipionem,
611 1934 800 1986 equitibus
820 1935 965 1984 legatos
987 1936 1095 1978 alios,
1118 1937 1230 1974 Caios

122 1996 326 2031 Caedicium
340 2002 377 2031 et
389 1996 637 2040 Trebonium,
649 1998 830 2047 praefecit.
872 2000 935 2048 Sp.
949 1999 1135 2037 Nautium
1150 2014 1233 2038 mu-

123 2060 194 2103 los,
216 2060 392 2097 detractis
421 2061 585 2105 clitellis,
607 2075 692 2098 cum
712 2063 933 2099 cohortibus
964 2064 1089 2100 alariis
1112 2066 1150 2101 in
1170 2072 1231 2102 tu-

122 2123 265 2160 mulum
285 2131 530 2175 conspectum
550 2138 709 2175 propere
729 2128 1007 2164 circumducere
1025 2127 1152 2177 jubet,
1174 2138 1231 2166 at-

124 2203 195 2240 que
215 2191 302 2226 inde
323 2191 422 2227 iuter
447 2192 566 2241 ipsam
587 2193 884 2235 dimicationem,
906 2199 1049 2240 quanto
1069 2195 1233 2231 maxime

123 2260 264 2304 posset,
285 2263 392 2290 moto
418 2255 571 2305 pulvere
599 2256 811 2293 ostendere.
858 2255 962 2292 Dum
981 2256 1038 2291 his
1063 2257 1231 2293 intentus

123 2318 328 2367 imperator
358 2327 451 2364 erat,
486 2320 683 2357 altercatio
720 2321 813 2356 iuter
855 2320 1036 2371 pullarios
1074 2328 1158 2357 orta
1188 2322 1232 2358 de

123 2381 290 2432 auspicio
316 2382 396 2433 ejus
418 2384 505 2429 diei,
526 2385 777 2433 exauditaque
797 2384 843 2421 ab
864 2384 1054 2434 equitibus
1079 2384 1227 2423 Roma-

629 2448 664 2483 G
685 2448 706 2485 6
