1527 2661
434 225 586 255 LIBER
611 225 754 254 XXIV.
787 224 892 254 CAP.
919 225 974 253 11.
1173 220 1253 266 371

144 327 232 352 nem
252 314 530 351 multitudinem
556 316 594 350 in
614 322 803 365 potestate
822 315 990 350 hostium
1011 325 1090 349 esse
1112 313 1255 349 adfere-
1268 311 1311 384 ἕ·
1325 309 1362 383 g
1378 304 1450 382 {¹¹5}-

145 379 261 424 bant,
293 385 387 422 tum,
411 385 513 414 metu
533 379 636 421 victi,
658 378 896 414 consulturos
925 390 963 413 se
989 376 1171 428 populum
1198 389 1255 412 re·
1300 376 1306 384 '
1353 375 1360 384 '
1443 371 1450 380 '

144 443 397 492 sponderunt:
431 443 686 492 advocataque
706 442 898 493 extemplo
922 443 1120 484 concione,
1142 454 1258 490 quum

140 514 183 542 vet
198 506 406 542 levissimus
423 507 579 555 quisque
595 519 711 544 novas
733 520 789 543 res
806 519 1017 556 novamque
1038 506 1258 541 societatem

143 570 313 612 mallent,
331 577 381 612 et,
399 583 556 619 quorum
578 572 780 620 propinqui
797 578 902 607 extra
920 571 1048 607 urbem
1064 568 1258 605 interclusi

146 634 192 670 ab
219 634 391 669 hostibus
422 640 542 676 erant,
567 634 667 670 velut
693 635 886 671 obsidibus
908 635 1018 676 datis,
1039 635 1258 683 pigneratos

143 700 328 735 haberent
348 700 508 741 animos,
530 701 640 748 pauci
669 701 789 749 magis
809 702 914 737 taciti
941 701 1147 751 probarent
1167 712 1257 735 con-

142 769 306 799 stantem
343 763 468 805 fidem,
508 777 620 811 quam
667 765 869 813 probatam
907 765 1004 801 tueri
1047 765 1227 800 auderent
1246 780 1254 806 3

140 827 242 863 haud
261 826 377 862 dubio
397 827 436 861 in
456 828 618 875 speciem
646 840 831 863 consensu
852 829 893 864 fit
921 828 967 863 ad
993 828 1133 863 Poenos
1154 827 1258 862 dedi-

141 891 218 926 tio:
252 890 297 926 L.
317 890 437 926 Atilio
457 890 637 940 praefecto
658 892 836 940 praesidii,
857 893 995 941 quique
1016 904 1099 927 cum
1121 904 1165 926 eo
1187 891 1258 926 mi-

140 954 226 991 lites
245 954 412 991 Romani
440 962 561 998 erant,
583 955 679 991 clam
699 956 737 991 in
762 962 915 1006 portum
941 956 1123 997 deductis,
1145 961 1259 1003 atque

141 1019 316 1068 inpositis
347 1019 384 1053 in
414 1030 543 1061 naves,
571 1025 613 1054 ut
639 1018 834 1067 Rhegium
861 1020 1147 1061 deveherentur,
1175 1018 1257 1054 Han

140 1082 332 1119 milcarem
352 1082 569 1131 Poenosque
589 1096 633 1118 ea
652 1083 885 1126 conditione,
908 1089 949 1119 ut
967 1083 1090 1118 foedus
1113 1088 1257 1118 extem-

141 1146 206 1196 plo
227 1147 341 1194 aequis
361 1145 507 1193 legibus
525 1146 645 1189 fieret,
666 1147 704 1182 in
724 1146 855 1182 urbem
876 1152 1120 1196 acceperunt:
1150 1145 1256 1195 cujus

140 1210 195 1246 rei
215 1222 332 1259 prope
352 1221 429 1244 non
450 1216 597 1246 servata
623 1210 712 1246 fides
734 1210 866 1246 deditis
888 1215 957 1252 est,
979 1222 1094 1258 quum
1113 1209 1254 1245 Poenus

143 1273 231 1308 dolo
251 1273 444 1308 dimissum
464 1272 683 1309 Romanum
703 1274 912 1318 incusaret3
935 1273 1145 1310 Locrenses
1165 1286 1254 1322 pro·

140 1338 282 1385 fugisse
301 1338 423 1387 ipsum
448 1343 722 1372 eaussarentur.
780 1337 947 1374 Insecuti
969 1338 1083 1373 etiam
1109 1338 1253 1386 equites

142 1408 243 1444 sunt,
265 1402 293 1436 si
314 1414 390 1450 quo
410 1414 499 1438 casu
524 1402 563 1436 in
582 1401 681 1437 freto
702 1408 813 1438 aestus
838 1402 993 1444 morari,
1021 1408 1086 1437 aut
1112 1401 1255 1437 deferre

138 1477 252 1500 naves
272 1466 310 1501 in
331 1472 470 1501 terram
489 1471 618 1514 posset
636 1479 644 1499 τ
675 1471 716 1500 et
736 1477 799 1501 eos
820 1465 985 1514 quidem,
1007 1477 1100 1514 quos
1121 1477 1253 1513 seque-

137 1527 288 1571 bantur,
320 1541 398 1564 non
428 1534 515 1564 sunt
545 1528 692 1578 adepti:
731 1528 822 1564 alias
842 1541 876 1564 a
899 1528 1079 1565 Messana
1108 1528 1251 1577 trajici-

134 1598 242 1627 entes
270 1592 367 1628 freto
392 1592 586 1641 Rhegium
610 1605 723 1628 naves
758 1599 1048 1643 conspexerunt.
1104 1592 1249 1628 Milites

138 1661 245 1690 erant
263 1655 445 1698 Romani,
466 1669 487 1691 a
508 1655 668 1691 Claudio
695 1662 856 1705 praetore
881 1657 985 1692 missi
1006 1656 1052 1692 ad
1072 1656 1249 1691 obtinen-

138 1720 224 1756 dam
246 1721 375 1757 urbem
398 1723 594 1771 praesidio:
627 1722 754 1770 itaque
773 1722 926 1770 Rhegio
953 1719 1143 1769 extemplo
1162 1719 1248 1755 abs-

137 1796 282 1819 cessum
327 1791 395 1820 est.
452 1784 707 1820 Locrensibus
749 1784 860 1834 jussu
894 1783 1123 1820 Hannibalis
1161 1783 1250 1820 data

133 1860 222 1897 pax,
243 1853 284 1882 ut
304 1848 403 1883 liberi.
421 1849 493 1883 suis
512 1848 644 1895 legibus
661 1850 836 1884 viverent:
863 1849 943 1884 urbs
959 1852 1100 1896 pateret
1116 1848 1246 1889 Poenis,

130 1916 256 1960 portus
275 1914 309 1946 in
328 1916 538 1958 potestatem
559 1911 788 1947 Locrensium
808 1917 894 1948 esset
908 1929 918 1949 .·
947 1914 1097 1947 societas
1115 1923 1154 1947 eo
1164 1911 1249 1957 jure

126 1980 255 2016 staret,
276 1980 317 2010 ut
337 1975 466 2011 Poenus
481 1975 704 2018 Locrensem,
725 1976 977 2026 Locrensisque
995 1976 1140 2012 Poennm
1159 1987 1249 2024 pace

132 2051 176 2075 ac
195 2040 284 2075 belzo
293 2038 453 2084 juvaret.

188 2102 241 2139 ΙΙ.
273 2103 333 2138 Sic
353 2116 374 2138 a
387 2102 486 2139 freto
506 2103 616 2140 Poeni
632 2103 790 2148 reducti,
805 2103 1052 2140 frementibus
1070 2104 1246 2147 Bruttiis,

133 2167 235 2216 quod
261 2166 453 2215 Rhegium
473 2180 516 2203 ac
534 2168 695 2211 Locros,
716 2181 807 2218 quas
837 2169 947 2205 urbes
975 2169 1185 2218 direpturos
1207 2181 1246 2205 se

135 2231 426 2274 destinaverant,
454 2231 613 2267 intactas
643 2231 893 2281 reliquissent.
949 2231 1084 2281 Itaque
1112 2245 1178 2282 per
1206 2245 1245 2268 se
1260 2240 1369 2272 Bruttii
1385 2242 1461 2272 Cro-

86 2328 88 2330 ,
127 2295 220 2344 ipsi,
247 2295 469 2345 conscriptis
500 2296 727 2344 armatisque
748 2295 961 2346 juventutis
992 2309 1067 2332 suae
1088 2296 1244 2345 quinde-
1256 2291 1366 2365 ἕῖἓξῐῐῃ
1382 2295 1444 2366 12:ae

1352 2349 1360 2361 ‚
1448 2346 1459 2352 i.

129 2359 205 2394 ciui
235 2358 414 2403 millibus,
445 2359 489 2395 ad
519 2359 726 2396 Crotonem
756 2360 1053 2412 obpugnandum
1081 2368 1243 2411 pergunt
1256 2377 1300 2400 ter
1316 2379 1432 2404 arcem,

655 2421 736 2459 116
