1527 2661
404 192 558 222 LIBER
584 193 654 222 tx.
687 192 793 222 CAP.
816 192 974 220 XXIII.
1193 188 1248 235 35

133 288 175 316 ut
203 293 277 317 uno
308 282 385 318 ictu
413 284 626 318 exanimem
652 295 750 330 equo
782 282 1059 331 praecipitaret:
1090 292 1175 324 nec,
1208 287 1249 316 ut
1261 286 1303 316 U.
1318 284 1353 315 C.
1367 292 1442 318 439.

132 344 187 386 fit,
209 344 255 379 ad
282 345 386 381 ducis
417 358 545 382 casum
576 345 750 395 perculsa
775 345 910 393 magis,
943 357 1057 393 quam
1085 330 1299 387 i1·1·itata,²³·
1314 328 1350 359 C·
1368 334 1442 360 313,

129 414 187 442 est
212 408 427 445 multitudo.
472 409 631 451 Omnes,
654 409 718 457 qui
746 409 846 444 circa
871 413 992 450 erant,
1018 407 1055 442 in
1075 406 1250 450 Aulium,

129 476 269 507 temere
296 473 486 509 invectum
513 485 579 522 per
598 474 765 509 hostium
793 478 950 514 turmas,
970 471 1047 507 tela
1072 470 1248 520 conjece-

129 542 230 571 runt.
272 535 395 571 Fratri
425 538 657 587 praecipuum
686 536 798 572 decus
829 535 898 571 ulti
921 535 1147 571 Samnitium
1176 536 1247 571 im-

129 600 313 647 peratoris
342 600 546 635 dederunt:
580 601 610 635 is
638 601 820 635 victorem
847 599 1058 634 detractum
1084 611 1130 634 ex
1145 611 1248 647 equo

128 664 351 710 magistrum
372 665 555 713 equitum,
576 664 707 714 plenus
730 665 903 700 moeroris
931 672 1044 711 atque
1065 664 1144 707 irae,
1165 672 1246 700 tru-

128 726 288 762 cidavit:
319 740 388 763 nec
407 727 568 764 multum
588 728 697 770 afuit,
720 729 809 776 quin
831 740 989 777 corpore
1009 728 1137 771 etiam,
1158 730 1249 777 quia

127 789 226 825 inter
244 790 401 826 hostiles
423 793 609 827 ceciderat
630 799 785 834 turmas,
809 791 997 827 Samnites
1018 792 1245 840 potirentur.

129 853 203 889 Sed
221 855 413 904 extemplo
440 857 487 892 ad
511 856 623 906 pedes
651 856 873 892 descensum
899 854 946 891 ab
966 854 1153 891 Romanis
1174 863 1244 899 est,

127 919 324 967 coactique
343 919 442 955 idem
470 921 658 956 Samnites
679 920 826 956 facere:
859 926 898 955 et
926 920 1125 969 repentina
1144 920 1244 956 acies

128 981 227 1017 circa
266 995 425 1032 corpora
454 984 591 1019 ducum
624 983 797 1033 pedestre
831 982 1008 1033 proelium
1037 984 1136 1026 iniit,
1168 996 1243 1032 quo

128 1045 228 1080 haud
244 1045 354 1081 dubie
371 1053 522 1096 superat
540 1046 735 1082 Romanus
753 1061 759 1081 :
790 1053 1127 1097 recuperatumque
1139 1046 1245 1082 Aulii

131 1122 280 1158 corpus,
302 1111 422 1147 mixta
448 1124 533 1146 cum
553 1111 684 1147 dolore
710 1111 857 1154 laetitia,
879 1112 1041 1147 victores
1059 1111 1099 1146 in
1120 1118 1245 1148 castra

129 1172 308 1210 referunt.
367 1175 568 1218 Samnites,
599 1176 693 1211 duce
724 1177 877 1219 amisso,
906 1182 942 1211 et
973 1188 1040 1225 per
1073 1183 1246 1224 equestre

131 1243 321 1272 certamen
358 1239 513 1273 tentatis
547 1238 702 1281 viribus,
737 1240 878 1274 omissa
915 1237 1096 1281 Saticula,
1131 1251 1247 1287 quam

128 1302 380 1350 nequidquam
401 1303 550 1339 defendi
570 1303 763 1345 rebantur,
778 1304 825 1339 ad
839 1303 983 1339 Plistiae
1004 1303 1246 1341 obsidionem

127 1365 285 1401 redeunt
298 1383 309 1411 3
333 1367 505 1415 intraque
521 1380 662 1417 paucos
678 1368 755 1403 dies
777 1367 944 1403 Saticula
959 1367 1157 1403 Romanus
1177 1381 1245 1419 per

127 1429 372 1473 deditionem,
393 1430 527 1467 Plistia
546 1444 612 1481 per
631 1432 706 1467 vim
728 1431 875 1468 Samnis
896 1432 1053 1481 potitur.

179 1494 339 1531 XXIII.
369 1495 522 1532 Mutata
538 1497 622 1532 inde
643 1496 731 1532 belli
751 1497 856 1532 sedes
877 1504 932 1532 est
949 1511 956 1532 :
979 1496 1025 1532 ad
1045 1496 1179 1533 Soram
1195 1510 1243 1534 ex

128 1559 282 1595 Samnio
297 1559 512 1609 Apuliaque
531 1561 714 1597 traductae
730 1561 913 1609 legiones.
958 1561 1053 1596 Sora
1069 1561 1115 1597 ad
1132 1562 1239 1597 Sam·
1253 1575 1337 1606 301·ae
1353 1577 1456 1607 defec-

126 1623 223 1658 nites
261 1623 463 1666 defecerat,
501 1623 710 1660 interfectis
756 1624 901 1660 colonis
947 1624 1211 1661 Romanorum
1228 1641 1235 1662 :
1251 1620 1294 1668 tio
1311 1620 1348 1649 ad
1363 1621 1457 1651 Sam-

125 1699 200 1735 quo
221 1699 336 1735 quum
355 1688 458 1736 prior
476 1687 675 1723 Romanus
697 1689 897 1730 exercitus,
918 1688 965 1723 ad
985 1688 1240 1726 ulciscendam
1251 1669 1343 1693 nites.

127 1750 264 1786 civium
294 1763 423 1786 necem
454 1751 823 1800 recuperandamque
856 1751 1059 1794 coloniam,
1090 1754 1239 1801 magnis

123 1814 321 1849 itineribus
349 1816 604 1864 praevenisset,
626 1821 664 1850 et
689 1817 808 1865 sparsi
834 1828 900 1865 per
920 1817 997 1852 vias
1024 1816 1238 1865 speculato-

123 1890 196 1921 res,
218 1879 322 1926 sequi
351 1878 520 1927 legiones
551 1879 791 1923 Samnitium,
811 1893 880 1916 nec
903 1879 985 1930 jam
1014 1880 1146 1930 procul
1169 1882 1236 1917 ab·

125 1954 218 1984 esse,
237 1941 300 1977 alii
320 1955 430 1993 super
446 1943 554 1986 alios,
572 1946 816 1990 nunciarent3
841 1945 991 1981 obviam
1008 1946 1104 1981 itum
1118 1946 1234 1990 hosti,

123 2014 235 2056 atque
264 2009 311 2044 ad
338 2009 522 2045 Lautulas
553 2011 709 2059 ancipiti
738 2011 874 2061 proelio
904 2012 1123 2047 dimicatum
1152 2020 1234 2049 est:

123 2084 200 2108 non
228 2073 360 2115 caedes,
382 2086 458 2109 non
478 2073 569 2123 fuga
595 2074 746 2110 alterius
773 2076 904 2124 partis,
926 2076 990 2111 sed
1010 2088 1087 2111 nox
1112 2076 1237 2112 incer-

123 2143 198 2180 tos,
229 2138 318 2172 victi
347 2138 559 2173 victoresne
588 2145 727 2181 essent,
749 2139 910 2175 diremit.
953 2139 1112 2175 Invenio
1133 2141 1236 2190 apud

123 2201 318 2249 quosdam,
349 2203 541 2238 adversam
571 2215 655 2239 eam
683 2216 850 2253 pugnam
883 2203 1069 2240 Romanis
1102 2204 1235 2249 fuisse,

122 2271 234 2313 atque
265 2267 303 2301 in
333 2279 377 2302 ea
407 2267 583 2303 cecidisse
606 2267 654 2306 Q.
674 2267 843 2311 Aulium,
876 2270 1097 2317 magistrum
1128 2271 1233 2317 equi-

119 2334 211 2366 tum.
253 2330 454 2368 Subfectus
485 2333 525 2369 in
550 2332 679 2369 locum
698 2332 802 2368 Aulii
823 2333 865 2370 C.
886 2332 1025 2369 Fabius
1053 2334 1233 2383 magister

639 2395 670 2432 C
692 2395 713 2432 6
