1527 2661
108 317 201 348 U.C.
221 323 282 348 ⁵86

111 363 151 391 A.
166 360 201 390 C.
220 365 281 391 216

112 447 205 476 Redit
220 457 239 477 a

109 489 246 529 Delphis

110 532 233 571 legatus

111 576 232 606 Roma—

110 629 183 650 nus.

304 216 388 269 316
757 229 803 257 T.
829 229 965 258 mvn

287 318 457 354 ·cilium.·
484 330 659 366 nusquam
686 319 811 361 malle,
838 331 945 366 quam
975 320 1011 354 in
1038 330 1149 366 regno
1177 316 1263 365 ejus,
1292 320 1422 362 vivere,

286 382 293 389 ’
307 394 408 430 quem
427 383 604 418 vindicem
623 387 732 430 atque
750 388 932 419 auctorem
951 383 1080 419 habeat
1099 383 1286 419 libertatis,

361 447 434 484 XI.
464 448 569 484 Dum
588 449 669 484 haec
689 455 886 497 geruntur,
906 449 955 487 Q.
968 448 1107 484 Fabius
1125 448 1255 484 Pictor
1274 447 1422 496 legatus

307 525 328 547 a
348 511 508 562 Delphis
538 511 704 548 Romam
735 512 859 554 rediit,
880 512 1177 561 responsumque
1207 524 1253 547 ex
1281 511 1425 561 scripto

307 576 502 611 recitavit:
535 575 625 611 Divi
652 588 803 625 quoque
828 576 867 611 in
898 588 944 611 eo
977 580 1098 618 erant,
1120 575 1255 623 quibus
1274 587 1425 624 quoque

307 640 421 675 modo
458 639 756 690 supplicaretur:
788 646 884 682 tum,
920 640 962 675 Si
998 641 1051 675 ita
1075 639 1224 688 faxitis,
1256 639 1425 682 Romani,

307 711 431 743 vestra?
459 719 515 742 res
540 707 704 742 meliores
723 705 984 754 facilioresque
1014 709 1143 740 erunt:
1176 706 1358 753 magisque
1385 717 1428 741 ex

306 773 485 808 sententia
513 770 711 818 respublica
740 774 857 805 cestra
885 769 980 804 vobis
1007 769 1187 816 procedet,
1207 770 1427 817 victoriaque

307 837 421 873 duelli
437 836 568 885 populi
588 834 746 870 Romani
765 835 844 869 erit.
887 833 1021 880 Pythio
1041 834 1220 881 Apollini,
1244 833 1429 881 republica

309 905 426 936 vestra
447 900 529 935 bene
544 903 645 946 gesta
663 902 890 945 servataque,
913 898 1020 932 lucris
1038 898 1173 932 meritis
1192 897 1325 933 donum
1342 899 1428 933 mit-

310 966 426 1006 titote,
448 965 559 1011 deque
581 964 720 1011 proeda,
743 962 928 1002 manubiis,
955 962 1148 1009 spoliisque
1172 960 1338 997 honorem
1361 961 1428 998 ha-

310 1029 437 1070 betote,
469 1029 652 1064 lasciviam
688 1039 710 1061 a
742 1026 837 1061 vobis
867 1025 1099 1073 prohibetote.
1157 1024 1253 1062 Haec
1283 1025 1348 1061 ubi
1381 1038 1428 1072 ex

311 1093 448 1129 Graeco
476 1092 642 1128 carmine
668 1091 918 1140 interpretata
943 1090 1130 1132 recitavit,
1157 1094 1238 1125 tum
1259 1089 1368 1133 dixit,
1395 1101 1431 1125 se

311 1159 457 1194 oraculo
482 1168 657 1204 egressum
685 1156 860 1203 ertemplo
887 1155 940 1190 his
965 1155 1124 1190 omnibus
1143 1155 1251 1189 Divis
1273 1166 1350 1190 rem
1375 1155 1430 1190 di-

311 1223 433 1258 vinam
461 1226 540 1257 ture
568 1233 610 1255 ac
638 1221 718 1254 rino
737 1217 893 1267 fecisse.-
912 1216 1121 1265 jussumque
1139 1217 1182 1252 ab
1211 1218 1336 1266 templi
1363 1230 1430 1254 an-

314 1288 439 1327 tistite,
459 1288 552 1321 sicut
581 1288 773 1320 coronatus
798 1284 923 1318 laurea
943 1295 1072 1319 corona
1096 1286 1131 1318 et
1150 1283 1334 1318 oraculum
1363 1283 1432 1319 ad-

315 1353 409 1391 isset,
441 1354 476 1384 et
508 1361 583 1384 rem
614 1349 771 1384 divinam
791 1346 964 1395 fecisset,·
996 1347 1048 1381 ita
1077 1350 1285 1382 coronatum
1310 1348 1432 1382 navim

316 1415 545 1455 adscendere,
564 1426 628 1448 nec
646 1417 731 1447 ante
747 1412 920 1459 deponere
939 1423 1032 1452 eain,
1050 1423 1157 1458 quam
1178 1410 1332 1446 Romam
1348 1423 1432 1459 per-

316 1480 478 1514 venisset.
537 1477 597 1519 Se,
619 1487 846 1524 quaecumque
871 1476 1051 1521 imperata
1075 1476 1160 1516 sint,
1188 1487 1265 1510 cum
1291 1487 1433 1511 summa

317 1543 491 1589 religione
519 1554 561 1576 ac
588 1542 774 1588 diligentia
803 1544 1002 1575 exsecutum
1017 1555 1028 1582 ;
1058 1551 1223 1574 coronam
1243 1539 1368 1575 Romae
1395 1542 1432 1575 in

319 1619 421 1641 aram
444 1606 626 1653 Apollinis
653 1605 860 1652 deposuisse.
918 1602 1078 1638 Senatus
1105 1602 1283 1645 decrevit,
1312 1609 1353 1638 ut
1379 1616 1431 1639 eae

321 1682 377 1706 res
400 1669 534 1705 divinae
555 1667 926 1718 supplicationesque
952 1666 1074 1715 primo
1096 1678 1245 1715 quoque
1263 1672 1435 1716 tempore

106 1742 206 1780 Mago
221 1739 297 1769 Car·
322 1747 406 1770 cnm
428 1746 518 1769 cura
539 1733 683 1768 fierent.
742 1731 843 1766 Dum
869 1731 950 1766 haec
969 1729 1104 1765 Romae
1132 1737 1245 1779 atque
1263 1730 1302 1766 in
1323 1730 1435 1768 Italia

106 1785 275 1823 thaginem

104 1829 197 1858 fratre
216 1826 291 1856 mis-

108 1880 174 1901 sus.

293 1790 311 1810 a
324 1805 520 1847 geruntur,
540 1796 701 1832 nuncius
722 1795 890 1830 victoriae
918 1794 965 1830 ad
985 1794 1135 1830 Cannas
1156 1794 1435 1844 Karthaginem

324 1867 480 1899 venerat
498 1859 619 1908 Mago
640 1859 868 1896 Hamilcaris
892 1858 986 1894 filius
1003 1874 1010 1894 ι
1043 1871 1124 1894 non
1151 1871 1196 1895 ex
1216 1859 1297 1909 ipsa
1317 1861 1397 1896 acie
1417 1873 1439 1897 a

325 1927 443 1963 fratre
459 1926 608 1967 missus,
626 1924 689 1960 sed
709 1929 876 1959 retentus
898 1923 1043 1972 aliquot
1058 1923 1135 1959 dies
1155 1924 1194 1959 in
1215 1925 1438 1974 recipiendis

328 1989 543 2027 civitatibus
562 1988 814 2029 Bruttiorum,
828 2000 985 2036 qnaeque
1001 1986 1237 2023 deficiebant.
1259 1987 1310 2031 Is,
1325 2002 1440 2037 quum

328 2055 361 2091 ei
392 2060 543 2090 senatus
574 2053 682 2088 datus
713 2058 825 2094 esset,
856 2064 912 2087 res
933 2059 1057 2100 gestas
1078 2053 1115 2088 in
1146 2051 1259 2089 Italia
1284 2066 1306 2088 a
1325 2053 1441 2090 fratre

112 2121 253 2160 Exponit
270 2128 316 2148 res
329 2119 485 2168 exponit
501 2133 508 2152 :
544 2117 631 2153 Cum
650 2129 709 2152 sex
728 2117 998 2165 imperatoribus
1016 2129 1108 2159 eum,
1126 2129 1273 2165 quorum
1291 2123 1446 2166 quatuor

111 2172 212 2205 gestas
229 2163 317 2193 Han-

113 2207 240 2238 ulbalis.

330 2185 501 2226 consules,
520 2184 590 2218 duo
606 2183 761 2219 dictator
777 2195 820 2218 ac
835 2184 1005 2230 magister
1019 2184 1177 2230 equiturn
1185 2182 1346 2231 suerint,
1363 2197 1443 2222 cum

329 2262 390 2285 ser
421 2247 661 2284 consularibus
690 2247 897 2283 exercitibus
929 2248 1005 2282 acie
1036 2246 1252 2296 corfiioeisse:
1280 2250 1446 2285 occidisse

331 2326 443 2361 supra
480 2313 633 2357 ducenta
669 2311 786 2346 millia
823 2311 1001 2346 hostium:
1036 2322 1148 2358 supra
1184 2311 1444 2359 quinquaginta

332 2379 450 2414 millia
478 2377 618 2424 cepisse.
676 2375 734 2410 Ex
753 2380 907 2424 quatuor
932 2375 1128 2411 consulibus
1146 2376 1234 2412 duos
1258 2378 1445 2424 occidisse,-
