1527 2661
143 974 284 1014 Respon-

142 1027 217 1048 sum
236 1018 326 1048 Han-

143 1060 270 1091 nibalis.

335 108 420 162 360
784 119 829 146 T.
856 120 990 149 mvn

316 221 324 229 ·
336 210 454 252 modo,
468 213 681 258 percursant
697 210 779 244 totis
784 209 921 257 finibus
933 210 1063 245 nostris
1079 211 1328 259 negligentius,
1342 224 1451 260 quam.

333 274 364 309 si
383 275 421 309 in
440 273 603 310 Romano
622 278 839 321 vagarentur
857 286 956 320 agro.
1006 273 1140 310 Caussa
1159 279 1279 311 autem
1293 275 1365 311 haec
1383 280 1448 318 est,
1503 281 1508 312 Ῐ

336 338 430 386 quod
447 350 558 385 neque
578 343 615 372 tu
637 336 808 385 dffendis,
830 342 865 372 et
883 342 1005 373 nostra
1021 336 1203 383 juveram,
1225 351 1315 386 quae,
1333 340 1365 375 si
1383 329 1448 375 do-

334 405 386 438 mi
404 408 504 445 esset,
527 408 719 444 tutaretur,
741 404 853 437 omnis
871 403 932 437 sub
950 404 1059 449 signis
1081 405 1217 439 militat
1236 406 1316 440 tui-⁹.
1372 405 1451 440 Nec

335 471 383 508 te,
404 479 465 502 nec
493 468 683 502 exerc-itum
714 471 814 501 tuum
833 467 961 507 norim,
991 468 1073 508 nisi,
1103 479 1127 502 a
1145 480 1214 515 quo
1240 471 1294 503 tot
1312 468 1449 503 Roma·
1497 471 1499 474 ⁴

333 543 398 566 nas
416 532 508 566 acies
522 530 633 578 fusas
650 535 851 577 stratasque
875 541 944 564 esse
960 532 1084 573 sciam,
1104 533 1138 566 ei
1149 530 1270 579 facile
1293 543 1364 577 esse
1382 533 1449 567 du-

334 607 415 631 cam
433 595 629 643 obprimere
654 595 886 642 populatores
913 599 1050 630 nostros
1077 607 1200 643 vagos,
1228 597 1305 631 sine
1326 597 1451 644 signis,

332 661 491 708 palatos,
523 672 592 708 quo
625 672 795 708 quemque
832 659 958 702 trahit,
993 661 1154 707 quamvis
1184 672 1292 703 vana,
1322 662 1453 709 praedoe

332 735 421 772 spes.
480 724 721 760 Numidarum
739 735 938 771 paucorum
959 724 1015 761 illi
1033 725 1174 772 quidem
1192 726 1316 772 praeda
1334 730 1452 763 erunt,

330 790 610 837 proesidiumque
628 789 768 823 missum
786 788 883 823 nobis
897 793 932 823 et
950 787 1055 824 Nolae
1068 789 1243 824 ademerit
1255 805 1267 825 .·
1284 791 1315 825 si
1331 790 1453 833 modo,

336 866 436 902 quos,
457 858 499 889 ut
524 854 634 889 socios
663 852 818 893 haberes,
841 852 966 899 dignos
995 853 1141 896 duxisti,
1165 853 1263 890 haud
1290 855 1454 902 indignos

327 917 487 965 judicas,
509 929 595 964 quos
610 918 648 952 in
653 916 769 965 fidem
789 921 948 964 receptos
968 919 1111 953 tuearis.

391 979 546 1017 XLIII.
576 979 636 1015 Ad
663 991 706 1014 ea
725 977 923 1014 Hannibal
947 980 1165 1029 respondit:
1200 982 1330 1018 Omnia
1347 982 1456 1018 simul

327 1045 458 1095 facere
477 1045 652 1092 Hirpinos
671 1043 944 1091 Samnitesque:
974 1049 1009 1080 et
1033 1045 1192 1081 indicare
1213 1046 1332 1082 clades
1355 1057 1452 1088 suas,

337 1114 373 1146 et
383 1114 506 1157 petere
520 1108 743 1156 praesidium,
761 1112 795 1142 et
814 1109 913 1155 queri.
928 1107 1127 1156 indefensos
1143 1120 1179 1144 se
1196 1110 1455 1157 neglectasque.

339 1172 580 1209 Inclicanclum
600 1175 721 1206 autem
730 1169 848 1219 fuisse
862 1172 1036 1218 primum,
1053 1172 1135 1207 dein
1151 1172 1344 1219 petendum
1357 1184 1453 1220 prce-

337 1237 495 1272 sidium:
519 1240 714 1283 postremo,
744 1235 782 1269 ni
811 1235 1067 1281 impetraretur,
1098 1239 1173 1271 tum
1201 1235 1352 1283 denique
1371 1247 1454 1283 que-

338 1301 502 1342 rendam,
530 1299 677 1347 frustra
715 1311 817 1346 opem
853 1299 1087 1346 imploratam.
1144 1300 1352 1335 Exercitum
1386 1312 1457 1336 sese

340 1377 407 1400 non
429 1366 465 1400 in
491 1376 618 1411 agrum
637 1364 836 1411 Hirpinum
856 1363 1111 1405 Samnitemve‚
1130 1374 1174 1398 ne
1200 1368 1235 1398 et
1260 1364 1334 1411 ipse
1358 1365 1456 1400 oneri

338 1433 439 1470 esset,
458 1430 518 1464 sed
539 1430 573 1463 in
591 1429 758 1475 proxima
777 1428 854 1462 loca
872 1429 1046 1462 sociorum
1066 1427 1195 1474 populi
1213 1426 1371 1463 Romani
1389 1428 1454 1463 ad-

338 1493 527 1528 ducturum
544 1509 554 1528 .·
585 1494 626 1527 iis
638 1492 861 1539 populandis
879 1496 914 1526 et
936 1491 1087 1526 militem
1103 1503 1207 1526 suzim
1232 1492 1455 1539 repleturum

338 1569 386 1598 se,
408 1561 444 1591 et
461 1560 557 1591 metii
576 1556 702 1603 procul
721 1555 822 1590 abiis
839 1555 1084 1590 submoturum
1100 1554 1224 1591 hostes.
1283 1557 1388 1597 Quod
1406 1557 1454 1592 ad

340 1621 470 1656 bellum
500 1619 704 1654 Romanum
743 1620 933 1661 adtineret,
963 1620 994 1654 si
1018 1620 1217 1655 Trasimeni
1235 1632 1344 1667 quam
1368 1622 1454 1656 Tre-

342 1683 419 1726 δὶα),
448 1685 478 1718 si
500 1683 703 1718 Cannarum
727 1694 830 1729 quam
859 1683 1057 1718 Trasinzeni
1079 1695 1206 1731 pugna
1234 1683 1384 1719 nobilior
1403 1696 1454 1720 es-

339 1753 392 1783 set
402 1765 416 1791 ,-
447 1747 651 1783 Cannarum
670 1758 706 1781 se
724 1759 862 1794 quoque
887 1748 1095 1782 memoriam
1114 1747 1299 1785 obscuram
1322 1747 1457 1793 majore

341 1817 376 1848 et
409 1813 561 1847 clariore
596 1812 749 1846 victoria
773 1809 979 1859 facturum.
1037 1810 1134 1845 Cum
1166 1810 1241 1846 hoc
1273 1823 1456 1861 responso

343 1874 636 1922 muneribusque
656 1873 788 1923 amplis
809 1873 955 1922 legatos
972 1873 1137 1909 dimisit:
1170 1874 1263 1923 ipse,
1280 1875 1455 1923 praesidio

340 1938 493 1974 modico
517 1937 649 1972 relicto
679 1937 719 1972 in
744 1937 896 1980 Tifatis,
917 1936 1109 1987 profectus
1136 1943 1263 1973 cetero
1289 1939 1456 1975 exercitu

340 2003 395 2038 ire
414 2000 556 2037 Nolam
576 2001 711 2050 pergit.
767 2001 914 2036 Eodem
944 2000 1088 2036 Hanno
1108 2013 1155 2036 ex
1173 1999 1349 2045 Bruttiis,
1371 2014 1455 2038 cum

342 2064 606 2115 supplemento
635 2064 876 2112 Karthagine
904 2064 1062 2099 advecto
1092 2069 1204 2112 atque
1230 2063 1455 2114 elephantis,

342 2129 467 2164 venit:
501 2127 633 2162 castris
654 2128 755 2164 haud
774 2127 907 2176 procul
926 2127 1075 2176 positis,
1096 2126 1213 2175 longe
1233 2127 1307 2162 alia
1326 2129 1456 2165 omnia

343 2192 548 2240 inquirenti
568 2198 762 2240 comperta
781 2198 884 2234 sunt,
902 2203 1015 2240 quam
1030 2203 1113 2239 quae
1133 2204 1155 2227 a
1173 2189 1307 2239 legatis
1329 2192 1453 2228 socio-

342 2267 424 2290 rum
444 2254 634 2290 audierat:
668 2253 762 2290 nihil
788 2255 888 2290 enim
912 2252 1117 2291 Marcellus
1147 2254 1201 2290 ita
1220 2254 1390 2302 gerebat,
1412 2262 1452 2291 ut
