1527 2661
113 295 156 325 U.
174 295 211 326 C.
226 302 299 328 535.

113 339 154 370 A.
170 340 208 370 C.
225 346 297 375 217·

115 403 176 433 Res
190 411 285 442 gestae

114 448 146 477 in
166 448 241 496 His-

116 499 221 528 panta.

309 195 390 240 250
761 200 808 229 T.
832 200 964 230 mvn

311 286 408 324 Haec
422 288 674 338 nequidquam
689 290 917 339 praemonito
930 289 1112 339 magistro
1132 290 1315 340 equitum,
1330 290 1414 328 Ro-

310 364 410 389 mam
429 359 486 388 est
504 352 708 401 profectus.

362 416 478 453 XIX.
508 416 701 466 Principio
728 416 883 458 aestatis,
910 429 983 464 qua
1007 416 1088 454 haec
1106 417 1349 466 gerebantur,
1375 417 1418 454 in

309 479 497 529 Hispania
517 491 666 528 quoque
685 484 786 514 terra
811 480 980 527 marique
999 488 1166 529 coeptum
1184 481 1325 518 bellum
1344 486 1414 518 est.

309 543 528 581 Hasdrubal
547 544 594 579 ad
613 556 699 579 eum
717 543 869 579 navium
896 555 1108 586 numerum,
1129 556 1241 592 quem
1260 557 1282 580 a
1299 544 1416 581 fratre

308 609 535 644 instructum
564 612 812 657 paratumque
843 613 1053 656 acceperat,
1087 607 1216 644 decem
1252 606 1415 657 adjecit:

310 672 561 720 quadraginta
575 671 729 707 navium
748 670 906 707 classem
921 670 1135 707 Himilconi
1148 671 1304 708 tradidit
1318 686 1326 707 ;
1358 677 1418 707 at-

310 748 381 784 que
401 736 453 771 ita
473 735 715 784 Karthagine
733 735 925 785 profectus
945 735 1104 771 navibus
1123 748 1242 785 prope
1260 743 1415 778 terram,

309 799 515 835 exercitum
535 800 574 834 in
594 798 706 835 litore
725 797 900 841 ducebat,
916 804 1069 848 paratus
1089 798 1306 847 confligere,
1322 811 1417 847 qua·

311 875 469 911 cumque
484 868 591 912 parte
607 862 801 911 copiarum
816 862 937 898 hostis
953 862 1194 899 obcurrisset.
1243 863 1313 898 Cn.
1334 861 1417 898 Sci-

309 927 428 977 pioni,
451 932 651 976 postquam
667 927 828 962 movisse
845 938 890 962 ex
909 926 1076 962 hibernis
1093 926 1241 962 hostem
1259 926 1415 969 audiuit,

309 992 431 1040 primo
451 991 548 1027 idem
569 990 715 1027 consilii
732 990 827 1026 fuit:
860 990 1006 1033 deinde,
1030 991 1151 1026 minus
1172 997 1285 1034 terra,
1302 1003 1418 1041 prop-

308 1062 367 1092 ter
392 1057 585 1104 ingentem
611 1056 751 1091 famam
776 1067 962 1090 novorum
988 1054 1229 1098 auxiliorum,
1257 1068 1416 1092 concur-

310 1132 391 1155 rere
411 1132 536 1162 ausus,
557 1119 703 1155 delecto
719 1118 838 1154 milite
854 1119 900 1154 ad
919 1130 1031 1154 naves
1052 1119 1234 1167 inposito,
1252 1119 1418 1167 quinque

311 1190 349 1219 et
370 1184 527 1231 triginta
557 1183 707 1218 navium
738 1181 855 1217 classe
885 1182 938 1217 ire
969 1180 1121 1217 obviam
1150 1182 1252 1217 hosti
1282 1184 1418 1232 pergit.

310 1247 444 1283 Altero
464 1247 510 1283 ab
530 1246 746 1283 Tarracone
766 1246 825 1282 die
852 1246 897 1281 ad
918 1246 1135 1288 stationem,
1155 1245 1283 1282 decem
1301 1247 1423 1284 millia

312 1323 489 1361 passuum
509 1310 711 1346 distantem
739 1310 786 1345 ab
808 1310 907 1345 ostio
934 1309 1036 1345 Iberi
1062 1309 1197 1352 amnis,
1220 1311 1413 1360 pervenit:

314 1375 399 1412 inde
419 1375 500 1410 duae
522 1374 820 1410 Massiliensium
845 1372 1106 1422 speculatoriae
1132 1374 1333 1423 praemissae
1358 1388 1418 1412 re-

311 1438 493 1479 tulerunt,
524 1437 681 1472 classem
708 1437 891 1472 Punicam
921 1443 1020 1472 stare
1049 1437 1089 1471 in
1118 1438 1217 1473 ostio
1236 1437 1416 1483 fluminis,

311 1510 506 1552 castraque
525 1502 565 1539 in
583 1503 666 1552 ripa
683 1502 819 1552 posita.
890 1501 1039 1549 ltaque,
1060 1506 1103 1537 ut
1121 1501 1339 1550 inprovidos
1359 1503 1419 1539 in-

311 1573 518 1615 cautosque
537 1568 713 1602 universo
736 1564 848 1600 simul
867 1564 984 1600 effuso
1010 1570 1154 1600 terrore
1173 1564 1418 1614 obprimeret,

311 1630 468 1666 sublatis
497 1631 646 1667 ancoris
673 1631 719 1665 ad
747 1630 897 1665 hostem
926 1628 1040 1664 vadit.
1094 1627 1238 1663 Multas
1260 1636 1297 1664 et
1324 1629 1418 1667 locis

312 1694 396 1729 altis
417 1694 560 1744 positas
580 1700 700 1729 turres
722 1692 911 1741 Hispania
929 1691 1057 1735 habet,
1078 1691 1213 1740 quibus
1233 1699 1271 1728 et
1291 1705 1422 1743 specu-

312 1757 356 1795 lis
377 1765 415 1794 et
434 1757 728 1808 propugnaculis
745 1757 921 1793 adversus
936 1755 1102 1792 latrones
1123 1761 1302 1792 utuntur:
1334 1758 1423 1795 inde

314 1824 451 1873 primO,
483 1823 695 1872 conspectis
724 1821 892 1857 hostium
920 1820 1094 1863 navibus,
1115 1820 1244 1856 datum
1273 1822 1424 1869 signum

314 1886 544 1923 Hasdrubali
570 1892 650 1931 est3
681 1884 939 1933 tumultusque
967 1885 1069 1934 prius
1098 1885 1138 1920 in
1165 1890 1266 1921 terra
1293 1892 1330 1921 et
1360 1899 1422 1923 ca-

315 1951 415 1993 stris,
437 1963 548 1998 quam
569 1950 615 1985 ad
635 1961 738 1985 mare
759 1954 797 1984 et
816 1949 861 1984 ad
882 1961 1011 1991 naves,
1032 1955 1089 1984 est
1111 1954 1230 1992 ortus,
1251 1951 1421 1987 nondum

317 2020 382 2051 aut
406 2013 516 2063 pulsu
545 2025 734 2049 remorum
764 2013 997 2061 strepituque
1024 2012 1098 2048 alio
1127 2014 1280 2049 nautico
1306 2026 1422 2050 exau-

318 2078 411 2120 dito,
433 2083 498 2112 aut
523 2076 778 2126 aperientibus
798 2075 954 2111 classem
980 2076 1273 2125 promontoriis:
1307 2090 1422 2126 quum

317 2147 472 2191 repente
491 2153 617 2189 eques,
636 2140 729 2176 alius
750 2152 861 2189 super
880 2140 992 2176 alium
1010 2140 1057 2175 ab
1074 2139 1313 2176 Hasdrubale
1332 2142 1422 2177 mis-

318 2216 394 2246 sus,
416 2216 529 2252 vagos
550 2205 588 2239 in
615 2204 726 2239 litore
746 2204 968 2252 quietosque
993 2204 1032 2238 in
1051 2204 1224 2239 tentoriis
1252 2205 1342 2246 suis,
1363 2205 1422 2240 ni-

319 2268 372 2304 hil
390 2268 512 2304 minus
533 2280 644 2318 quam
663 2268 811 2305 hostem
838 2273 903 2304 aut
922 2266 1098 2318 proelium
1123 2279 1168 2303 eo
1187 2267 1247 2303 die
1266 2279 1422 2318 exspec-
