1527 2661
416 200 568 228 LIBER
594 199 663 228 Ix-
696 199 803 228 CAP.
828 200 945 229 VIII.
1191 200 1240 243 13

129 294 220 324 tum.
264 287 348 324 Nec
377 302 443 339 per
472 302 535 325 eos
566 289 720 325 comitia
749 289 901 325 habita:
935 296 985 332 et,
1008 289 1096 338 quia
1123 289 1239 325 taede-
1253 291 1294 320 U·
1307 291 1344 321 C
1361 291 1439 322 433?

128 350 194 386 bat
222 352 403 402 populum
433 354 602 389 omnium
632 354 921 401 magistratuum
945 352 1025 402 ejus
1056 353 1159 394 anui,
1181 365 1239 388 res
1252 335 1290 364 A*
1308 335 1344 364 C·
1362 340 1436 368 3¹9¹

126 414 172 450 ad
192 415 451 464 interregnum
477 417 599 453 rediit.
644 417 856 465 Interreges
877 417 925 455 Q.
952 416 1092 452 Fabius
1112 416 1239 452 Maxi-
1254 415 1408 455 Interreg-

126 490 221 522 mus,
252 479 308 517 M.
345 481 517 517 Valerius
549 481 717 517 Corvus:
749 481 779 516 is
811 480 983 516 consules
1021 481 1162 515 creavit
1191 468 1348 519 Q.m²m‘

125 542 330 580 Publilium
359 545 558 581 Philonem
589 552 627 581 et
654 545 700 581 L.
722 545 916 594 Papirium
937 545 1139 581 Cursorem
1168 546 1239 580 ite-
1253 548 1345 578 U.C.
1362 555 1436 580 484,

126 620 222 651 rum,
252 609 351 645 baud
373 610 488 645 dubio
519 623 705 645 consensu
735 610 913 653 civitatis,
944 609 1045 658 quod
1073 608 1167 644 nulli
1196 592 1290 645 eaA'
1310 591 1345 622 Ο·
1363 598 1438 623 ³¹⁸·

126 676 353 720 tempestate
372 674 482 708 duces
503 673 680 708 clariores
701 679 838 708 essent.

178 734 289 771 Vffl.
320 737 409 773 Quo
429 737 545 772 creati
565 742 654 772 sunt
673 737 746 779 die,
768 749 813 772 eo
838 737 909 783 (sic
929 737 1029 772 enim
1049 736 1243 786 placuerat

124 797 319 845 Patribus)
342 801 606 848 magistratum
633 800 813 843 inierunt,
835 799 1156 849 sollemnibusque
1183 812 1241 836 se-

124 864 421 900 natusconsultis
452 865 643 914 perfectis,
681 865 727 901 (le
764 877 856 914 pace
894 864 1068 900 Caudina
1102 863 1242 900 retule-

127 933 237 963 runt:
270 934 309 964 et
337 928 538 971 Publilius,
571 941 686 979 penes
721 941 833 977 quem
862 927 981 964 fasces
1013 934 1135 971 erant,
1165 929 1242 966 Dic
1255 925 1409 973 Postumi}

127 991 191 1040 Sp.
218 992 396 1035 Postumi,
426 993 561 1042 inquit.
604 993 682 1032 Qui
712 993 776 1030 ubi
806 994 982 1035 surrexit,
1013 993 1144 1029 eodem
1172 992 1239 1028 illo
1253 978 1424 1041 rrxgggsrgzux-

126 1055 246 1099 vultu,
267 1069 343 1106 quo
370 1057 439 1093 sub
459 1057 596 1107 jugum
617 1058 751 1093 missus
779 1064 873 1100 erat,
894 1058 1008 1094 Haud
1031 1071 1109 1093 sum
1134 1059 1239 1105 igna-
1251 1055 1361 1085 tentia.

125 1132 198 1163 rus,
229 1121 365 1170 inquit,
397 1124 566 1165 consules,
597 1124 812 1170 ignominiae,
845 1135 915 1158 non
945 1123 1087 1158 honoris
1119 1134 1244 1158 caussa

127 1196 183 1220 me
196 1186 353 1233 primum
371 1188 567 1222 excitatum
585 1185 794 1234 jussumque
812 1188 940 1228 dicere,
961 1199 1033 1222 non
1059 1191 1244 1234 tamquam

127 1253 336 1291 senatorem,
356 1251 418 1285 sed
447 1255 631 1297 tamquam
659 1262 758 1285 reum
778 1262 849 1297 qua
876 1249 1031 1298 infelicis
1056 1250 1152 1293 belli,
1174 1262 1246 1297 qua

125 1314 367 1360 ignominiosae
407 1316 518 1361 pacis.
567 1315 648 1361 Ego
692 1319 825 1355 tamen,
870 1315 1014 1361 quando
1054 1326 1166 1361 neque
1202 1316 1247 1351 de

125 1388 218 1414 noxa
235 1383 357 1413 nostra
373 1389 484 1426 neque
503 1379 547 1414 de
563 1390 669 1426 paena
686 1378 870 1419 retulistis,
885 1379 1014 1413 omissa
1029 1377 1244 1426 defensione,

127 1453 204 1490 quae
231 1454 301 1477 non
320 1442 534 1490 difficillima
553 1447 639 1478 esset
667 1443 766 1490 apud
785 1441 884 1478 haud
906 1443 1049 1489 ignaros
1066 1441 1244 1490 fortuna-

127 1518 207 1542 rum
226 1507 462 1542 humanarum
488 1509 816 1555 necessitatumque,
837 1508 1047 1543 sententiam
1067 1508 1109 1543 cle
1127 1519 1180 1550 eo,
1201 1509 1246 1545 de

130 1582 197 1618 quo
225 1571 409 1613 retulistis,
436 1573 563 1619 paucis
593 1584 794 1620 peragam:
823 1584 899 1620 quae
935 1573 1110 1607 sententia
1149 1574 1246 1608 testis

129 1636 210 1677 erit,
240 1635 386 1677 mihine,
415 1648 462 1671 an
499 1637 690 1683 legionibus
718 1637 841 1672 vestris
871 1638 1105 1684 pepercerim,
1136 1649 1246 1684 quum

129 1710 184 1735 me
206 1711 268 1735 seu
295 1701 392 1747 turpi
419 1711 480 1735 seu
508 1702 705 1737 necessaria
729 1702 914 1748 sponsione
939 1701 1120 1737 obstrinxi.
1163 1702 1246 1742 Qua

129 1768 261 1805 tamen,
293 1764 434 1811 quando
465 1763 599 1809 injussu
624 1766 754 1811 populi
771 1764 884 1812 sacta
913 1770 976 1807 est,
1007 1777 1077 1800 non
1108 1770 1246 1802 tenetur

127 1828 281 1876 populus
310 1827 517 1864 Romanus:
544 1840 609 1864 nec
628 1830 824 1876 quidquam
852 1841 894 1864 ex
921 1841 976 1871 ea,
1005 1834 1246 1877 prceterquam

127 1903 279 1939 corpora
313 1897 434 1927 nostra
471 1893 638 1928 debentur
674 1893 904 1929 Samnitibus.
956 1894 1148 1930 Dedumur
1179 1907 1247 1943 per

118 1954 273 2003 feciales
290 1956 380 1990 nudi
397 1957 601 2003 vinctique:
630 1957 849 1992 exsolvamus
867 1958 1039 2004 religione
1056 1959 1244 2005 populum,

126 2020 155 2055 si
184 2031 255 2067 qua
283 2019 536 2066 obligavimus,·
571 2032 613 2056 ne
640 2022 726 2068 quid
756 2022 867 2056 divini
900 2021 1091 2057 humanive
1119 2022 1243 2064 obstet,

128 2094 195 2130 quo
214 2084 330 2118 minus
345 2081 485 2128 justum
507 2085 677 2131 piumque
702 2086 745 2119 cle
770 2086 908 2132 integro
935 2087 1076 2120 ineutur
1101 2086 1244 2122 bellum.

126 2146 267 2182 Interea
304 2148 461 2183 consules
492 2150 684 2183 exercitum
718 2149 879 2191 scribere,
911 2162 1067 2192 armare,
1098 2152 1245 2186 educere

124 2211 268 2259 placet5
297 2222 361 2246 nec
386 2213 489 2258 prius
516 2213 655 2259 ingredi
684 2212 837 2248 hostium
852 2214 961 2260 fines,
986 2225 1094 2260 quam
1123 2215 1245 2250 omnia

119 2273 221 2320 justa
248 2276 283 2310 in
303 2277 517 2311 deditionem
543 2281 699 2312 nostrum
725 2277 891 2326 perfecta
915 2283 1030 2313 erunt.
1075 2277 1155 2319 Vos,
1172 2278 1243 2315 Dii

128 2339 348 2383 inmortales,
367 2352 496 2388 precor
524 2353 719 2390 quaesoque,
749 2343 779 2376 si
809 2342 901 2378 vobis
928 2345 999 2377 n'on
1028 2340 1101 2383 fui&
1129 2344 1240 2386 cordi,
