1527 2661
130 307 173 336 U.
187 306 223 336 C.
240 310 311 337 535.

127 351 167 380 A.
184 350 219 379 C.
238 354 311 383 217.

128 443 297 476 Hanniba·

121 487 165 516 -lis
180 485 273 515 dolus

127 530 166 558 ad
181 538 301 566 augen-

123 573 198 602 dam
217 572 265 601 in-

125 615 243 644 vidiam

125 658 258 687 dictato-

125 702 177 730 ris.

124 1279 238 1309 Fabius
252 1289 303 1319 pe-

121 1332 219 1352 cunia
233 1333 290 1352 Sua

122 1366 262 1403 captivos

122 1408 260 1439 redimit.

115 2167 162 2197 Eo
178 2167 232 2197 ab·

114 2217 202 2240 sente
219 2210 284 2240 Mi-

114 2252 231 2282 nucius

113 2305 181 2324 rem
198 2305 265 2324 non

114 2338 220 2375 inpro-

110 2390 201 2419 spere
209 2381 298 2420 gerit·

326 203 409 258 256
780 216 825 243 T.
852 216 985 244 mvn

325 305 498 341 mei-itate
511 304 680 352 magistri
698 304 880 354 equitum,
897 304 985 341 laeto
999 303 1119 341 verius
1133 304 1305 349 dixerim,
1319 317 1431 354 quam

324 380 506 418 prospero
522 374 672 410 eventu,
690 376 899 418 pugnatum
919 369 1054 405 fuerat.
1084 369 1332 405 Accesserant
1348 369 1431 406 duae

323 445 380 468 res
401 432 446 468 ad
467 432 674 479 augendam
696 432 873 467 invidiam
894 433 1089 468 dictatoris
1106 447 1113 467 :
1147 445 1220 468 una
1235 433 1366 468 fraude
1386 444 1433 469 ac

322 494 408 530 dolo
429 493 672 535 Hannibalis,
694 494 808 542 quod,
825 507 940 542 quum
960 507 980 529 a
1000 494 1166 543 perfugis
1187 496 1220 530 ei
1241 502 1430 531 monstra-

322 566 382 594 tus
399 570 487 607 ager
502 558 698 593 dictatoris
715 564 826 600 esset,
844 557 1019 594 omnibus
1040 558 1140 593 circa
1158 557 1240 594 solo
1258 560 1428 607 aequatis,

321 622 368 658 ab
390 635 465 657 uno
485 634 531 657 eo
552 621 689 658 ferrum
716 622 918 669 ignemque
937 628 972 658 et
994 621 1067 657 vim
1086 634 1235 658 ornnem
1261 623 1434 659 hostium

320 685 500 721 abstineri
524 684 654 734 jussit,
677 691 717 720 ut
748 684 885 720 occulti
906 683 1064 733 alicujus
1094 685 1195 735 pacti
1215 698 1260 721 ea
1287 698 1436 722 merces·

318 751 434 786 videri
472 756 622 800 posset:
655 749 773 786 altera
804 751 920 800 ipsius
956 749 1073 791 facto,
1113 751 1236 800 primo
1268 750 1434 787 forsitan

319 814 447 855 dubio,
470 814 557 862 quia
577 826 653 848 non
674 819 892 863 exspectata
918 814 956 848 in
977 826 1023 848 eo
1043 820 1194 849 senatus
1221 814 1427 849 auctoritas

318 883 397 922 est3
432 878 477 913 ad
497 883 707 912 extremum
734 877 834 912 haud
854 876 1033 925 ambigue
1058 879 1097 913 in
1123 878 1326 914 maximam
1347 877 1427 913 lau-

319 942 401 977 dem
422 954 542 983 verso,
560 941 597 976 in
619 941 875 990 permutandis
894 942 1051 990 captivis
1068 957 1074 976 :
1108 942 1222 990 quod,
1240 942 1337 977 sicut
1351 941 1437 990 pris

318 1018 382 1041 mo
402 1005 548 1040 Punico
563 1004 664 1040 bello
679 1004 823 1040 factum
845 1010 939 1047 erat,
958 1011 1185 1041 convenerat
1205 1006 1304 1040 inter
1317 1004 1428 1040 duces

318 1068 536 1104 Romanum
559 1067 806 1114 Poenumque,
830 1073 883 1109 ut,
906 1080 987 1115 quae
1014 1080 1099 1117 pars
1127 1068 1209 1117 plus
1229 1068 1425 1117 reciperet,

318 1145 430 1180 quam
451 1132 570 1173 daret,
593 1131 738 1179 argenti
766 1131 895 1180 pondo
914 1131 1004 1167 bina
1031 1137 1067 1167 et
1087 1132 1241 1167 selibras
1270 1132 1308 1166 in
1328 1130 1428 1166 mili-

319 1203 393 1232 tem
410 1202 617 1246 praestaret.
674 1195 871 1230 Ducentos
889 1195 1138 1243 quadraginta
1154 1201 1297 1243 septem
1313 1207 1429 1243 quum

318 1259 442 1310 plures
471 1259 684 1301 Romanus,
715 1271 825 1306 quam
855 1258 1011 1301 Poenus,
1045 1259 1261 1308 recepisset,
1295 1270 1434 1305 argen-
1486 1259 1494 1266 '

318 1331 473 1372 tumque
493 1336 561 1373 pro
587 1324 639 1359 eis
660 1323 842 1364 debitum,
864 1335 962 1372 saepe
981 1321 1130 1372 jactata
1154 1323 1193 1358 in
1221 1328 1352 1358 senatu
1373 1335 1426 1365 re,

314 1390 492 1438 qnoniam
519 1400 597 1424 non
627 1386 877 1423 consuluisset
906 1387 1052 1430 Patres,
1082 1388 1222 1423 tardius
1253 1399 1427 1435 erogare-

316 1461 399 1489 tur:
434 1453 656 1490 inviolatum
693 1453 739 1488 ab
777 1453 887 1488 hoste
924 1465 1070 1500 agrum,
1109 1454 1224 1488 misso
1260 1452 1425 1488 Romam

316 1518 463 1556 Quinto
485 1517 577 1559 filio,
606 1517 786 1559 vendidit,
812 1517 996 1566 fidemque
1027 1517 1217 1567 publicam
1245 1518 1424 1567 inpendio

316 1582 464 1631 privato
491 1581 663 1618 exsolvit.
721 1581 918 1617 Hannibal
947 1594 1014 1630 pro
1036 1582 1195 1618 Geronii
1220 1582 1423 1625 moenibus,

317 1643 422 1694 cujus
451 1645 566 1688 urbis,
595 1651 714 1695 captae
744 1653 857 1695 atque
887 1646 1049 1682 incensae
1082 1646 1129 1681 ab
1159 1658 1212 1688 se,
1246 1647 1284 1681 in
1316 1658 1425 1681 usum

314 1709 538 1745 horreorum
564 1723 684 1760 pauca
707 1709 909 1759 reliquerat
934 1716 1050 1752 tecta,
1079 1710 1117 1745 in
1145 1711 1290 1746 stativis
1318 1716 1419 1745 erat:

315 1774 402 1810 inde
429 1774 700 1810 frumentatum
729 1775 820 1810 duas
851 1774 1036 1810 exercitus
1066 1780 1189 1823 partes
1219 1772 1419 1810 mittebat:

316 1851 399 1874 cum
421 1840 531 1874 tertia
557 1840 636 1888 ipse
662 1839 835 1887 expedita
856 1839 894 1874 in
922 1838 1087 1874 statione
1114 1844 1207 1880 erat,
1230 1837 1340 1873 simul
1360 1850 1421 1873 ca-

313 1903 400 1939 stris
430 1903 618 1952 praesidio,
646 1910 681 1938 et
712 1903 1043 1952 circumspectam,
1074 1902 1243 1939 necunde
1272 1902 1421 1952 inpetus

311 1967 351 2003 in
370 1966 662 2002 frumentatores
683 1965 799 2001 fieret.

365 2029 517 2065 XXIV.
550 2029 745 2065 Romanus
762 2036 852 2064 tunc
872 2030 1057 2065 exercitus
1078 2030 1115 2064 in
1137 2041 1228 2076 agro
1247 2028 1423 2064 Larinati

311 2099 391 2129 erat
407 2108 414 2128 :
447 2099 605 2142 praeerat
623 2092 816 2128 Minucius
836 2092 1014 2140 magister
1031 2093 1212 2140 equitum,
1234 2091 1421 2141 profecto,

312 2157 408 2192 sicut
437 2163 525 2191 ante
552 2157 693 2191 dictum
724 2162 794 2198 est,
822 2156 869 2191 ad
896 2155 1026 2190 urbem
1049 2155 1249 2191 dictatore.
1307 2155 1420 2191 Cete-

310 2232 394 2255 rum
414 2225 550 2261 castra,
573 2232 655 2267 quae
682 2219 719 2253 in
746 2225 877 2254 monte
907 2218 985 2254 alto
1005 2231 1048 2254 ac
1079 2224 1163 2254 tuto
1181 2217 1268 2253 loco
1294 2218 1422 2267 posita

309 2283 474 2325 fuerant,
489 2282 571 2332 jam
591 2283 630 2318 in
654 2282 807 2332 planum
827 2282 1068 2319 deferuntur:
1101 2282 1419 2330 agitabanturque

309 2361 379 2399 pro
407 2348 562 2397 ingenio
583 2347 685 2384 ducis
708 2347 865 2384 consilia
895 2346 1086 2391 calidiora,
1108 2353 1149 2383 ut
1177 2347 1327 2398 inpetus
1354 2352 1423 2384 aut-

1521 242 1527 266 h<
1518 131 1527 225 ...a-*2*
1515 107 1519 120 “-
1517 67 1527 94 s„
