1527 2661
121 265 164 294 U.
179 265 215 295 C.
233 270 306 296 456.

119 308 159 339 A.
177 308 213 339 C.
231 313 306 342 296.

319 161 371 215 96
774 175 818 203 T.
843 175 975 204 L1V11

319 259 432 297 lidam
454 260 599 304 urbem,
620 260 916 311 obpugnandam
936 264 1062 300 ducit:
1095 269 1298 313 tantusque
1318 263 1429 300 ardor

317 325 479 361 militum
500 326 586 369 fuit,
608 332 645 361 et
665 327 821 362 caritate
841 328 959 371 ducis,
981 334 1018 364 et
1045 340 1109 377 spe
1128 327 1298 378 majoris,
1318 340 1430 377 quam

316 403 363 426 ex
383 389 595 438 agrestibus
626 390 951 439 populationibus,
972 392 1121 441 praedae,
1144 398 1184 428 ut
1212 404 1288 428 uno
1308 392 1368 427 die
1393 391 1429 427 vi

315 461 428 503 atque
447 455 559 490 armis
585 454 715 490 urbem
737 461 937 504 caperent:
969 455 1023 492 ibi
1043 456 1117 492 duo
1143 456 1261 492 millia
1280 456 1430 492 Samni·
1472 484 1475 487 Α
1511 497 1513 501 ¹

312 518 409 554 tium
428 525 466 553 et
486 524 637 553 centum
656 525 869 567 pugnantes
897 519 1142 554 circumventi
1162 520 1360 569 captique:
1392 524 1431 555 et
1466 543 1468 545 »

312 582 386 625 alia
405 582 532 632 praeda
560 582 693 630 ingens
724 588 835 632 capta
863 588 942 618 est:
975 595 1057 632 quae
1085 596 1134 619 ne
1162 583 1429 634 inpedimentis

312 647 490 697 gravibus
525 659 660 695 agmen
681 655 869 690 oneraret,
897 649 1099 684 convocari
1128 647 1266 685 milites
1286 646 1428 683 Decius

305 710 431 762 jubet.
479 712 652 753 Haecine,
674 711 810 759 inquit,
840 714 991 748 victoria
1018 713 1108 756 sola,
1130 717 1194 748 aut
1213 712 1280 748 hac
1303 711 1431 760 praeda

312 778 469 813 contenti
487 777 568 812 estis
581 775 708 824 futuri
721 777 742 811 ἵ)
774 775 890 812 Vultis
907 789 967 812 vos
990 789 1059 825 pro
1084 778 1217 813 virtute
1234 788 1311 824 spes
1326 787 1428 823 gere-

310 844 383 879 re?
410 853 528 878 omnes
561 841 780 876 Samnitium
815 842 928 883 urbes,
954 842 1187 890 fortunaeque
1221 843 1258 877 in
1288 840 1433 877 urbibus

310 908 458 950 relictoe,
479 910 601 942 vestrae
625 910 708 941 sunt
719 922 731 948 ,-
762 907 908 953 quando
927 907 1078 953 legiones
1099 917 1236 948 eorum,
1258 909 1312 941 tot
1332 917 1426 952 proe·

311 970 498 1020 llisfusas,
518 974 698 1018 postremo
706 970 844 1018 finibus
863 971 1056 1018 expulistis.
1119 970 1268 1006 Vendite
1289 971 1372 1012 ista,
1393 973 1428 1004 et

307 1037 446 1073 inlicite
466 1036 564 1071 lucro
583 1039 828 1077 mercatorem,
848 1040 890 1071 ut
906 1039 1076 1084 sequatur
1093 1046 1221 1083 agmen
1236 1050 1248 1070 .·
1266 1046 1330 1082 ego
1347 1033 1426 1070 sub-

307 1102 392 1136 inde
418 1100 618 1146 subgeram‚
647 1111 724 1147 quce
756 1100 930 1136 vendatis.
985 1101 1046 1136 Ad
1065 1099 1279 1135 Romuleam
1305 1098 1426 1133 urbem

307 1166 390 1201 hinc
418 1177 552 1207 eamus,
573 1165 632 1200 ubi
660 1177 720 1200 vos
750 1165 848 1200 labor
881 1165 978 1201 haud
1008 1163 1137 1211 maJ‘or,
1154 1165 1282 1212 praeda
1308 1160 1424 1208 major

305 1234 439 1266 manet.
489 1228 696 1264 Divendita
715 1229 854 1278 praeda,
876 1229 976 1265 ultro
996 1229 1241 1265 adhortantes
1261 1227 1423 1277 impera-

305 1302 430 1330 torem
446 1293 491 1329 ad
507 1292 736 1329 Romuleam
752 1300 927 1343 pergunt.
957 1292 1018 1330 Ibi
1034 1306 1183 1343 quoque
1198 1293 1279 1329 sine
1295 1303 1424 1343 opere,

308 1361 389 1396 sine
418 1360 633 1402 tormentis,
664 1359 772 1394 simul
804 1359 958 1395 admota
986 1365 1075 1395 sunt
1103 1359 1226 1407 signa,
1246 1357 1351 1394 nulla
1382 1358 1419 1393 vi

302 1425 473 1461 deterriti
496 1438 518 1460 a
545 1424 676 1465 muris,
697 1437 771 1472 qua
799 1424 933 1473 cuique
958 1424 1173 1474 proximum
1191 1422 1278 1466 fuit,
1310 1422 1419 1459 scalis

303 1490 443 1538 raptim
472 1489 647 1531 admotis,
678 1489 716 1524 in
747 1489 889 1524 moenia
921 1501 1094 1524 evasere:
1127 1494 1279 1537 captum
1308 1488 1419 1537 oppi-

302 1553 392 1588 dum
421 1566 464 1588 ac
485 1553 672 1602 direptum
692 1558 747 1588 est
764 1567 771 1587 z
804 1553 851 1588 ad
869 1552 944 1588 duo
973 1551 1092 1587 millia
1111 1557 1149 1587 et
1171 1551 1331 1587 trecenti
1351 1564 1415 1587 oc-

301 1618 393 1662 cisi3
426 1624 464 1653 et
483 1630 549 1652 sex
567 1616 686 1652 millia
704 1617 902 1653 hominum
918 1623 1053 1666 capta3
1086 1622 1124 1652 et
1143 1614 1249 1652 miles
1269 1616 1415 1665 ingenti

299 1682 427 1731 praeda
445 1683 588 1731 potitus
606 1696 612 1716 :
644 1694 760 1730 quam
784 1681 959 1724 vendere,
980 1681 1079 1717 sicut
1106 1680 1284 1730 priorem,
1304 1692 1416 1717 coac-

299 1752 375 1788 tus,
396 1745 644 1782 Ferentinum
673 1746 774 1789 inde,
805 1757 1032 1794 quamquam
1061 1744 1157 1781 nihil
1183 1746 1318 1794 quietis
1349 1745 1414 1781 da-

298 1809 424 1853 batur,
446 1817 573 1846 tamen
594 1823 740 1846 summa
760 1809 956 1846 alacritate
975 1809 1122 1846 ductus.
1164 1809 1342 1845 Ceterum
1360 1809 1414 1846 ibi

296 1873 380 1923 plus
410 1873 551 1909 laboris
581 1887 624 1910 ac
654 1873 811 1923 periculi
835 1873 931 1909 fuit:
964 1879 1002 1909 et
1020 1873 1176 1909 defensa
1204 1885 1349 1910 summa
1376 1874 1414 1910 vi

294 1938 439 1973 moenia
457 1944 558 1979 sunt,
580 1938 740 1973 etflocus
762 1944 842 1973 erat
867 1938 1105 1974 munimento
1124 1944 1333 1987 naturaque
1352 1945 1413 1975 tu-

293 2008 378 2037 tus:
412 2002 477 2038 sed
506 2002 618 2037 evicit
655 2001 996 2038 omnia‘adsuetus
1033 2003 1166 2052 praedae
1199 2002 1329 2039 miles:
1365 2003 1413 2040 ad

293 2065 367 2100 tria
386 2064 505 2101 millia
522 2065 692 2101 hostium
712 2066 811 2102 circa
829 2078 957 2102 muros
978 2078 1097 2102 caesa:
1129 2067 1255 2116 praeda
1280 2066 1410 2104 militis

292 2129 378 2166 fuit.
426 2128 552 2179 Hujus
572 2130 879 2179 obpugnatarum
895 2130 1045 2167 urbium
1061 2131 1206 2167 decoris
1225 2144 1310 2182 pars
1330 2144 1410 2169 ma-

286 2192 353 2242 jor
383 2194 421 2228 in
441 2193 667 2242 quibusdam
694 2194 895 2231 annalibus
926 2196 972 2232 ad
993 2195 1208 2232 Maximum
1233 2196 1407 2234 trahitur.

289 2257 555 2306 Elui-gantiam
581 2259 627 2295 ab
648 2258 784 2303 Decio,
806 2273 828 2295 a
847 2259 968 2296 Fabio
987 2259 1233 2297 Ferentinum
1258 2259 1406 2296 Romu-

292 2319 464 2372 leamque
504 2320 743 2373 obpugnatas
785 2324 962 2360 tradunt:
996 2331 1098 2369 sunt,
1129 2325 1193 2374 qui
1222 2336 1406 2360 novorum
