1527 2661
310 171 394 215 502
771 174 815 202 Τ.
843 175 972 204 mvn

117 268 159 298 U.
175 271 210 300 C.
227 278 298 301 541.
312 262 441 305 ebant,
476 263 665 311 agendum
698 276 781 299 cum
817 264 977 300 tribunis
1016 264 1134 314 plebis
1173 278 1266 309 esse,
1301 267 1424 317 prime

117 313 298 344 A...C211

115 642 176 672 Cn·
197 642 272 672 Ful·

114 686 186 716 vius
201 694 296 716 accu-

113 735 210 759 satur.

312 339 462 376 quoque
489 335 659 376 tempore
685 328 731 363 ad
759 327 907 377 plebem
935 328 1090 372 fer-,mut
1111 342 1222 378 quem
1248 344 1334 367 cum
1352 331 1423 367 im-

310 392 416 440 perio
446 391 545 426 mitti
574 390 740 440 placeret
769 392 807 426 in
837 391 1064 441 Hispaniam
1094 394 1142 429 ad
1170 407 1253 430 eum
1281 395 1423 431 exerci-

310 463 405 497 tum,
430 456 489 491 cui
520 455 591 491 Cn.
613 456 740 505 Scipio
770 456 975 506 imperator
1003 457 1226 506 praefuisset.
1281 458 1341 494 Ea
1366 471 1423 494 res

311 532 397 555 cum
429 519 591 555 tribunis
625 526 711 555 acta
743 519 1057 569 promulgataque
1091 527 1159 557 est.
1217 521 1290 558 Sed
1324 521 1424 558 aliud

311 590 502 620 certamen
523 590 773 633 occupaverat
793 584 951 621 animos.
1000 585 1043 621 C.
1061 584 1304 635 Sempronius
1324 585 1425 622 Blae-

311 661 372 684 sus
399 648 459 684 die
487 646 590 683 dicta
615 647 685 683 Cn.
702 647 889 691 Fulvium,
911 648 960 684 ob
987 649 1195 684 exercitum
1221 649 1260 685 in
1285 649 1427 699 Apulia

311 712 505 754 amissum,
526 711 565 746 in
585 711 834 747 concionibus
858 711 1019 748 vexabat
1037 726 1044 747 :
1076 713 1208 748 multos
1232 715 1425 762 imperato-

309 789 366 813 res
386 777 586 813 temeritate
604 780 711 823 atque
729 777 918 812 inscientia
935 778 1125 812 exercitum
1144 779 1179 813 in
1199 778 1316 814 locum
1330 790 1425 826 prae·

310 844 454 889 cipitem
483 842 691 890 perduxisse
723 840 927 877 dictitans:
975 843 1162 885 neminem,
1196 847 1326 890 proeter
1362 843 1427 880 Cn,

311 907 489 948 Fulvium,
510 911 595 941 ante
620 907 822 954 conrupisse
849 907 1009 942 omnibus
1035 908 1132 942 vitiis
1161 907 1314 954 legiones
1329 919 1425 950 suas,

311 983 420 1020 quam
443 971 638 1019 proderet:
668 972 789 1018 itaque
808 982 886 1006 vere
905 972 977 1007 dici.
1000 984 1114 1019 posse,
1138 973 1241 1019 prius
1265 984 1322 1008 eos
1342 983 1428 1020 per-

309 1038 389 1078 isse,
411 1047 519 1083 quam
544 1036 702 1071 viderent
728 1035 860 1070 hostem
871 1051 884 1078 ,-
914 1047 976 1071 nec
997 1036 1041 1071 ab
1059 1036 1279 1078 Hannibale,
1298 1037 1360 1072 secl
1383 1035 1429 1072 ab

310 1103 527 1148 imperatore
554 1112 631 1142 suo,
662 1101 772 1135 victos
800 1111 882 1136 esse.
930 1100 1130 1143 Neminem,
1158 1113 1268 1149 quum
1294 1101 1427 1150 suffra-

307 1168 408 1213 gium
430 1167 540 1207 ineat,
559 1166 648 1200 satis
673 1176 825 1207 cernere,
847 1166 904 1200 cai
930 1167 1133 1213 imperium,
1154 1167 1211 1201 cui
1238 1167 1429 1201 exercitum

307 1230 512 1278 permittat.
579 1228 675 1269 Quid
704 1228 908 1276 interfuisse
936 1230 1029 1265 inter
1063 1230 1116 1266 Ti.
1143 1229 1429 1277 Sempronium?

316 1295 434 1335 Quum
460 1295 493 1329 ei
517 1305 694 1329 servorum
720 1294 893 1330 exercitus
918 1295 1023 1330 clatus
1041 1299 1140 1337 esset,
1160 1295 1258 1330 brevi
1274 1294 1429 1343 effecisse.

315 1359 505 1406 disciplina
538 1362 646 1405 atque
683 1359 843 1405 imperio,
874 1363 916 1394 ut
942 1370 1044 1395 nemo
1073 1371 1195 1395 eorum
1220 1359 1359 1405 generis
1386 1370 1429 1393 ac

314 1424 499 1470 sanguinis
512 1423 568 1457 sni
586 1434 720 1457 memor
739 1423 774 1458 in
794 1424 869 1458 acie
884 1428 982 1466 esset,
1003 1425 1168 1471 praesidio
1182 1424 1298 1465 sociis,
1316 1422 1424 1458 hosti-

314 1489 375 1525 bus
396 1489 524 1524 terrori
543 1492 678 1523 essent:
709 1487 852 1530 Cumas,
875 1488 1128 1530 Beneventum,
1149 1489 1309 1536 aliasque
1327 1487 1429 1523 urbes

314 1566 371 1590 eos
389 1555 487 1589 velut
505 1566 523 1588 e
530 1553 704 1602 faucibus
721 1554 938 1590 Hannibalis
956 1559 1094 1603 ereptas
1109 1554 1247 1603 populo
1264 1554 1428 1590 Romano

312 1620 517 1654 restituisse.
574 1618 637 1654 Cn.
654 1619 818 1654 Fulvium
839 1619 1033 1660 Qniritium
1055 1619 1302 1655 Romanorum
1328 1631 1427 1655 exer·

313 1685 435 1725 citum,
464 1682 606 1718 honeste
631 1684 781 1730 genitos,
813 1683 1010 1720 liberaliter
1038 1685 1217 1726 educatos,
1246 1683 1429 1719 servilibus

315 1749 410 1783 vitiis
429 1748 595 1783 imbuisse:
615 1760 698 1795 ergo
717 1749 882 1797 effecisse,
903 1753 944 1784 ut
953 1748 1098 1797 feroces
1116 1753 1151 1784 et
1171 1749 1319 1797 inquieti
1338 1749 1429 1784 inter

311 1814 437 1855 socios,
459 1813 577 1859 ignavi
603 1818 639 1848 et
668 1813 810 1849 inbelles
838 1815 932 1849 inter
960 1813 1075 1850 hostes
1103 1818 1227 1856 essent,
1247 1825 1310 1849 nec
1328 1814 1427 1861 inpe-

315 1882 390 1912 tum
404 1878 510 1912 modo
527 1877 731 1920 Poenorum,
747 1879 809 1913 sed
827 1890 871 1913 ne
890 1879 1081 1914 clamorem
1100 1879 1243 1926 quidem
1257 1879 1429 1913 sustinere

310 1946 463 1989 possent.
520 1942 609 1984 Nec,
643 1941 813 1985 Hercule,
847 1944 977 1979 mirum
1009 1955 1093 1985 esse,
1124 1943 1254 1978 milites
1283 1944 1320 1978 in
1352 1944 1428 1978 acie

312 2018 381 2041 non
399 2007 546 2048 stetisse,
568 2019 675 2054 qaum
698 2009 839 2054 primus
857 2009 1013 2043 omnium
1040 2009 1236 2054 imperator
1250 2005 1429 2054 fugeret:

310 2072 426 2118 magis
447 2072 571 2106 mirari
589 2083 638 2113 se,
659 2072 797 2119 aliquos
813 2076 949 2107 stantes
972 2072 1149 2114 cecidisse,
1167 2076 1201 2106 et
1221 2083 1291 2107 non
1309 2082 1427 2106 omnes

310 2136 454 2170 comites
478 2134 541 2170 Cn.
563 2136 677 2171 Fulvii
696 2135 816 2184 faisse
839 2138 986 2184 pavoris
1010 2149 1053 2172 ac
1069 2135 1186 2185 fugae.
1236 2135 1273 2171 C.
1291 2135 1426 2170 Flami-

312 2201 425 2241 nium,
448 2199 492 2235 L.
507 2200 695 2242 Paullum,
718 2201 761 2236 L.
778 2202 1018 2243 Postumium,
1042 2201 1105 2237 Cn.
1125 2212 1168 2236 ac
1184 2200 1229 2235 P.
1243 2199 1428 2247 Scipiones

311 2265 436 2298 cadere
469 2265 504 2299 in
534 2266 610 2300 acie
640 2266 817 2307 maluisse,
848 2278 958 2313 quam.
989 2265 1144 2301 deserere
1176 2265 1428 2299 circumventos

308 2329 490 2363 exercitas.
551 2328 797 2365 Cn.Fuli·i1(m
835 2341 949 2379 prope
982 2340 1091 2365 unum
1120 2328 1289 2364 wzuncium
1320 2327 1429 2363 deleti
