1527 2661
0 1688 7 1772 Ι

4 1854 5 1862 1

3 1899 5 1907 A

352 169 508 198 LIBER
533 170 580 197 x.
617 168 725 197 CAP.
749 169 880 198 xvu.
1117 166 1169 213 95

14 281 16 293 s
55 259 148 295 tium
169 261 389 304 exercitum,
411 274 598 310 nusquam
626 273 665 296 se
691 260 828 310 proelio
850 261 1168 305 committentem,
1183 253 1274 285 U·C·
1291 259 1366 287 456.

56 331 248 373 postremo
269 325 414 375 expulit
434 325 584 361 finibus.
614 325 809 361 Etruriam
829 325 926 375 pulsi
953 326 1167 375 petierunt:
1183 297 1365 381 ζᾶῐξῃίἓξ

13 416 15 420 s
52 393 105 430 et,
126 388 227 436 quod
246 387 500 437 legationibus
522 388 778 437 nequidquam
800 401 898 438 saepe
917 395 1171 431 tentaverant,
1185 394 1268 433 pulsi
1284 395 1359 424 fini-

1186 438 1247 467 bus
1260 437 1326 467 suis

1188 480 1350 511 Etruriam

58 515 178 559 cibus,
210 524 360 553 acturos
391 517 576 553 efficacius
604 516 690 559 rati,
719 516 1006 566 postulaverunt
1034 517 1174 567 princi·
1188 529 1314 564 petunt.

61 451 101 487 id
118 464 158 488 se
187 458 296 488 tanto
316 453 467 501 agmine
496 459 743 495 armatorum,
764 453 891 488 mixtis
922 459 1065 489 terrore
1089 466 1174 502 pre-

56 592 145 629 pum
166 581 331 616 Etruriae
361 580 577 616 concilium.
623 580 713 619 Quo
733 587 881 623 coacto,
902 593 967 630 per
986 588 1079 629 quot
1107 594 1175 617 an·

53 656 123 680 nos
144 657 213 694 pro
232 644 409 681 libertate
425 645 608 681 dimicent
628 658 713 680 cum
732 645 935 688 Romanis,
951 652 1149 695 exponunt
1165 660 1172 682 ε

54 711 174 745 omnia
192 715 354 758 expertos
372 722 454 752 esse,
474 711 506 745 si
523 711 668 745 suismet
688 712 845 758 ipsorum
870 710 1003 746 viribus
1023 712 1178 747 tolerare

55 777 194 808 tantam
213 774 340 809 molem
360 774 443 809 belli
457 777 599 821 possent
615 787 621 808 :
656 778 806 808 tentasse
824 775 933 808 etiam
958 773 1055 809 haud
1075 786 1176 821 mag-

53 837 90 872 ni
108 839 278 872 momenti
285 838 530 886 finitimarum
543 838 704 884 gentium
724 837 862 872 auxilia
875 852 887 872 .·
902 838 1033 884 petisse
1046 849 1177 885 pacem

55 913 78 937 a
93 902 228 950 populo
247 901 425 944 Romano,
447 914 555 950 quum
575 902 704 937 bellum
733 902 888 937 tolerare
915 912 987 937 non
1008 906 1177 949 possent:

51 965 250 1008 rebellasse,
271 967 365 1014 quod
386 978 461 1014 pax
489 966 722 1001 servientibus
738 967 902 1013 gravior,
924 978 1032 1014 quam
1058 966 1178 1002 liberis

54 1028 197 1073 bellum,
227 1034 325 1066 esset.
385 1031 502 1066 Unam
531 1030 597 1066 sibi
623 1042 721 1078 spem
748 1031 926 1078 reliquam
958 1031 995 1065 in
1015 1030 1178 1066 Etruscis

3 1094 14 1135 ’ζ
53 1099 200 1132 restare.
252 1095 365 1138 Scire,
397 1100 539 1143 gentem
570 1095 691 1130 Italiae
719 1095 1022 1143 opulentissimam
1051 1096 1175 1139 armis,

40 1158 158 1201 viris,
175 1161 345 1206 pecunia,
374 1171 468 1195 esse:
498 1159 624 1195 habere
653 1160 798 1194 adcolas
823 1159 960 1201 Gallos,
982 1160 1074 1194 inter
1089 1158 1175 1208 ser-

56 1233 136 1257 rum
166 1227 202 1257 et
229 1235 333 1259 arma
361 1228 476 1265 natos,
486 1222 630 1272 feroces
649 1235 757 1271 quum
775 1227 900 1270 suopte
923 1223 1078 1269 ingenio,
1101 1227 1178 1258 tum

55 1286 222 1323 adversus
242 1288 446 1324 Romanum
470 1289 648 1336 populum
662 1303 673 1323 .·
703 1299 806 1335 quem
832 1292 978 1334 captum
1007 1299 1030 1322 a
1056 1299 1092 1322 se
1110 1299 1176 1323 au-

10 1349 11 1359 *
55 1361 165 1398 roque
187 1352 398 1394 redemtum,
421 1352 518 1387 haud
535 1364 629 1387 vana
647 1349 843 1396 jactantes,
864 1355 1069 1387 memorent.
1106 1351 1177 1386 Ni-

58 1412 112 1449 hil
129 1414 258 1457 abesse,
278 1416 308 1450 si
326 1417 373 1451 sit
393 1417 531 1451 animus
547 1417 721 1458 Etruscis,
741 1417 800 1464 qui
819 1416 985 1451 Porsenae
999 1416 1179 1464 quondam

53 1478 310 1529 majoribusque
322 1493 442 1517 eorum
447 1481 582 1530 fuerit,
600 1484 685 1530 quin
702 1482 895 1523 Romanos,
913 1481 1009 1516 omni
1022 1492 1111 1528 agro
1131 1481 1179 1516 cis

7 1534 9 1566 ἶ
61 1543 215 1581 Tiberim
238 1546 372 1593 pulsos,
394 1547 566 1582 dimicare
589 1558 657 1594 pro
681 1546 797 1581 salute
822 1557 901 1587 sua,
924 1556 994 1579 non
1014 1545 1058 1580 de
1082 1546 1177 1580 into-

55 1608 201 1645 lerando
222 1611 340 1646 Italiae
358 1623 482 1658 regno,
505 1615 645 1659 cogant.
678 1610 877 1645 Samnitem
899 1609 970 1644 illis
984 1610 1176 1645 exercitum

51 1678 239 1720 paratum,
277 1676 486 1711 instructum
523 1679 646 1717 armis,
681 1675 871 1722 stipendio,
906 1675 1061 1709 venisse:
1091 1685 1175 1709 con-

43 1735 173 1784 festim
197 1743 391 1781 secuturos,
411 1739 466 1774 vel
488 1741 518 1775 si
537 1741 585 1775 ad
611 1741 724 1787 ipsam
749 1739 953 1774 Romanam
977 1737 1099 1773 urbem
1117 1738 1176 1774 ob-

4 1797 6 1852 s
52 1803 288 1849 ‚pugnandam
309 1804 453 1839 ducant.

111 1863 242 1900 XVII.
273 1864 369 1901 Haec
386 1878 449 1902 eos
466 1866 504 1901 in
522 1865 678 1902 Etruria
691 1864 883 1916 jactantes
901 1864 1176 1914 molientesque

0 1926 4 1972 l}
55 1928 198 1967 bellum
218 1931 319 1967 domi
339 1931 558 1967 Romanum
578 1931 734 1967 urebat:
767 1942 855 1966 nam
872 1930 914 1966 P.
930 1930 1087 1973 Decius,
1108 1930 1176 1967 ubi

52 1994 236 2043 comperit
254 2008 320 2044 pei·
339 1995 597 2046 exploratores
624 1995 838 2046 profectum
858 1995 1087 2031 Samnitium
1107 2008 1172 2032 ex-

53 2058 224 2102 ercitum,
255 2059 441 2096 advocato
472 2059 647 2103 consilio,
671 2061 767 2102 Quid
790 2072 858 2108 per
886 2072 1004 2108 agros,
1034 2060 1172 2109 inquit,

52 2134 238 2170 vagamur,
267 2126 414 2160 vicatim
450 2124 737 2173 circumferentes
765 2125 930 2161 bellum.9
958 2126 1044 2173 quin
1075 2125 1176 2161 urbes

0 2203 1 2230 {
53 2191 89 2222 et
116 2189 245 2223 moenz'a
273 2189 540 2236 adgredimur?
567 2190 686 2226 nullus
711 2188 795 2236 jam
823 2190 995 2226 exercitus
1024 2189 1173 2225 Samnio
1184 2193 1262 2224 Tres
1278 2195 1310 2225 in

0 2256 1 2290 ς
51 2252 215 2298 praesidet
227 2267 239 2288 .·
257 2264 384 2289 cessere
390 2254 541 2302 finibus,
559 2266 602 2289 ac
619 2254 757 2290 sibimet
772 2255 839 2302 ipsi
857 2253 1020 2289 exsilium
1040 2255 1173 2289 consci-

1186 2237 1318 2268 Samnio
1335 2249 1388 2270 ur-

1185 2281 1239 2311 bes
1255 2290 1274 2311 a
1290 2281 1352 2311 Ro-

53 2325 143 2351 vere.
199 2315 514 2366 Adprobantibus
541 2319 702 2362 cunctis,
726 2318 773 2355 ad
800 2317 1076 2367 Murgantiam,
1107 2332 1171 2355 va-
1186 2325 1291 2355 manis
1304 2333 1377 2366 cap-

1185 2373 1237 2400 tae.
