1527 2661
328 261 481 290 LIBER
506 262 612 289 XXI·
646 261 750 289 CAP.
773 262 952 290 xxxlx.
1104 263 1179 304 195

80 349 126 384 ad
146 349 330 386 Peninum
350 350 490 392 ferunt,
517 349 676 399 obsepta
695 348 870 397 gentibus
899 350 1178 398 semigermanis
1195 359 1283 389 U.C.
1302 366 1373 391 534„

78 413 258 456 fuissent;
291 426 426 463 neque,
461 413 640 456 Hercule,
671 413 863 449 montibus
895 413 954 449 his
988 414 1036 461 (si
1068 427 1179 463 quem
1192 402 1371 434 A·C'²¹⁸‘

77 477 176 513 forte
196 477 232 514 id
252 479 396 525 movet)
418 478 465 514 ab
494 479 655 514 transitu
675 477 882 513 Poenorum
907 477 984 513 ullo
1005 478 1177 527 Veragri,

76 540 210 577 incolae
223 541 309 591 jugi
329 541 422 592 ejuS,
439 550 580 578 norunt
594 554 733 578 nomen
753 542 913 577 inditum
927 558 937 586 3
971 542 1035 578 sed
1054 542 1100 578 ab
1116 555 1176 585 eo,

74 616 198 652 quem,
229 606 268 640 in
298 618 444 641 summo
464 612 651 642 sacratum
680 605 832 648 vertice,
854 605 1040 641 Peninum
1069 618 1177 642 mon-

73 668 152 703 tani
172 668 373 717 adpellant.

127 731 326 768 XXXIX.
356 733 642 782 Peropportune
663 732 709 768 ad
728 732 913 781 principia
931 744 1053 768 rerum
1073 732 1176 769 Tau·

72 795 178 838 rinis,
198 796 380 844 proximae
399 796 518 843 genti,
540 795 713 830 adversus
734 794 912 830 Insubres
933 801 1078 831 motum
1096 796 1176 833 bel-

70 856 148 893 lum
168 863 270 893 erat:
303 858 367 893 sed
390 869 534 893 armare
555 858 761 893 exercitum
780 856 990 900 Hannibal,
1012 864 1053 894 ut
1078 861 1177 908 parti

70 920 177 956 alteri
206 920 346 956 auxilio
376 926 487 964 esset,
511 921 567 967 (in
596 919 798 956 reficiendo
827 921 989 956 maxime
1011 923 1176 958 sentien-

69 991 146 1020 tem
166 990 362 1020 contracta
388 990 475 1020 ante
495 983 610 1029 mala)
634 997 711 1020 non
741 989 916 1033 poterat:
949 985 1070 1020 otium
1096 991 1175 1022 ete-

70 1049 149 1085 nim
171 1061 218 1085 ex
246 1048 388 1091 labore,
420 1049 530 1099 copia
558 1061 603 1084 ex
634 1049 778 1098 inopia,
807 1047 929 1084 cultus
960 1061 1006 1084 ex
1034 1048 1175 1085 inluvie

68 1112 246 1161 tabeque,
281 1112 451 1162 squalida
485 1118 522 1148 et
552 1124 669 1162 prope
700 1112 854 1147 efferata
884 1124 1045 1161 corpora
1072 1113 1175 1149 varie

67 1175 282 1212 movebant.
318 1176 377 1211 Ea
395 1175 438 1212 P.
455 1175 635 1211 Cornelio
650 1174 796 1211 consuli
811 1187 942 1211 caussa
956 1175 1042 1219 fuit,
1060 1188 1173 1225 quum
1189 1184 1354 1218 Cornelius

67 1240 174 1276 Pisas
201 1239 358 1276 navibus
378 1241 554 1283 venisset,
576 1240 743 1275 exercitu
769 1252 791 1274 a
808 1238 959 1275 Manlio
979 1240 1174 1290 Atilioque
1187 1230 1367 1302 fiffiffieivgb·

67 1310 223 1354 accepto
252 1304 390 1346 tirone,
420 1309 458 1339 et
486 1304 525 1339 in
555 1303 662 1339 novis
692 1303 908 1351 ignominiis
938 1304 1099 1354 trepido,
1126 1305 1173 1341 ad
1187 1314 1244 1345 nit.

68 1366 212 1403 Padum
237 1367 463 1412 festinandi3
497 1373 539 1403 ut
572 1379 656 1403 cum
688 1367 798 1402 hoste
830 1367 998 1403 nondum
1028 1367 1172 1405 refecto

67 1443 221 1467 manum
247 1436 483 1466 consereret:
516 1430 581 1466 sed
600 1442 683 1465 cum
703 1429 938 1466 Placentiam
958 1431 1090 1467 consul
1108 1444 1173 1468 ve-

66 1496 135 1538 nit,
160 1493 242 1544 jam
273 1506 319 1530 ex
352 1493 496 1529 stativis
529 1500 700 1529 moverat
730 1492 950 1539 Hanniba15
982 1493 1172 1531 Taurino-

60 1570 216 1607 rumque
246 1570 359 1593 unam
388 1556 533 1600 urbem,
567 1562 681 1607 caput
706 1558 829 1605 gentis
862 1557 957 1608 ejus,
987 1559 1076 1606 quia
1104 1572 1170 1595 vo-

2 1626 4 1667 l
63 1622 175 1658 lentis
195 1622 234 1657 in
263 1621 468 1657 amicitiam
497 1633 575 1657 nou
600 1621 817 1665 veniebant,
839 1622 875 1657 vi
904 1629 1162 1672 expugnarat:

0 1683 4 1739 {1
56 1685 322 1735 junxissetque
341 1683 427 1727 sibi,
443 1696 521 1719 non
540 1690 645 1720 metu
659 1683 796 1727 solum,
814 1685 878 1720 sed
898 1685 1009 1721 etiam
1030 1685 1165 1722 volun-

4 1765 5 1784 :
54 1754 155 1791 tate,
176 1747 307 1783 Gallos
328 1746 477 1782 adcolas
497 1747 591 1782 Padi
604 1762 615 1792 3
629 1747 685 1782 'ni
706 1759 785 1789 eos,
806 1747 1162 1797 circumspectantes

5 1856 6 1861 Ἰ
62 1811 284 1847 defectionis
300 1816 462 1860 tempus,
479 1809 605 1845 subito
625 1810 805 1846 adventus
826 1810 989 1846 consulis
1006 1810 1162 1860 obpres-

6 1878 7 1882 ’
58 1876 179 1911 sisset.
235 1874 288 1910 Et
313 1873 509 1910 Hannibal
537 1874 656 1910 movit
685 1886 731 1910 ex
759 1874 950 1917 Taurinis,
980 1875 1160 1919 incertos,

59 1951 140 1987 quae
166 1950 250 1988 pars
277 1937 466 1986 sequenda
497 1943 608 1980 esset,
629 1936 759 1973 Gallos
786 1945 1009 1988 praesentem
1035 1951 1074 1975 se
1104 1951 1161 1975 se-

0 2021 9 2046 g
55 2007 208 2038 cuturos
228 2007 343 2038 ratus.
400 2000 487 2036 Jam
505 2013 623 2051 prope
642 2001 680 2036 in
700 2007 906 2051 conspectu
929 2009 1035 2038 erant
1055 2015 1162 2039 exer-

56 2065 166 2108 citus,
187 2071 515 2112 convenerantque
534 2063 645 2100 duces
671 2065 782 2101 sicuti
799 2065 898 2101 inter
926 2078 965 2101 se
991 2067 1162 2104 nondum

10 2176 11 2181 Ἰ
55 2128 144 2164 satis
163 2128 260 2170 noti,
281 2127 336 2163 ita
354 2126 437 2177 jam
463 2127 615 2163 inbutus
636 2134 792 2177 uterque
811 2129 971 2177 quadam
998 2131 1160 2170 admira-

55 2192 160 2227 tione
179 2190 344 2227 alterius.
399 2191 502 2227 Nam
521 2190 749 2227 Hannibalis
770 2198 807 2228 et
827 2193 926 2243 apud
944 2193 1157 2237 Romanos,

51 2252 133 2303 jam
161 2259 249 2289 ante
278 2253 437 2303 Sagunti
467 2253 668 2298 excidium,
699 2254 980 2292 celeberrimum
1018 2269 1157 2293 nomen

13 2336 14 2343 κ
57 2324 157 2353 erat:
189 2325 226 2354 et
253 2319 468 2369 Scipionem
488 2318 685 2355 Hannibal
711 2332 756 2356 eo
783 2321 880 2370 ipso,
901 2319 1001 2368 quod
1027 2320 1158 2356 adver-

60 2393 119 2416 sus
147 2393 186 2416 se
205 2382 280 2419 dux
304 2384 541 2432 potissimum
561 2382 679 2420 lectus
707 2390 819 2428 esset,
840 2389 1080 2435 praestantem
1101 2385 1156 2419 vi-

561 2447 600 2483 K
621 2448 644 2482 2
