1527 2661
262 145 417 173 LIBER
444 145 515 173 1x.
547 143 657 173 CAP.
682 143 877 172 XXVIII.
1074 143 1128 186 43

19 232 82 280 qui
103 232 344 269 subsidiarias
372 233 562 276 cohortes,
585 246 667 281 quae
694 233 852 280 integrae
872 232 918 268 ad
943 231 1126 280 longioris
1141 239 1182 269 U.
1197 238 1232 268 C.
1249 245 1324 269 440.

17 307 155 344 pugnae
185 308 292 332 casus
323 295 624 339 reservabantur,
656 297 695 332 in
725 296 885 345 primam
918 295 1037 331 aciem
1063 308 1128 331 ex·
1141 283 1322 312 A·C·3¹²'

17 359 160 409 templo
189 361 337 406 emisit,
375 361 634 409 universisque
662 361 812 396 hostem
842 360 967 409 primo
997 360 1131 409 inpetu

15 422 156 459 viribus
177 424 326 473 inpulit.
375 425 581 460 Commota
599 425 763 474 pedestri
784 424 863 460 acie
885 423 1129 466 Samnitium,

16 498 128 536 eques
150 488 188 523 in
207 501 374 538 pugnam
395 489 562 525 succedit
581 503 588 524 z
620 489 660 524 in
685 489 802 531 hunc,
823 494 1041 523 transverso
1062 499 1130 535 ag-

15 551 117 586 mine
137 552 235 587 inter
251 552 341 588 duas
363 553 461 588 acies
482 565 522 588 se
540 553 782 595 inferentem,
802 552 1001 587 Romanus
1023 551 1128 599 equi-

15 622 116 652 tatus
147 619 316 654 concitat
340 631 456 667 equos
471 634 481 663 3
515 619 698 667 signaque
725 625 762 654 et
789 619 939 654 ordines
960 617 1129 667 peditum

13 686 127 730 atque
156 682 325 730 equitum
358 681 574 726 confundit,
605 683 725 718 donec
758 683 970 718 universam
1004 681 1050 718 ab
1084 694 1131 718 ea

12 750 120 795 parte
140 746 275 782 avertit
295 747 428 783 aciem.
485 746 533 782 In
552 759 597 782 eo
623 759 743 782 cornu
762 759 841 782 non
860 745 1045 782 Poetelius
1066 758 1128 781 so-

12 806 86 851 lus,
117 809 180 844 sed
210 809 397 859 Sulpicius
422 810 551 853 etiam,
570 810 747 846 hortator
767 809 954 851 adfuerat,
976 815 1129 845 avectus

13 871 61 917 ab
83 873 157 908 suis
178 873 348 910 nondum
368 873 656 910 conserentibus
676 886 809 909 manus
835 873 882 909 ad
910 873 1128 916 clamorem,

13 935 60 972 ab
81 936 234 972 sinistra
251 944 358 987 parte
377 938 479 988 prius
501 943 695 973 exortum:
721 937 835 991 unde,
856 937 956 972 haud
974 936 1130 972 dubiam

11 1000 210 1037 victoriam
244 1015 415 1045 cernens,
443 1015 558 1050 quum
592 1002 639 1037 ad
669 1014 779 1037 suum
810 1014 929 1036 cornu
956 1001 1130 1036 tenderet

11 1076 99 1100 cum
131 1064 234 1101 mille
267 1065 438 1102 ducentis
466 1066 570 1108 viris,
601 1064 822 1101 dissimilem
852 1064 906 1100 ibi
934 1064 1129 1101 fortunam

12 1126 181 1164 invenit:
230 1129 428 1166 Romanos
461 1129 548 1165 loco
581 1129 726 1179 pulsos,
761 1129 945 1164 victorem
978 1129 1130 1164 hostem

14 1190 124 1239 signa
142 1192 181 1227 in
200 1180 391 1242 perculsos
413 1192 650 1228 inferentem.
699 1192 877 1227 Ceterum
897 1192 1026 1227 omnia
1045 1204 1129 1226 mu—

12 1255 109 1291 tavit
136 1262 292 1306 repente
318 1256 483 1292 consulis
513 1256 720 1292 adventus:
753 1268 840 1290 nam
863 1261 901 1290 et
921 1261 1130 1304 conspectu

13 1319 117 1356 ducis
137 1320 299 1357 refectus
320 1321 483 1357 militum
512 1327 568 1356 est
597 1321 768 1356 animus:
802 1325 853 1362 et,
875 1318 996 1368 majus
1017 1331 1132 1367 quam

11 1395 81 1434 pro
111 1396 269 1420 numero
300 1384 497 1427 auxilium,
533 1384 765 1420 advenerant
797 1382 916 1418 fortes
950 1383 1049 1418 viri:
1093 1387 1132 1418 et

11 1447 128 1497 partis
148 1446 301 1483 alterius
323 1448 482 1484 victoria
502 1447 643 1489 audita,
666 1460 755 1482 mox
776 1447 853 1482 visa
872 1447 1001 1488 etiam,
1026 1459 1129 1495 proe-

11 1510 105 1547 lium
123 1511 302 1550 restituit.
359 1512 461 1548 Tota
486 1512 620 1548 deinde
643 1510 725 1561 jam
757 1512 907 1546 vincere
937 1511 1017 1546 acie
1046 1509 1128 1546 Ro-
1142 1518 1288 1549 Vincunt

12 1587 160 1618 manus,
182 1582 233 1618 et,
255 1577 397 1612 omisso
421 1577 640 1619 certamine,
672 1575 765 1611 caedi
789 1575 948 1624 capique
979 1574 1128 1609 Samni·
1143 1562 1294 1592 Romani.

12 1646 96 1685 tes5
128 1641 201 1675 nisi
221 1641 285 1689 qui
302 1640 579 1683 Maleventum,
608 1641 668 1675 cui
691 1652 792 1676 nunc
824 1639 907 1674 urbi
930 1638 1130 1675 Beneven-

12 1709 95 1740 tum
110 1716 250 1740 nomen
267 1710 337 1747 est,
356 1705 613 1753 pei-fugerunt.
644 1703 705 1738 Ad
725 1703 884 1750 triginta
900 1701 1017 1738 millia
1034 1714 1130 1738 caesa

15 1773 80 1802 aut
100 1774 211 1816 capta
231 1768 473 1810 Samnitium,
494 1768 689 1817 proditum
707 1767 901 1802 memoriae
922 1772 990 1802 est.

68 1830 266 1868 XXVIII.
297 1831 496 1874 Consules,
519 1832 671 1880 egregia
690 1831 850 1866 victoria
869 1836 991 1879 parta,
1009 1829 1130 1879 proti-

14 1910 84 1933 nus
104 1898 191 1933 inde
214 1898 261 1933 ad
289 1898 505 1934 Bovianum
535 1898 833 1947 obpugnandum
862 1896 1032 1944 legiones
1062 1896 1131 1932 du-

14 1968 127 1998 cunt:
164 1961 292 2010 ibique
318 1962 478 1998 hiberna
505 1969 677 2010 egerunt,
699 1962 818 1998 donec
839 1961 885 1996 ab
909 1961 1016 1996 novis
1039 1973 1130 1996 con-

15 2024 156 2060 sulibus
185 2024 229 2060 L.
251 2025 405 2074 Papirio
434 2026 597 2060 Cursore
617 2026 806 2073 quintum,
840 2025 882 2060 C.
903 2024 1022 2060 ,lunio
1050 2023 1128 2059 Bu·
1143 2036 1232 2067 uc,
1251 2043 1325 2067 441.

15 2087 127 2124 bulco
155 2089 305 2130 iterum,
329 2090 548 2125 nominatus
575 2089 739 2124 dictator
766 2089 809 2125 C.
830 2088 1012 2125 Poetelius
1043 2100 1128 2123 cvm
1142 2080 1326 2152 angli?-

15 2151 71 2188 M.
92 2152 221 2188 Foslio
241 2154 424 2201 magistro
445 2154 615 2202 equitum
634 2155 841 2189 exercitum
869 2152 1026 2199 accepit.
1075 2151 1127 2193 Is,
1142 2133 1285 2195 dictator.

17 2228 131 2263 quum
166 2216 330 2251 audisset
363 2229 487 2252 arcem
520 2216 784 2264 Fregellanam
817 2216 864 2252 ab
895 2214 1128 2251 Samnitibus

16 2284 178 2330 captam,
201 2281 340 2335 omisso
363 2281 536 2318 Boviano
558 2280 604 2317 ad
625 2280 815 2330 Fregellas
836 2280 961 2332 pergit
980 2294 986 2315 :
1016 2278 1129 2322 unde,
