1527 2661
375 208 527 237 LIBER
552 207 705 237 xxnl.
738 209 842 238 CAP.
866 211 913 239 V·
1110 211 1191 255 309

103 297 200 334 nobis
215 300 422 347 suscipiatis.
473 300 599 336 Veniat
616 301 651 335 in
670 304 832 342 mentem,
851 304 893 336 ut
911 301 1064 349 trepidos
1082 315 1192 350 quon·
1205 310 1248 342 U.
1259 309 1296 341 C.
1313 313 1385 341 ⁵36.

105 362 189 398 dam
208 361 355 409 majores
371 368 500 399 vestros
518 366 613 400 intra
637 365 763 399 maenz‘a
782 365 988 412 compulsos,
1008 377 1071 401 nec
1089 367 1194 402 Sam·
1207 355 1246 386 Α·
1258 354 1295 384 C·
1312 356 1384 384 ²¹⁶·

104 427 214 461 uitem
232 429 336 463 modo
355 427 498 470 hostem,
517 429 577 464 sed
600 429 707 464 etiam
727 428 924 464 Sidicinum
940 435 1120 477 paventes,
1140 443 1197 467 re-

102 494 219 538 ceptos
236 492 392 540 infidem
411 494 508 541 apud
527 492 727 528 Saticulam
745 492 1015 542 defenderimus,
1033 500 1198 542 coeptum-

107 567 174 602 que
197 561 346 604 propter
374 569 432 613 ξος
463 569 541 592 cum
569 557 787 593 Samnitibus
814 557 940 593 bellum
969 570 1034 606 per
1062 564 1200 595 centum

103 632 218 668 prope
232 633 353 664 annos,
369 623 531 658 'variante
538 621 695 670 fortuna
710 627 882 664 eventum,
901 623 1092 659 tulerimus.
1121 625 1200 660 Ad-

99 682 203 730 jicite
231 686 279 721 ad
307 685 390 728 haec,
412 687 505 733 quod
521 685 642 734 foedus
669 698 805 733 cequztm
831 687 970 728 deditis,
991 689 1085 734 quod
1113 688 1204 736 leges

111 753 257 790 vestras,
278 750 372 797 quod
399 751 446 784 ad
474 755 665 785 eoetremum
687 751 742 796 (icl
761 751 855 797 quod
883 755 965 785 ante
992 750 1205 788 Cannensem

109 816 202 848 certe
219 813 354 848 cladem
373 814 564 848 marimum
572 812 671 861 fuit)
693 815 870 848 civitatem
895 818 1051 849 nostram
1068 827 1207 862 magnae

105 878 208 925 parti
231 875 384 913 vestram
409 879 580 921 dedimus,
600 880 994 926 communicavimusque
1021 880 1206 916 vobiscum.

112 941 240 990 Itaque
257 954 472 979 communem
500 955 558 978 vos
577 943 665 979 hanc
692 944 843 986 cladem,
864 956 940 992 quae
968 949 1114 992 accepta
1141 949 1205 988 est,

110 1007 261 1050 credere,
284 1007 470 1056 Campani,
501 1012 650 1056 oportet,
678 1020 894 1044 communem
916 1011 1077 1057 patriam
1106 1014 1206 1045 tuen-

112 1071 197 1107 dam
215 1072 386 1108 arbitrari
403 1084 481 1108 esse.
527 1073 610 1108 Non
629 1085 705 1108 cum
726 1072 885 1109 Samnite
903 1078 966 1108 aut
985 1074 1136 1110 Etrusco
1153 1086 1209 1110 res

112 1140 177 1178 est,
196 1140 248 1179 ut,
269 1138 362 1184 quod
383 1150 406 1172 a
430 1137 525 1173 nobis
542 1137 697 1173 ablatum
716 1138 774 1179 sit,
803 1139 839 1173 in
860 1138 971 1173 Italia
997 1143 1115 1174 tamen
1140 1140 1206 1174 im-

113 1201 254 1248 perium
277 1206 429 1238 maneat.
476 1203 604 1238 Poenus
628 1202 745 1243 hostis,
772 1214 815 1237 ne
833 1201 969 1250 Africae
987 1204 1124 1250 quidem
1151 1204 1206 1238 in-

117 1265 294 1312 digenam,
322 1266 366 1301 ab
386 1267 521 1301 ultimis
547 1270 721 1302 terrarum
746 1267 828 1309 oris,
843 1265 945 1315 freto
967 1268 1095 1304 Oceani
1113 1269 1207 1304 Her-

116 1330 271 1378 culisque
296 1331 477 1372 columnis,
497 1335 671 1378 expertem
696 1332 806 1366 omnis
822 1329 917 1376 juris
942 1335 977 1366 et
1001 1333 1210 1368 conditionis

118 1398 153 1429 et
171 1395 300 1441 linguae
325 1406 437 1442 prope
461 1394 634 1436 humanae,
662 1395 809 1429 militem
837 1394 956 1430 trahit.
1002 1396 1122 1438 Hunc,
1144 1409 1208 1432 na-

107 1462 198 1494 tura
223 1462 259 1494 et
284 1459 436 1494 moribus
463 1459 618 1493 inmitem
635 1457 841 1506 ferumque,
871 1460 1011 1506 insuper
1039 1461 1111 1495 dux
1140 1462 1211 1508 ipse

115 1523 288 1571 efferavit,
307 1522 469 1570 pontibus
494 1534 536 1558 ac
553 1522 698 1558 molibus
716 1534 756 1558 ex
775 1523 1005 1558 humanorum
1026 1536 1211 1572 corporum

116 1590 213 1622 strue
219 1585 414 1634 faciendis,
431 1590 464 1621 et
482 1586 591 1634 (quod
606 1587 772 1634 proloqui
787 1588 894 1622 etiam
908 1587 1022 1634 piget)
1041 1590 1130 1624 vesci
1146 1589 1211 1624 hu-

117 1650 232 1685 manis
250 1649 448 1697 corporibus
462 1650 623 1685 docendo.
670 1650 758 1692 Hos,
777 1649 938 1698 infandis
951 1656 1072 1698 pastos
1086 1653 1211 1699 epulis,

121 1725 204 1761 quos
222 1715 422 1759 contingere
437 1714 545 1749 etiam
564 1712 665 1761 nefas
681 1715 740 1754 sit,
755 1715 872 1749 videre
889 1718 994 1761 atque
1013 1714 1137 1750 habere
1150 1717 1212 1751 do-

120 1779 244 1820 minos,
264 1782 298 1813 et
317 1789 358 1812 esc
370 1776 499 1825 Africa
517 1782 551 1812 et
568 1790 591 1812 a
602 1777 824 1824 Karthagine
832 1777 921 1824 jura
934 1783 1066 1825 petere,
1086 1784 1120 1815 et
1136 1780 1213 1816 Ita·

125 1843 210 1879 liam
229 1843 470 1878 Numidarum
495 1854 537 1878 ac
556 1842 767 1878 Maurorum
782 1845 864 1890 pati
885 1845 1105 1890 provinciam
1130 1856 1212 1888 esse,

125 1909 181 1943 cui
208 1919 290 1949 non,
309 1908 427 1954 genito
454 1908 557 1942 modo
585 1908 621 1942 in
642 1907 767 1949 Italia,
792 1907 992 1943 detestabile
1017 1909 1096 1944 sit?
1123 1909 1214 1946 Pul-

125 1970 247 2006 chrum
273 1971 353 2012 erit,
376 1969 561 2018 Campani,
578 1971 783 2018 prolapsum
803 1971 904 2006 clade
924 1970 1123 2008 Romanum
1148 1975 1214 2009 im-

120 2036 260 2083 perium
278 2039 394 2070 vestra
407 2035 498 2083 fide,
518 2036 639 2070 vestris
665 2035 794 2070 viribus
810 2040 986 2071 retentum
1004 2048 1047 2071 ac
1073 2048 1215 2085 recupe-

123 2103 241 2135 ratum
261 2110 339 2134 esse.
392 2099 554 2145 Triginta
570 2099 686 2134 millia
700 2099 873 2146 peditum,
893 2104 1044 2147 quatuor
1061 2102 1219 2148 equitum

125 2163 278 2198 arbitror
295 2174 337 2197 ea:
355 2161 553 2209 Campania
578 2161 681 2197 scribi
694 2174 816 2210 posse:
835 2161 916 2208 jam
931 2165 1086 2211 pecuniae
1109 2164 1217 2212 adfa-

128 2228 191 2262 tim
209 2232 260 2263 est
276 2226 532 2275 frumentique.
579 2226 620 2262 Si
640 2238 764 2274 parem
780 2226 943 2275 fortuna!
969 2232 1090 2263 vestrae
1104 2229 1219 2277 fldem

127 2290 269 2334 habetis,
298 2303 361 2328 nec
386 2291 570 2327 Hannibal
596 2302 631 2327 se
658 2292 777 2328 vicisse
802 2293 939 2336 sentiet,
976 2304 1038 2329 nec
1064 2292 1221 2329 Romani

88 2361 91 2363 ’
123 2356 231 2391 victos
247 2367 326 2392 esse.
