1527 2661
387 199 541 230 [ABER
566 200 685 229 xxv.
718 199 824 229 CAP.
847 199 1052 227 xxxvu.
1191 186 1273 240 489

218 289 434 327 XXXVII.
472 290 600 330 Quum
637 289 780 326 deletus
825 288 1010 324 exercitus
1054 287 1274 336 amissaeque
1288 293 1329 323 U.
1344 292 1382 324 C.
1399 300 1473 324 540.

162 353 359 404 Hispaniae
379 354 608 397 viderentur,
629 355 684 389 vir
713 365 808 389 unus
827 364 884 388 res
906 351 1069 402 perditas
1096 352 1272 387 restituit.
1286 337 1374 367 A'C·
1390 343 1464 367 2¹²·

159 418 255 454 Erat
284 419 322 454 in
352 420 519 456 exercitu
548 418 594 456 L.
623 418 790 455 Marcius
830 417 988 467 Septimi
1016 416 1128 459 filius,
1159 429 1270 465 eques
1283 394 1421 468 ἑξὶέῐῗζζ

160 481 374 527 Romanus,
396 484 544 533 inpiger
565 482 732 534 juvenis,
753 483 944 532 animique
963 487 1001 518 et
1028 481 1173 530 ingenii
1201 480 1268 516 ali-
1283 481 1424 529 adfljctas

160 553 319 595 quanto,
341 560 452 596 quam
472 560 540 597 pro
560 547 727 590 fortuna,
749 547 788 582 in
807 559 882 595 qua
900 551 980 582 erat
1001 552 1127 587 natus,
1148 544 1270 595 majo·
1283 529 1427 554 ‘esuum'

159 611 232 646 ris:
265 611 311 647 ad
341 624 524 648 summam
554 611 720 648 indolem
749 618 957 647 accesserat
991 610 1062 647 Cn.
1082 610 1270 659 Scipionis

158 674 379 725 disciplina:
413 676 481 713 sub
514 689 589 726 qua
616 689 684 726 per
714 682 774 712 tot
810 688 929 712 annos
959 687 1089 711 omnes
1126 674 1272 711 militiae

157 744 256 775 artes
276 740 431 777 edoctus
451 741 587 778 fuerat.
644 740 735 785 Hic,
756 746 794 777 et
820 753 865 776 ex
884 739 975 790 fuga
994 739 1174 776 conlectis
1200 740 1272 776 mi-

154 802 299 847 litibus,
335 810 373 841 et
401 805 626 854 quibusdam
655 805 699 841 de
735 804 917 855 praesidiis
953 803 1137 848 deductis,
1169 804 1272 841 haud

153 868 473 905 contemnendum
503 869 710 906 exercitum
727 868 884 910 fecerat,
903 867 1160 918 junxeratque
1185 881 1271 905 cum

154 930 201 968 T.
213 931 378 968 Fonteio
396 932 440 970 P.
454 933 641 983 Scipionis
657 932 798 982 legato.
837 932 910 968 Sed
922 938 1072 968 tantum
1091 933 1270 982 praestitit

156 1008 268 1046 eques
288 995 486 1033 Romanus
517 997 744 1033 auctoritate
772 996 871 1032 inter
897 995 1035 1032 milites
1065 1002 1179 1045 atque
1197 997 1269 1033 ho·

155 1073 262 1104 nore,
283 1066 338 1105 ut,
359 1063 491 1098 castris
511 1063 606 1098 citra
625 1061 777 1098 Iberum
794 1060 1051 1103 communitis,
1068 1073 1184 1110 quum
1199 1062 1267 1098 du-

156 1137 237 1161 cem
253 1127 485 1163 exercituum
499 1127 662 1163 comitiis
678 1125 902 1162 militaribus
920 1125 1037 1162 creari
1049 1125 1266 1175 placuisset,

155 1189 359 1227 subeuntes
379 1190 443 1226 alii
473 1191 554 1227 aliis
584 1192 623 1227 in
644 1190 855 1227 custodiam
874 1189 963 1226 valli
992 1191 1264 1240 stationesque,

154 1255 273 1291 donec
306 1267 372 1304 per
401 1267 531 1291 omnes
565 1255 782 1303 suffragium
818 1255 902 1298 iret,
932 1254 979 1290 ad
1015 1253 1062 1291 L.
1076 1253 1267 1292 Marcium

153 1319 280 1355 cuncti
295 1331 479 1355 summam
499 1320 646 1370 imperii
661 1319 876 1355 detulerint.
923 1318 1048 1355 Omne
1067 1319 1154 1355 inde
1168 1325 1265 1356 tem·

151 1395 220 1432 pus
244 1382 439 1431 (exiguum
469 1384 505 1419 id
535 1383 624 1430 fuit)
647 1383 858 1419 muniendis
888 1383 1019 1419 castris
1050 1383 1264 1420 convehen-

152 1446 284 1496 disque
309 1447 582 1484 commeatibus
603 1452 865 1483 consumtum:
899 1453 936 1482 et
955 1447 1084 1483 omnia
1108 1448 1266 1497 imperia

151 1509 304 1554 milites,
334 1523 449 1560 quum
478 1511 640 1561 inpigre,
671 1517 751 1546 tum
787 1510 1077 1560 haudquaquam
1112 1510 1264 1561 abjecto

152 1575 294 1618 animo,
316 1569 629 1624 exsequebantur.
671 1575 849 1611 Ceterum
869 1582 1069 1626 postquam
1089 1575 1262 1612 Hasdru-

152 1637 276 1674 balem
297 1638 492 1687 Gisgonis,
512 1640 725 1676 venientem
752 1640 798 1676 ad
826 1640 1001 1690 reliquias
1024 1640 1114 1677 belli
1134 1640 1261 1677 delen-

152 1701 232 1745 das,
249 1703 428 1738 transisse
447 1702 614 1746 Iberum,
631 1709 669 1739 et
688 1704 989 1755 adpropinquare
1008 1704 1173 1741 adlatum
1189 1711 1259 1750 est,

152 1766 377 1814 signumque
396 1778 533 1815 pugnae
559 1768 796 1816 propositum
823 1768 869 1804 ab
890 1781 989 1805 novo
1009 1769 1103 1805 duce
1121 1768 1259 1805 milites

148 1830 346 1875 viderunt3
379 1831 580 1874 recordati,
611 1845 703 1879 quos
732 1831 860 1882 paullo
889 1840 976 1869 ante
1013 1833 1258 1883 imperatores

149 1893 384 1937 habuissent,
405 1894 614 1944 quibusque
634 1902 671 1932 et
690 1895 846 1932 ducibus
867 1904 903 1932 et
923 1897 1040 1946 copiis
1059 1897 1146 1933 freti
1170 1910 1258 1947 pro-

149 1957 228 1993 dire
247 1958 294 1994 ad
313 1971 477 2008 pugnam
499 1959 601 1995 soliti
628 1967 765 2004 essent,
785 1960 873 1996 flere
893 1973 1022 1996 omnes
1048 1967 1203 2011 repente
1223 1969 1261 1998 et

149 2020 350 2058 obfensare
376 2024 524 2072 capita:
556 2030 593 2059 et
613 2023 676 2060 alii
702 2036 834 2060 manus
861 2024 907 2060 ad
927 2024 1065 2061 coelum
1090 2026 1259 2069 tendere,

147 2086 255 2123 Deos
292 2086 532 2132 incusantes;
565 2087 642 2130 alii,
673 2089 780 2124 strati
816 2089 935 2131 humi,
966 2101 1074 2125 suum
1104 2091 1261 2139 quisque

147 2151 373 2187 nominatim
390 2150 522 2187 ducem
538 2151 745 2201 inplorare:
768 2164 888 2200 neque
904 2153 1024 2188 sedari
1037 2152 1260 2190 lamentatio

147 2219 311 2264 poterat,
333 2214 586 2250 excitantibus
615 2216 898 2252 centurionibus
926 2216 1192 2265 manipulares,
1220 2226 1258 2254 et

146 2277 231 2327 ipso
259 2276 450 2313 mulcente
469 2284 506 2313 et
534 2278 753 2328 increpante
771 2279 940 2323 Marcios
956 2282 1043 2328 quid
1066 2283 1102 2316 in
1129 2283 1257 2318 mulie—

147 2341 222 2378 bres
239 2346 275 2378 et
301 2342 446 2379 inutiles
472 2354 508 2379 se
532 2343 759 2391 projecissent
781 2344 893 2393 fletus
915 2347 1051 2393 potius,
1073 2357 1180 2393 quam
1210 2348 1259 2382 ad

672 2407 709 2442 Y
728 2408 749 2443 5
