1527 2661
80 247 121 277 U.
135 248 170 278 C.
184 253 257 278 446.

78 292 117 321 A.
133 292 168 322 C.
184 296 257 322 2305.

81 956 121 984 U.
134 955 170 985 C.
186 961 257 991 447.

77 999 116 1028 Α.
129 998 163 1029 C.
176 1006 249 1031 305.

74 1791 204 1822 Bellum

72 1834 192 1865 Herni-

69 1885 158 1909 cum.

267 143 319 181 66
731 157 776 185 T.
803 156 936 185 L1V11

273 246 474 296 perfuisset
493 247 589 283 diei:
622 255 711 284 ante
737 256 890 286 noctem
909 257 1035 287 tamen
1063 258 1151 287 sunt
1171 252 1392 288 circumses-

272 323 326 353 sa,
349 316 386 346 et
405 319 518 346 nocte
539 312 740 354 custodita,
760 326 808 348 ne
827 314 909 361 quis
937 313 1034 350 elabi
1055 321 1194 364 posset.
1231 316 1393 352 Postero

273 374 347 417 die,
368 375 522 410 vixdum
543 375 625 411 luce
646 383 765 418 certa,
783 376 925 412 deditio
946 377 1025 413 fieri
1046 385 1194 428 coepta:
1218 387 1256 415 et
1276 380 1391 429 pacti,

274 439 338 486 qui
369 439 595 475 Samnitium
615 440 755 483 forent,
780 447 820 476 ut
851 454 936 477 cum
967 442 1126 490 singulis
1156 444 1390 479 vestimentis

273 504 548 540 emitterentur.
591 504 646 540 Hi
675 518 806 540 omnes
845 505 914 541 sub
941 504 1081 555 jugum
1113 507 1240 542 missi:
1280 508 1392 543 sociis

273 567 500 603 Samnitium
530 568 627 603 nihil
653 575 828 605 cautum:
862 569 908 605 ad
927 576 1072 619 septem
1099 570 1218 606 millia
1238 571 1308 607 sub
1328 584 1392 607 co·

273 644 368 667 rona
390 633 537 668 veniere
554 648 560 668 :
594 634 659 682 qui
679 645 718 669 se
734 634 853 669 civem
873 633 1086 671 Hernicum
1107 635 1267 677 dixerat,
1289 648 1393 671 seor-

274 708 357 731 sum
378 697 416 732 in
434 697 609 733 custodia
628 697 794 735 habitus.
824 698 903 734 Eos
925 711 1055 734 omnes
1071 698 1211 735 Fabius
1227 698 1393 736 Romam

274 760 321 796 ad
359 769 530 797 senatum
560 763 685 797 misit:
720 769 771 806 et,
803 776 918 811 quum
952 764 1153 812 quaesitum
1183 770 1294 807 esset,
1327 764 1392 800 de-

273 824 388 868 lectu,
410 838 458 861 an
479 825 682 862 voluntarii
702 840 770 876 pro
792 827 1025 864 Samnitibus
1053 828 1227 863 adversus
1247 827 1394 864 Roma-

271 902 341 925 nos
362 889 580 933 bellassent,
601 904 668 941 per
685 891 846 927 Latinos
867 892 1028 942 populos
1046 892 1284 928 custodiendi
1299 892 1392 928 dan-

272 960 356 990 tur:
382 955 556 1005 jussique
583 969 664 992 eam
692 957 881 1005 integram
911 970 991 993 rem
1019 958 1109 993 novi
1139 956 1327 1001 consules,
1348 957 1392 995 P.

274 1019 474 1054 Cornelius
502 1021 659 1063 Arvina,
691 1021 739 1059 Q.
770 1020 939 1057 Marcius
969 1020 1185 1064 Tremulus,
1217 1022 1260 1068 (ii
1291 1022 1393 1058 enim

265 1081 348 1132 jam
370 1084 485 1119 creati
505 1085 629 1129 erant)
653 1084 699 1119 ad
719 1092 891 1120 senatum
911 1084 1073 1121 referre:
1107 1085 1144 1120 id
1165 1097 1263 1133 aegre
1288 1086 1390 1135 passi

273 1145 447 1189 Hernici,
476 1147 678 1182 concilium
703 1147 933 1197 populorum
963 1149 1134 1183 omnium
1158 1148 1390 1185 habentibus

272 1210 486 1257 Anagninis
503 1211 541 1245 in
563 1211 677 1251 circo,
693 1223 803 1258 quem
823 1211 1065 1247 BIaritimum
1085 1218 1237 1254 vocant,
1254 1218 1391 1260 praeter

273 1272 543 1316 Alatrinatem‚
573 1273 949 1323 Ferentinatemque,
977 1281 1015 1310 et
1041 1274 1288 1318 Verulanum,
1309 1288 1393 1311 om*

271 1348 337 1372 nes
369 1336 529 1372 Hernici
563 1337 725 1375 nominis
758 1338 901 1388 populo
938 1337 1118 1375 Romano
1154 1337 1297 1376 bellum
1332 1339 1396 1375 in-

271 1400 459 1437 dixerunt.

325 1465 480 1501 XLIII.
513 1466 559 1501 In
588 1467 745 1503 Samnio
766 1479 930 1515 quoque,
951 1467 1040 1515 quia
1070 1466 1280 1502 decesserat
1305 1467 1394 1504 inde

269 1528 424 1571 Fabius,
446 1531 537 1565 novi
565 1538 690 1566 motus
723 1531 857 1566 exorti.
900 1530 1050 1566 Calatia
1069 1537 1107 1566 et
1134 1530 1242 1573 Sora,
1263 1532 1393 1581 praesi-

268 1593 418 1642 diaque,
441 1607 523 1642 quae
554 1595 590 1630 in
613 1596 657 1630 iis
678 1594 856 1631 Romana
883 1602 1003 1637 erant,
1024 1601 1264 1644 expugnata:
1298 1596 1392 1632 etin

269 1659 507 1708 captivorum
534 1672 697 1708 corpora
723 1659 886 1695 militum
912 1659 1013 1695 foede
1039 1660 1233 1695 saevitum:
1265 1659 1394 1709 itaque

271 1735 315 1759 eo
337 1723 379 1759 P.
401 1723 602 1759 Cornelius
629 1737 714 1760 cum
741 1724 908 1759 exercitu
938 1725 1085 1760 missus.
1125 1723 1276 1760 Marcio
1302 1725 1393 1761 novi

270 1789 400 1824 hostes
435 1787 529 1838 (jam
560 1790 660 1825 enim
690 1789 904 1838 Anagninis
928 1788 1182 1837 Hernicisque
1207 1788 1289 1824 aliis
1313 1788 1396 1825 bel-

273 1853 349 1889 lum
364 1852 514 1902 jussum
532 1855 628 1900 erat)
649 1854 914 1890 decernuntur.
956 1854 1086 1889 Primo
1107 1854 1161 1889 ita
1177 1854 1307 1889 omnia
1322 1866 1392 1904 op-

273 1925 438 1967 portuna
462 1917 545 1953 loca
571 1918 700 1953 hostes
725 1917 825 1952 inter
856 1917 1054 1953 consulum
1076 1924 1200 1953 castra
1228 1917 1392 1953 interce-

272 1988 423 2031 perunt,
446 1987 487 2016 ut
509 1981 712 2030 pervadere
739 1982 935 2031 expeditus
962 1984 1122 2017 nuncius
1143 1994 1222 2018 non
1248 1989 1392 2031 posset,

272 2050 310 2081 et
329 2057 395 2094 per
415 2044 559 2093 aliquot
580 2046 657 2081 dies
685 2046 821 2082 incerti
847 2058 972 2081 rerum
993 2046 1177 2088 omnium,
1200 2046 1392 2095 suspensi-

272 2121 344 2157 que
375 2109 418 2145 de
448 2116 549 2145 statu
580 2109 747 2153 alterius,
780 2118 937 2159 uterque
971 2109 1102 2145 consul
1135 2116 1277 2158 ageret,
1308 2109 1392 2146 Ro-

272 2185 446 2221 mamque
466 2174 496 2209 is
517 2180 638 2209 metus
663 2182 858 2219 manaret3
892 2174 986 2209 adeo
1007 2180 1048 2209 ut
1067 2186 1199 2209 omnes
1217 2172 1392 2222 juniores

273 2245 511 2273 sacramento
539 2238 794 2287 adigerentur,
816 2244 928 2287 atque
949 2238 996 2274 ad
1023 2238 1148 2273 subita
1171 2249 1296 2273 rerum
1317 2236 1392 2273 duo

266 2299 365 2350 justi
387 2302 640 2341 scriberentur
656 2305 854 2341 exercitus.
885 2303 1063 2340 Ceterum
1084 2301 1294 2338 Hernicum
1313 2301 1393 2338 bel-
