1527 2661
379 236 538 266 Lmen
563 235 671 263 xm.
708 234 816 263 cAP.
841 234 912 263 x1.
1118 226 1196 281 165

86 329 249 378 Sagunto
284 341 357 365 non
385 329 609 365 abstinemus.
671 328 705 362 Ι
703 329 841 363 icerunt
869 339 952 374 ergo
980 327 1054 364 Dii
1084 329 1255 366 homi-U
1266 329 1302 360 C·
1321 336 1394 361 534·

87 406 215 443 nesque
225 411 238 439 ,·
267 399 315 436 et,
336 395 375 430 id
394 395 438 430 cle
458 406 526 441 quo
544 393 656 429 verbis
674 392 932 440 ambigebatur,
952 398 1032 428 uta*
1046 375 1253 443 populusA
1267 373 1303 405 C
1321 379 1395 404 2²⁸

76 458 201 507 foedus
227 459 388 506 rupisset,
419 462 561 493 eventus
586 457 680 498 belli,
702 457 798 492 velut
826 468 945 504 aequus
963 455 1091 502 jadex,
1112 461 1206 497 unde

78 522 142 570 jus
159 523 289 566 stabat,
310 524 343 558 ei
368 523 555 558 victoriam
579 522 688 557 dedit.
744 520 967 568 Karthagini
989 534 1081 558 nunc
1099 524 1205 561 Han-

89 587 187 623 nibal
217 589 337 623 vineas
374 591 555 634 turresque
591 587 780 621 admovet:
808 584 1048 633 Karthaginis
1078 590 1208 625 incenia

93 653 212 700 quatit
244 654 366 688 ariete.
423 652 581 698 Sagunti
614 652 726 686 ruinoe
760 649 902 698 (falsus
936 653 1075 688 utinam
1110 658 1209 690 vates

93 716 177 763 sim)
199 719 329 753 nostris
347 716 521 765 capitibus
541 716 722 751 incident:
751 719 1018 763 susceptumque
1040 729 1120 752 cum
1140 717 1210 754 Sa-

90 782 253 828 guntinis
271 781 414 823 belluni,
443 780 645 816 habendum
669 791 750 815 cum
769 779 944 815 Romanis
968 784 1030 815 est.
1086 782 1212 818 Dede·

93 857 171 881 mus
207 857 291 893 ergo
326 845 605 881 Hannibalem?
641 845 735 879 dicet
771 843 914 890 aliquis.
960 844 1057 887 Scio,
1096 858 1213 882 meam

94 910 204 945 levem
223 921 292 945 esse
320 911 357 945 in
384 921 424 945 eo
443 910 699 945 auctoritatem
725 912 875 955 propter
898 913 1072 955 paternas
1093 911 1212 946 inimi-

96 975 211 1010 citias.
267 973 341 1010 Sed
369 978 405 1010 et
431 973 686 1009 Hamilcarem
714 984 754 1008 eo
778 973 913 1020 perisse
945 973 1086 1009 laetatns
1120 986 1213 1018 sum,

100 1039 209 1087 quod,
229 1039 260 1074 si
288 1039 351 1074 ille
379 1039 524 1080 viveret,
546 1037 677 1073 bellum
698 1036 781 1083 jam
810 1049 888 1073 cum
908 1036 1082 1074 Romanis
1110 1038 1215 1075 liabe-

98 1113 214 1138 remus
224 1118 237 1146 ,·
267 1107 301 1138 et
330 1102 422 1139 hunc
441 1100 625 1149 juvenem,
651 1106 836 1149 tamquam
853 1100 1002 1149 furiam
1020 1101 1218 1152 facemque

99 1165 203 1213 liujus
223 1167 317 1211 belli,
345 1169 406 1204 odi
434 1180 477 1204 ac
497 1169 660 1204 detestor.
719 1166 797 1202 Nec
815 1167 1015 1202 dedendum
1039 1169 1155 1204 solum
1179 1170 1219 1205 id

96 1232 285 1279 piaculum
311 1234 412 1280 rupti
429 1231 602 1281 foederis,·
631 1231 705 1274 sed,
734 1232 765 1266 si
791 1242 892 1266 nenio
912 1232 1091 1279 deposcat,
1114 1234 1218 1269 deve·

101 1294 258 1330 tiendum
286 1297 325 1330 in
353 1297 501 1332 ultimas
529 1296 640 1331 maris
669 1299 915 1341 terrarumque
934 1307 1027 1338 oras,
1049 1296 1219 1343 ablegan-

104 1361 258 1409 damque
281 1373 336 1404 eo,
356 1363 451 1397 unde
475 1373 538 1397 nec
567 1361 616 1396 ad
635 1372 696 1396 nos
724 1371 853 1395 nomen
869 1358 1051 1408 famaque
1069 1360 1141 1408 ejus
1160 1375 1220 1399 ac-

104 1426 239 1468 cedere,
259 1438 370 1473 neque
394 1427 591 1462 sollicitare
610 1426 738 1473 quietce
764 1426 921 1460 civitatis
937 1429 1071 1461 statam
1097 1429 1221 1474 possit.

102 1489 183 1537 Ego
212 1491 265 1525 ita
297 1502 430 1533 censeo,
462 1491 519 1537 leg
521 1495 598 1525 atos
625 1489 800 1537 extemplo
829 1488 985 1525 Romam
1014 1492 1219 1535 mittendos,

104 1556 165 1603 qui
181 1557 322 1592 senatui
339 1555 593 1605 satisfaciant.-
621 1556 725 1598 alios,
747 1557 806 1603 qui
820 1555 1020 1592 Hannibali
1038 1559 1220 1600 nuncient,

106 1624 147 1655 ut
163 1622 355 1656 exercitum
382 1621 426 1656 ab
446 1621 611 1668 Sagunto
639 1620 808 1662 abducat,
831 1621 1014 1669 ipsumque
1032 1621 1223 1657 Hanniba·

108 1684 176 1719 lem
204 1695 246 1719 ex
263 1683 404 1732 saedere
433 1683 608 1720 Romanis
641 1685 800 1719 dedant:
831 1686 976 1720 tertiam
1013 1686 1225 1732 legationem

111 1748 160 1784 ad
176 1759 230 1783 res
249 1748 461 1795 Saguntinis
479 1749 678 1784 reddendas
695 1749 857 1784 decerno.

164 1811 239 1847 XI.
269 1812 397 1851 Quum
430 1812 575 1848 Hanno
609 1819 836 1862 perorasset,
875 1814 1017 1849 nemini
1055 1814 1224 1850 omnium
1238 1818 1436 1849 Favetsena

0 1681 4 1716 Ι

0 1719 5 1785 Ξ

0 1791 5 1840 l

2 1867 7 1916 l
114 1880 258 1911 certare
287 1876 461 1911 oratione
490 1888 576 1911 cum
605 1888 650 1911 eo
680 1888 834 1911 necesse
855 1875 950 1912 fuit:
985 1877 1079 1913 adeo
1108 1890 1225 1928 prope
1207 1869 1304 1945 e¹¹¹¹1⁵¹
1307 1862 1425 1935 Cssgffa

4 1928 8 1999 l
114 1938 237 1974 omnis
269 1944 420 1974 senatus
453 1938 683 1975 Hannibalis
708 1946 811 1984 erat3
843 1939 1093 1989 infestiusque
1120 1941 1226 1978 locu-
1241 1948 1352 1979 nibali.

5 2012 10 2094 ἱ
115 2006 197 2037 tum
230 2001 441 2050 arguebant
478 2001 725 2045 Hannonem,
756 2015 869 2050 quam
905 2002 1084 2040 Flaccum
1115 2004 1228 2042 Vale-

6 2100 10 2124 1
112 2065 223 2108 rium,
244 2065 413 2114 legatum
432 2066 664 2103 Romanum.
724 2066 966 2117 Responsum
986 2068 1073 2104 inde
1093 2068 1228 2117 legatis

8 2145 11 2194 ¹
114 2129 300 2165 Romanis
334 2136 404 2173 est,
437 2131 582 2168 Bellum
611 2137 729 2168 ortum
758 2132 801 2167 ab
831 2132 1054 2180 Saguntinis,
1084 2146 1155 2170 non
1188 2135 1232 2170 ab

8 2197 11 2215 ¹
114 2193 320 2230 Hannibale
343 2207 435 2231 esse:
459 2197 636 2244 populum
668 2195 873 2232 Romanum
900 2195 1026 2243 injuste
1038 2197 1179 2246 facere,
1202 2201 1233 2235 si

120 2258 341 2306 Saguntinos
385 2262 630 2297 vetustissima>
668 2260 1024 2309 Karthaginiensium
1071 2265 1233 2299 societati

116 2327 317 2370 praeponat.
374 2322 479 2360 Dum
504 2323 670 2360 Romani
699 2330 846 2374 tempus
874 2331 1001 2361 terunt
1029 2326 1232 2374 legationi—

125 2383 193 2421 bus
206 2386 400 2424 mittendis
402 2415 415 2432 ,
433 2387 644 2432 Hannibal,
662 2389 751 2438 quia
761 2389 903 2427 fessum
919 2389 1076 2427 militem
1089 2391 1232 2441 proeliis
