<?xml version="1.0" encoding="UTF-8"?>
<!DOCTYPE html PUBLIC "-//W3C//DTD XHTML 1.0 Transitional//EN"
    "http://www.w3.org/TR/xhtml1/DTD/xhtml1-transitional.dtd">
<html xmlns="http://www.w3.org/1999/xhtml" xml:lang="en" lang="en">
 <head>
  <title>
</title>
<meta http-equiv="Content-Type" content="text/html;charset=utf-8" />
  <meta name='ocr-system' content='tesseract 3.04.00' />
  <meta name='ocr-capabilities' content='ocr_page ocr_carea ocr_par ocr_line ocrx_word'/>
</head>
<body>
  <div class='ocr_page' id='page_1' title='image "./historiarumquaes02livyuoft/historiarumquaes02livyuoft_0408.png"; bbox 0 0 1527 2661; ppageno 0'>
   <div class='ocr_carea' id='block_1_1' title="bbox 276 151 948 206">
    <p class='ocr_par' dir='ltr' id='par_1_1' title="bbox 276 151 948 206">
     <span class='ocr_line' id='line_1_1' title="bbox 276 151 948 206; baseline -0.001 -16"><span class='ocrx_word' id='word_1_1' title='bbox 276 151 360 206; x_wconf 83' lang='lat'><em>398</em></span> <span class='ocrx_word' id='word_1_2' title='bbox 745 161 790 189; x_wconf 88' lang='lat' dir='ltr'><em>T.</em></span> <span class='ocrx_word' id='word_1_3' title='bbox 816 161 948 190; x_wconf 81' lang='lat' dir='ltr'>L1v11</span> 
     </span>
    </p>
   </div>
   <div class='ocr_carea' id='block_1_2' title="bbox 83 237 1394 364">
    <p class='ocr_par' dir='ltr' id='par_1_2' title="bbox 83 237 1394 364">
     <span class='ocr_line' id='line_1_2' title="bbox 84 237 1392 300; baseline 0.001 -12"><span class='ocrx_word' id='word_1_4' title='bbox 84 265 262 298; x_wconf 39' lang='lat'><em>[14:433.</em></span> <span class='ocrx_word' id='word_1_5' title='bbox 277 251 417 293; x_wconf 84' lang='lat' dir='ltr'><em>vocati,</em></span> <span class='ocrx_word' id='word_1_6' title='bbox 437 237 560 300; x_wconf 57' lang='lat' dir='ltr'><em>neilue</em></span> <span class='ocrx_word' id='word_1_7' title='bbox 586 249 750 286; x_wconf 72' lang='lat' dir='ltr'><em>consulti</em></span> <span class='ocrx_word' id='word_1_8' title='bbox 769 250 935 288; x_wconf 86' lang='lat' dir='ltr'><em>fuerant.</em></span> <span class='ocrx_word' id='word_1_9' title='bbox 993 251 1049 288; x_wconf 87' lang='lat' dir='ltr'><em>Ut</em></span> <span class='ocrx_word' id='word_1_10' title='bbox 1068 257 1223 287; x_wconf 83' lang='lat' dir='ltr'><em>ventum</em></span> <span class='ocrx_word' id='word_1_11' title='bbox 1243 252 1290 288; x_wconf 83' lang='lat' dir='ltr'><em>ad</em></span> <span class='ocrx_word' id='word_1_12' title='bbox 1309 252 1392 289; x_wconf 87' lang='lat' dir='ltr'><em>An·-</em></span> 
     </span>
     <span class='ocr_line' id='line_1_3' title="bbox 83 309 1394 364; baseline 0.001 -13"><span class='ocrx_word' id='word_1_13' title='bbox 83 309 121 340; x_wconf 67' lang='grc' dir='ltr'><em>Α·</em></span> <span class='ocrx_word' id='word_1_14' title='bbox 132 310 254 341; x_wconf 65' lang='grc'>(3·914·</span> <span class='ocrx_word' id='word_1_15' title='bbox 275 315 533 352; x_wconf 81' lang='lat' dir='ltr'><em>dranodorum</em></span> <span class='ocrx_word' id='word_1_16' title='bbox 563 320 633 357; x_wconf 84' lang='lat' dir='ltr'><em>est,</em></span> <span class='ocrx_word' id='word_1_17' title='bbox 660 315 783 364; x_wconf 86' lang='lat' dir='ltr'><em>ipsum</em></span> <span class='ocrx_word' id='word_1_18' title='bbox 803 315 955 363; x_wconf 84' lang='lat' dir='ltr'><em>quidem</em></span> <span class='ocrx_word' id='word_1_19' title='bbox 984 315 1164 351; x_wconf 78' lang='lat' dir='ltr'><em>movebat</em></span> <span class='ocrx_word' id='word_1_20' title='bbox 1190 321 1227 351; x_wconf 86' lang='lat' dir='ltr'><em>et</em></span> <span class='ocrx_word' id='word_1_21' title='bbox 1255 317 1394 353; x_wconf 86' lang='lat' dir='ltr'><em>civium</em></span> 
     </span>
    </p>
   </div>
   <div class='ocr_carea' id='block_1_3' title="bbox 73 1748 212 1911">
    <p class='ocr_par' dir='ltr' id='par_1_3' title="bbox 73 1748 212 1911">
     <span class='ocr_line' id='line_1_4' title="bbox 76 1748 186 1778; baseline 0 0"><span class='ocrx_word' id='word_1_22' title='bbox 76 1748 186 1778; x_wconf 81' lang='lat' dir='ltr'>Oratio</span> 
     </span>
     <span class='ocr_line' id='line_1_5' title="bbox 75 1793 201 1830; baseline 0.008 -9"><span class='ocrx_word' id='word_1_23' title='bbox 75 1794 144 1830; x_wconf 82' lang='lat' dir='ltr'><em>ejus</em></span> <span class='ocrx_word' id='word_1_24' title='bbox 161 1793 201 1822; x_wconf 79' lang='lat' dir='ltr'><em>ad</em></span> 
     </span>
     <span class='ocr_line' id='line_1_6' title="bbox 75 1835 212 1874; baseline 0.007 -10"><span class='ocrx_word' id='word_1_25' title='bbox 75 1835 212 1874; x_wconf 88' lang='lat' dir='ltr'>Syracu-</span> 
     </span>
     <span class='ocr_line' id='line_1_7' title="bbox 73 1888 177 1911; baseline 0.019 -3"><span class='ocrx_word' id='word_1_26' title='bbox 73 1888 177 1911; x_wconf 75' lang='lat' dir='ltr'><em>sanos·</em></span> 
     </span>
    </p>
   </div>
   <div class='ocr_carea' id='block_1_4' title="bbox 263 378 1395 2364">
    <p class='ocr_par' dir='ltr' id='par_1_4' title="bbox 263 378 1395 2364">
     <span class='ocr_line' id='line_1_8' title="bbox 274 378 1392 429; baseline 0.001 -14"><span class='ocrx_word' id='word_1_27' title='bbox 274 391 497 420; x_wconf 82' lang='lat' dir='ltr'>consensus,</span> <span class='ocrx_word' id='word_1_28' title='bbox 515 384 552 413; x_wconf 87' lang='lat' dir='ltr'><em>et</em></span> <span class='ocrx_word' id='word_1_29' title='bbox 572 391 686 426; x_wconf 82' lang='lat' dir='ltr'><em>quum</em></span> <span class='ocrx_word' id='word_1_30' title='bbox 708 378 789 414; x_wconf 78' lang='lat' dir='ltr'><em>aliae</em></span> <span class='ocrx_word' id='word_1_31' title='bbox 810 385 1007 427; x_wconf 75' lang='lat' dir='ltr'><em>occupatae</em></span> <span class='ocrx_word' id='word_1_32' title='bbox 1023 379 1126 414; x_wconf 83' lang='lat' dir='ltr'><em>urbis</em></span> <span class='ocrx_word' id='word_1_33' title='bbox 1146 386 1288 429; x_wconf 84' lang='lat' dir='ltr'><em>partes,</em></span> <span class='ocrx_word' id='word_1_34' title='bbox 1308 386 1392 416; x_wconf 83' lang='lat' dir='ltr'><em>tum</em></span> 
     </span>
     <span class='ocr_line' id='line_1_9' title="bbox 274 441 1394 493; baseline 0.001 -14"><span class='ocrx_word' id='word_1_35' title='bbox 274 455 360 493; x_wconf 85' lang='lat' dir='ltr'><em>pars</em></span> <span class='ocrx_word' id='word_1_36' title='bbox 388 441 542 483; x_wconf 68' lang='lat' dir='ltr'><em>Insulae,</em></span> <span class='ocrx_word' id='word_1_37' title='bbox 563 441 666 477; x_wconf 83' lang='lat' dir='ltr'><em>velut</em></span> <span class='ocrx_word' id='word_1_38' title='bbox 692 441 962 485; x_wconf 82' lang='lat' dir='ltr'><em>munitissima,</em></span> <span class='ocrx_word' id='word_1_39' title='bbox 982 442 1136 492; x_wconf 81' lang='lat' dir='ltr'><em>prodita</em></span> <span class='ocrx_word' id='word_1_40' title='bbox 1161 450 1275 492; x_wconf 85' lang='lat' dir='ltr'><em>atque</em></span> <span class='ocrx_word' id='word_1_41' title='bbox 1301 443 1394 480; x_wconf 86' lang='lat' dir='ltr'><em>alie-</em></span> 
     </span>
     <span class='ocr_line' id='line_1_10' title="bbox 274 505 1392 553; baseline 0.001 -10"><span class='ocrx_word' id='word_1_42' title='bbox 274 514 378 543; x_wconf 83' lang='lat' dir='ltr'><em>nata.</em></span> <span class='ocrx_word' id='word_1_43' title='bbox 423 505 496 541; x_wconf 85' lang='lat' dir='ltr'><em>Sed</em></span> <span class='ocrx_word' id='word_1_44' title='bbox 515 510 715 541; x_wconf 86' lang='lat' dir='ltr'><em>evocatum</em></span> <span class='ocrx_word' id='word_1_45' title='bbox 732 518 817 541; x_wconf 85' lang='lat' dir='ltr'><em>eum</em></span> <span class='ocrx_word' id='word_1_46' title='bbox 834 505 880 541; x_wconf 87' lang='lat' dir='ltr'><em>ab</em></span> <span class='ocrx_word' id='word_1_47' title='bbox 898 505 1033 553; x_wconf 82' lang='lat' dir='ltr'><em>legatis</em></span> <span class='ocrx_word' id='word_1_48' title='bbox 1051 506 1260 543; x_wconf 84' lang='lat' dir='ltr'>Damarata</span> <span class='ocrx_word' id='word_1_49' title='bbox 1280 520 1392 551; x_wconf 86' lang='lat' dir='ltr'><em>uxor,</em></span> 
     </span>
     <span class='ocr_line' id='line_1_11' title="bbox 274 570 1394 619; baseline 0.001 -12"><span class='ocrx_word' id='word_1_50' title='bbox 274 571 353 608; x_wconf 83' lang='lat' dir='ltr'><em>filia</em></span> <span class='ocrx_word' id='word_1_51' title='bbox 372 570 570 612; x_wconf 49' lang='lat' dir='ltr'><em>Hieroni&amp;</em></span> <span class='ocrx_word' id='word_1_52' title='bbox 588 570 716 605; x_wconf 77' lang='lat' dir='ltr'><em>inflata</em></span> <span class='ocrx_word' id='word_1_53' title='bbox 734 570 856 606; x_wconf 81' lang='lat' dir='ltr'><em>adhuc</em></span> <span class='ocrx_word' id='word_1_54' title='bbox 873 571 984 619; x_wconf 85' lang='lat' dir='ltr'><em>regiis</em></span> <span class='ocrx_word' id='word_1_55' title='bbox 1001 571 1135 607; x_wconf 84' lang='lat' dir='ltr'><em>animis</em></span> <span class='ocrx_word' id='word_1_56' title='bbox 1154 584 1196 607; x_wconf 83' lang='lat' dir='ltr'><em>ac</em></span> <span class='ocrx_word' id='word_1_57' title='bbox 1217 571 1394 608; x_wconf 86' lang='lat' dir='ltr'>muliebri</span> 
     </span>
     <span class='ocr_line' id='line_1_12' title="bbox 275 635 1392 686; baseline 0.002 -16"><span class='ocrx_word' id='word_1_58' title='bbox 275 636 426 686; x_wconf 81' lang='lat' dir='ltr'><em>spiritu,</em></span> <span class='ocrx_word' id='word_1_59' title='bbox 461 635 641 671; x_wconf 82' lang='lat' dir='ltr'>admonet</span> <span class='ocrx_word' id='word_1_60' title='bbox 678 647 777 685; x_wconf 80' lang='lat' dir='ltr'><em>saepe</em></span> <span class='ocrx_word' id='word_1_61' title='bbox 810 641 1000 685; x_wconf 83' lang='lat' dir='ltr'><em>usurpatae</em></span> <span class='ocrx_word' id='word_1_62' title='bbox 1033 635 1212 685; x_wconf 88' lang='lat' dir='ltr'>Dionysii</span> <span class='ocrx_word' id='word_1_63' title='bbox 1241 637 1392 685; x_wconf 80' lang='lat' dir='ltr'>tyranni</span> 
     </span>
     <span class='ocr_line' id='line_1_13' title="bbox 274 700 1395 750; baseline 0.002 -15"><span class='ocrx_word' id='word_1_64' title='bbox 274 701 378 736; x_wconf 74' lang='lat' dir='ltr'><em>vocis</em></span> <span class='ocrx_word' id='word_1_65' title='bbox 395 716 402 736; x_wconf 90' lang='lat'>:</span> <span class='ocrx_word' id='word_1_66' title='bbox 435 713 523 749; x_wconf 74' lang='lat' dir='ltr'><em>qua,</em></span> <span class='ocrx_word' id='word_1_67' title='bbox 542 700 692 748; x_wconf 79' lang='lat' dir='ltr'><em>pedibus</em></span> <span class='ocrx_word' id='word_1_68' title='bbox 712 705 882 742; x_wconf 82' lang='lat' dir='ltr'><em>tractum,</em></span> <span class='ocrx_word' id='word_1_69' title='bbox 903 713 974 736; x_wconf 88' lang='lat' dir='ltr'><em>non</em></span> <span class='ocrx_word' id='word_1_70' title='bbox 993 702 1201 737; x_wconf 77' lang='lat' dir='ltr'><em>insidentem</em></span> <span class='ocrx_word' id='word_1_71' title='bbox 1216 713 1318 750; x_wconf 82' lang='lat' dir='ltr'><em>equo,</em></span> <span class='ocrx_word' id='word_1_72' title='bbox 1338 713 1395 737; x_wconf 86' lang='lat' dir='ltr'><em>re-</em></span> 
     </span>
     <span class='ocr_line' id='line_1_14' title="bbox 276 765 1395 814; baseline 0.001 -13"><span class='ocrx_word' id='word_1_73' title='bbox 276 766 434 813; x_wconf 77' lang='lat' dir='ltr'><em>linquere</em></span> <span class='ocrx_word' id='word_1_74' title='bbox 460 767 700 814; x_wconf 78' lang='lat' dir='ltr'><em>tyrannidem,</em></span> <span class='ocrx_word' id='word_1_75' title='bbox 723 765 874 807; x_wconf 75' lang='lat' dir='ltr'>dixerit,</span> <span class='ocrx_word' id='word_1_76' title='bbox 896 765 1029 802; x_wconf 79' lang='lat' dir='ltr'><em>debere.</em></span> <span class='ocrx_word' id='word_1_77' title='bbox 1086 766 1207 802; x_wconf 83' lang='lat' dir='ltr'><em>Facile</em></span> <span class='ocrx_word' id='word_1_78' title='bbox 1224 778 1294 802; x_wconf 88' lang='lat' dir='ltr'><em>esse</em></span> <span class='ocrx_word' id='word_1_79' title='bbox 1318 779 1395 802; x_wconf 84' lang='lat' dir='ltr'><em>mo-</em></span> 
     </span>
     <span class='ocr_line' id='line_1_15' title="bbox 274 830 1394 880; baseline 0.002 -15"><span class='ocrx_word' id='word_1_80' title='bbox 274 835 405 873; x_wconf 81' lang='lat' dir='ltr'><em>mento,</em></span> <span class='ocrx_word' id='word_1_81' title='bbox 434 842 503 878; x_wconf 84' lang='lat' dir='ltr'><em>quo</em></span> <span class='ocrx_word' id='word_1_82' title='bbox 529 833 608 878; x_wconf 83' lang='lat' dir='ltr'><em>quis</em></span> <span class='ocrx_word' id='word_1_83' title='bbox 632 832 732 872; x_wconf 80' lang='lat' dir='ltr'><em>velit,</em></span> <span class='ocrx_word' id='word_1_84' title='bbox 761 832 884 866; x_wconf 78' lang='lat' dir='ltr'><em>cedere</em></span> <span class='ocrx_word' id='word_1_85' title='bbox 910 832 1122 878; x_wconf 76' lang='lat' dir='ltr'><em>possessione</em></span> <span class='ocrx_word' id='word_1_86' title='bbox 1149 843 1288 878; x_wconf 80' lang='lat' dir='ltr'><em>magnae</em></span> <span class='ocrx_word' id='word_1_87' title='bbox 1305 830 1394 880; x_wconf 83' lang='lat' dir='ltr'><em>for-</em></span> 
     </span>
     <span class='ocr_line' id='line_1_16' title="bbox 276 894 1395 943; baseline 0.001 -14"><span class='ocrx_word' id='word_1_88' title='bbox 276 899 394 931; x_wconf 78' lang='lat' dir='ltr'><em>tunae:</em></span> <span class='ocrx_word' id='word_1_89' title='bbox 413 894 544 943; x_wconf 82' lang='lat' dir='ltr'><em>facere</em></span> <span class='ocrx_word' id='word_1_90' title='bbox 577 899 612 930; x_wconf 85' lang='lat' dir='ltr'><em>et</em></span> <span class='ocrx_word' id='word_1_91' title='bbox 640 906 777 943; x_wconf 82' lang='lat' dir='ltr'><em>parare</em></span> <span class='ocrx_word' id='word_1_92' title='bbox 808 907 900 937; x_wconf 81' lang='lat' dir='ltr'><em>eam,</em></span> <span class='ocrx_word' id='word_1_93' title='bbox 922 895 1068 943; x_wconf 71' lang='lat' dir='ltr'><em>difficile</em></span> <span class='ocrx_word' id='word_1_94' title='bbox 1099 900 1207 943; x_wconf 79' lang='lat' dir='ltr'><em>atque</em></span> <span class='ocrx_word' id='word_1_95' title='bbox 1240 896 1395 931; x_wconf 78' lang='lat' dir='ltr'><em>arduum</em></span> 
     </span>
     <span class='ocr_line' id='line_1_17' title="bbox 275 960 1394 1007; baseline 0 -12"><span class='ocrx_word' id='word_1_96' title='bbox 275 971 358 995; x_wconf 88' lang='lat' dir='ltr'><em>esse.</em></span> <span class='ocrx_word' id='word_1_97' title='bbox 417 960 594 995; x_wconf 82' lang='lat' dir='ltr'><em>Paullum</em></span> <span class='ocrx_word' id='word_1_98' title='bbox 613 964 766 995; x_wconf 77' lang='lat' dir='ltr'><em>sumeret</em></span> <span class='ocrx_word' id='word_1_99' title='bbox 783 962 893 1007; x_wconf 82' lang='lat' dir='ltr'><em>spatii</em></span> <span class='ocrx_word' id='word_1_100' title='bbox 919 961 968 995; x_wconf 79' lang='lat' dir='ltr'><em>acl</em></span> <span class='ocrx_word' id='word_1_101' title='bbox 987 960 1260 995; x_wconf 81' lang='lat' dir='ltr'><em>consultandum</em></span> <span class='ocrx_word' id='word_1_102' title='bbox 1279 960 1323 996; x_wconf 86' lang='lat' dir='ltr'><em>ab</em></span> <span class='ocrx_word' id='word_1_103' title='bbox 1344 960 1394 995; x_wconf 88' lang='lat' dir='ltr'><em>le-</em></span> 
     </span>
     <span class='ocr_line' id='line_1_18' title="bbox 272 1023 1392 1070; baseline 0.001 -12"><span class='ocrx_word' id='word_1_104' title='bbox 272 1024 369 1070; x_wconf 79' lang='lat' dir='ltr'><em>gatis</em></span> <span class='ocrx_word' id='word_1_105' title='bbox 381 1039 393 1058; x_wconf 89' lang='lat'><em>.·</em></span> <span class='ocrx_word' id='word_1_106' title='bbox 422 1035 462 1058; x_wconf 83' lang='lat' dir='ltr'><em>eo</em></span> <span class='ocrx_word' id='word_1_107' title='bbox 482 1028 642 1058; x_wconf 79' lang='lat' dir='ltr'><em>uteretur</em></span> <span class='ocrx_word' id='word_1_108' title='bbox 660 1024 710 1059; x_wconf 76' lang='lat' dir='ltr'><em>ad</em></span> <span class='ocrx_word' id='word_1_109' title='bbox 729 1025 951 1059; x_wconf 76' lang='lat' dir='ltr'><em>arcessendos</em></span> <span class='ocrx_word' id='word_1_110' title='bbox 970 1035 1010 1058; x_wconf 71' lang='lat' dir='ltr'><em>ex</em></span> <span class='ocrx_word' id='word_1_111' title='bbox 1031 1023 1217 1058; x_wconf 81' lang='lat' dir='ltr'><em>Leontinis</em></span> <span class='ocrx_word' id='word_1_112' title='bbox 1235 1024 1367 1059; x_wconf 81' lang='lat' dir='ltr'><em>milites</em></span> <span class='ocrx_word' id='word_1_113' title='bbox 1380 1039 1392 1059; x_wconf 85' lang='lat'><em>.-</em></span> 
     </span>
     <span class='ocr_line' id='line_1_19' title="bbox 276 1087 1394 1136; baseline 0.001 -14"><span class='ocrx_word' id='word_1_114' title='bbox 276 1087 400 1134; x_wconf 75' lang='lat' dir='ltr'><em>quibus</em></span> <span class='ocrx_word' id='word_1_115' title='bbox 413 1090 442 1123; x_wconf 89' lang='lat' dir='ltr'><em>si</em></span> <span class='ocrx_word' id='word_1_116' title='bbox 458 1090 647 1135; x_wconf 81' lang='lat' dir='ltr'><em>pecuniam</em></span> <span class='ocrx_word' id='word_1_117' title='bbox 665 1091 800 1135; x_wconf 71' lang='lat' dir='ltr'><em>regiam</em></span> <span class='ocrx_word' id='word_1_118' title='bbox 816 1089 1003 1136; x_wconf 80' lang='lat' dir='ltr'><em>pollicitus</em></span> <span class='ocrx_word' id='word_1_119' title='bbox 1017 1093 1116 1131; x_wconf 88' lang='lat' dir='ltr'><em>esset,</em></span> <span class='ocrx_word' id='word_1_120' title='bbox 1135 1089 1256 1123; x_wconf 80' lang='lat' dir='ltr'><em>onmia</em></span> <span class='ocrx_word' id='word_1_121' title='bbox 1274 1089 1312 1123; x_wconf 87' lang='lat' dir='ltr'><em>in</em></span> <span class='ocrx_word' id='word_1_122' title='bbox 1326 1100 1394 1136; x_wconf 83' lang='lat' dir='ltr'><em>po-</em></span> 
     </span>
     <span class='ocr_line' id='line_1_20' title="bbox 277 1151 1392 1201; baseline 0.001 -14"><span class='ocrx_word' id='word_1_123' title='bbox 277 1156 404 1187; x_wconf 85' lang='lat' dir='ltr'><em>testate</em></span> <span class='ocrx_word' id='word_1_124' title='bbox 418 1151 491 1198; x_wconf 85' lang='lat' dir='ltr'><em>ejus</em></span> <span class='ocrx_word' id='word_1_125' title='bbox 500 1151 650 1201; x_wconf 80' lang='lat' dir='ltr'><em>futura.</em></span> <span class='ocrx_word' id='word_1_126' title='bbox 689 1152 785 1188; x_wconf 86' lang='lat' dir='ltr'><em>Haec</em></span> <span class='ocrx_word' id='word_1_127' title='bbox 801 1152 1000 1189; x_wconf 86' lang='lat' dir='ltr'><em>muliebria</em></span> <span class='ocrx_word' id='word_1_128' title='bbox 1016 1152 1175 1188; x_wconf 86' lang='lat' dir='ltr'><em>consilia</em></span> <span class='ocrx_word' id='word_1_129' title='bbox 1191 1152 1392 1188; x_wconf 80' lang='lat' dir='ltr'><em>Andrano-</em></span> 
     </span>
     <span class='ocr_line' id='line_1_21' title="bbox 276 1216 1393 1267; baseline 0.001 -16"><span class='ocrx_word' id='word_1_130' title='bbox 276 1216 390 1252; x_wconf 82' lang='lat' dir='ltr'><em>dorus</em></span> <span class='ocrx_word' id='word_1_131' title='bbox 419 1229 543 1266; x_wconf 84' lang='lat' dir='ltr'><em>neque</em></span> <span class='ocrx_word' id='word_1_132' title='bbox 573 1223 653 1253; x_wconf 81' lang='lat' dir='ltr'><em>tota</em></span> <span class='ocrx_word' id='word_1_133' title='bbox 685 1217 932 1267; x_wconf 70' lang='lat' dir='ltr'><em>adspernatus</em></span> <span class='ocrx_word' id='word_1_134' title='bbox 960 1224 1030 1260; x_wconf 81' lang='lat' dir='ltr'><em>est,</em></span> <span class='ocrx_word' id='word_1_135' title='bbox 1051 1229 1173 1266; x_wconf 86' lang='lat' dir='ltr'><em>neque</em></span> <span class='ocrx_word' id='word_1_136' title='bbox 1201 1216 1393 1266; x_wconf 81' lang='lat' dir='ltr'><em>extemplo</em></span> 
     </span>
     <span class='ocr_line' id='line_1_22' title="bbox 273 1281 1390 1332; baseline 0 -16"><span class='ocrx_word' id='word_1_137' title='bbox 273 1282 442 1330; x_wconf 79' lang='lat' dir='ltr'><em>accepit:</em></span> <span class='ocrx_word' id='word_1_138' title='bbox 479 1282 661 1317; x_wconf 85' lang='lat' dir='ltr'><em>tutiorem</em></span> <span class='ocrx_word' id='word_1_139' title='bbox 695 1282 742 1317; x_wconf 80' lang='lat' dir='ltr'><em>ad</em></span> <span class='ocrx_word' id='word_1_140' title='bbox 775 1295 865 1332; x_wconf 89' lang='lat' dir='ltr'><em>opes</em></span> <span class='ocrx_word' id='word_1_141' title='bbox 897 1281 1140 1318; x_wconf 81' lang='lat' dir='ltr'><em>adfectandas</em></span> <span class='ocrx_word' id='word_1_142' title='bbox 1173 1289 1276 1317; x_wconf 81' lang='lat' dir='ltr'><em>ratus</em></span> <span class='ocrx_word' id='word_1_143' title='bbox 1310 1293 1390 1316; x_wconf 82' lang='lat' dir='ltr'><em>esse</em></span> 
     </span>
     <span class='ocr_line' id='line_1_23' title="bbox 272 1344 1390 1396; baseline 0.001 -16"><span class='ocrx_word' id='word_1_144' title='bbox 272 1344 386 1387; x_wconf 84' lang='lat' dir='ltr'><em>viam,</em></span> <span class='ocrx_word' id='word_1_145' title='bbox 408 1346 439 1381; x_wconf 87' lang='lat' dir='ltr'><em>si</em></span> <span class='ocrx_word' id='word_1_146' title='bbox 458 1345 497 1381; x_wconf 87' lang='lat' dir='ltr'><em>in</em></span> <span class='ocrx_word' id='word_1_147' title='bbox 525 1346 727 1395; x_wconf 65' lang='lat' dir='ltr'><em>praesentia</em></span> <span class='ocrx_word' id='word_1_148' title='bbox 749 1347 913 1396; x_wconf 85' lang='lat' dir='ltr'><em>tempori</em></span> <span class='ocrx_word' id='word_1_149' title='bbox 939 1347 1125 1383; x_wconf 80' lang='lat' dir='ltr'><em>cessisset.</em></span> <span class='ocrx_word' id='word_1_150' title='bbox 1182 1345 1317 1395; x_wconf 82' lang='lat' dir='ltr'><em>Itaque</em></span> <span class='ocrx_word' id='word_1_151' title='bbox 1336 1345 1390 1382; x_wconf 88' lang='lat' dir='ltr'><em>le-</em></span> 
     </span>
     <span class='ocr_line' id='line_1_24' title="bbox 272 1411 1391 1461; baseline 0.001 -16"><span class='ocrx_word' id='word_1_152' title='bbox 272 1417 382 1459; x_wconf 82' lang='lat' dir='ltr'><em>gatos</em></span> <span class='ocrx_word' id='word_1_153' title='bbox 416 1411 639 1447; x_wconf 83' lang='lat' dir='ltr'><em>renunciare</em></span> <span class='ocrx_word' id='word_1_154' title='bbox 662 1411 794 1461; x_wconf 84' lang='lat' dir='ltr'><em>jussit,</em></span> <span class='ocrx_word' id='word_1_155' title='bbox 821 1411 992 1447; x_wconf 86' lang='lat' dir='ltr'><em>futurum</em></span> <span class='ocrx_word' id='word_1_156' title='bbox 1022 1423 1061 1461; x_wconf 79' lang='lat' dir='ltr'><em>se</em></span> <span class='ocrx_word' id='word_1_157' title='bbox 1092 1412 1130 1447; x_wconf 90' lang='lat' dir='ltr'><em>in</em></span> <span class='ocrx_word' id='word_1_158' title='bbox 1161 1417 1313 1446; x_wconf 85' lang='lat' dir='ltr'><em>senatus</em></span> <span class='ocrx_word' id='word_1_159' title='bbox 1347 1423 1391 1446; x_wconf 89' lang='lat' dir='ltr'><em>ac</em></span> 
     </span>
     <span class='ocr_line' id='line_1_25' title="bbox 271 1474 1390 1525; baseline 0 -15"><span class='ocrx_word' id='word_1_160' title='bbox 271 1474 405 1525; x_wconf 74' lang='lat' dir='ltr'><em>popuii</em></span> <span class='ocrx_word' id='word_1_161' title='bbox 430 1481 633 1524; x_wconf 83' lang='lat' dir='ltr'><em>potestate.</em></span> <span class='ocrx_word' id='word_1_162' title='bbox 690 1475 852 1511; x_wconf 84' lang='lat' dir='ltr'><em>Postero</em></span> <span class='ocrx_word' id='word_1_163' title='bbox 872 1475 930 1510; x_wconf 88' lang='lat' dir='ltr'><em>die</em></span> <span class='ocrx_word' id='word_1_164' title='bbox 955 1475 1039 1511; x_wconf 88' lang='lat' dir='ltr'><em>luce</em></span> <span class='ocrx_word' id='word_1_165' title='bbox 1065 1476 1200 1525; x_wconf 85' lang='lat' dir='ltr'><em>prima,</em></span> <span class='ocrx_word' id='word_1_166' title='bbox 1222 1475 1390 1524; x_wconf 78' lang='lat' dir='ltr'><em>patefac-</em></span> 
     </span>
     <span class='ocr_line' id='line_1_26' title="bbox 271 1539 1388 1588; baseline 0 -13"><span class='ocrx_word' id='word_1_167' title='bbox 271 1541 319 1575; x_wconf 85' lang='lat' dir='ltr'><em>tis</em></span> <span class='ocrx_word' id='word_1_168' title='bbox 341 1539 480 1576; x_wconf 57' lang='lat' dir='ltr'><em>Inszzloe.</em></span> <span class='ocrx_word' id='word_1_169' title='bbox 511 1540 646 1588; x_wconf 82' lang='lat' dir='ltr'><em>portis,</em></span> <span class='ocrx_word' id='word_1_170' title='bbox 670 1540 708 1575; x_wconf 82' lang='lat' dir='ltr'><em>in</em></span> <span class='ocrx_word' id='word_1_171' title='bbox 727 1540 853 1576; x_wconf 91' lang='lat' dir='ltr'><em>forum</em></span> <span class='ocrx_word' id='word_1_172' title='bbox 873 1540 1101 1576; x_wconf 83' lang='lat' dir='ltr'><em>Achradinae</em></span> <span class='ocrx_word' id='word_1_173' title='bbox 1116 1541 1243 1576; x_wconf 84' lang='lat' dir='ltr'><em>venit:</em></span> <span class='ocrx_word' id='word_1_174' title='bbox 1277 1539 1329 1575; x_wconf 88' lang='lat' dir='ltr'><em>ibi</em></span> <span class='ocrx_word' id='word_1_175' title='bbox 1350 1540 1388 1575; x_wconf 89' lang='lat' dir='ltr'><em>in</em></span> 
     </span>
     <span class='ocr_line' id='line_1_27' title="bbox 271 1604 1388 1655; baseline -0.001 -14"><span class='ocrx_word' id='word_1_176' title='bbox 271 1618 377 1642; x_wconf 73' lang='lat' dir='ltr'><em>aram</em></span> <span class='ocrx_word' id='word_1_177' title='bbox 398 1604 639 1647; x_wconf 84' lang='lat' dir='ltr'><em>Concordiae,</em></span> <span class='ocrx_word' id='word_1_178' title='bbox 662 1618 708 1640; x_wconf 87' lang='lat' dir='ltr'><em>ex</em></span> <span class='ocrx_word' id='word_1_179' title='bbox 727 1618 801 1653; x_wconf 79' lang='lat' dir='ltr'><em>qua</em></span> <span class='ocrx_word' id='word_1_180' title='bbox 820 1605 940 1655; x_wconf 79' lang='lat' dir='ltr'><em>pridie</em></span> <span class='ocrx_word' id='word_1_181' title='bbox 959 1604 1162 1654; x_wconf 73' lang='lat' dir='ltr'><em>Polyaenus</em></span> <span class='ocrx_word' id='word_1_182' title='bbox 1183 1604 1388 1640; x_wconf 82' lang='lat' dir='ltr'><em>conciona-</em></span> 
     </span>
     <span class='ocr_line' id='line_1_28' title="bbox 269 1669 1388 1717; baseline -0.001 -12"><span class='ocrx_word' id='word_1_183' title='bbox 269 1677 330 1705; x_wconf 85' lang='lat' dir='ltr'><em>tus</em></span> <span class='ocrx_word' id='word_1_184' title='bbox 351 1676 446 1711; x_wconf 86' lang='lat' dir='ltr'><em>erat,</em></span> <span class='ocrx_word' id='word_1_185' title='bbox 468 1669 659 1704; x_wconf 83' lang='lat' dir='ltr'><em>escendit:</em></span> <span class='ocrx_word' id='word_1_186' title='bbox 693 1669 982 1717; x_wconf 87' lang='lat' dir='ltr'><em>orationemque</em></span> <span class='ocrx_word' id='word_1_187' title='bbox 1000 1681 1081 1705; x_wconf 82' lang='lat' dir='ltr'><em>eam</em></span> <span class='ocrx_word' id='word_1_188' title='bbox 1101 1680 1207 1705; x_wconf 81' lang='lat' dir='ltr'><em>orsus</em></span> <span class='ocrx_word' id='word_1_189' title='bbox 1225 1675 1296 1711; x_wconf 83' lang='lat' dir='ltr'><em>est,</em></span> <span class='ocrx_word' id='word_1_190' title='bbox 1313 1681 1388 1717; x_wconf 87' lang='lat' dir='ltr'><em>qua</em></span> 
     </span>
     <span class='ocr_line' id='line_1_29' title="bbox 270 1733 1389 1784; baseline 0.001 -15"><span class='ocrx_word' id='word_1_191' title='bbox 270 1735 433 1784; x_wconf 88' lang='lat' dir='ltr'><em>primum</em></span> <span class='ocrx_word' id='word_1_192' title='bbox 464 1733 719 1770; x_wconf 81' lang='lat' dir='ltr'><em>cunctationis</em></span> <span class='ocrx_word' id='word_1_193' title='bbox 747 1746 823 1769; x_wconf 83' lang='lat' dir='ltr'><em>suae</em></span> <span class='ocrx_word' id='word_1_194' title='bbox 843 1734 993 1770; x_wconf 78' lang='lat' dir='ltr'><em>veniam</em></span> <span class='ocrx_word' id='word_1_195' title='bbox 1019 1734 1166 1783; x_wconf 87' lang='lat' dir='ltr'><em>petivit.</em></span> <span class='ocrx_word' id='word_1_196' title='bbox 1224 1733 1270 1769; x_wconf 89' lang='lat' dir='ltr'><em>Se</em></span> <span class='ocrx_word' id='word_1_197' title='bbox 1295 1735 1389 1770; x_wconf 81' lang='lat' dir='ltr'><em>enim</em></span> 
     </span>
     <span class='ocr_line' id='line_1_30' title="bbox 271 1799 1388 1847; baseline 0 -12"><span class='ocrx_word' id='word_1_198' title='bbox 271 1800 410 1835; x_wconf 85' lang='lat' dir='ltr'><em>clausas</em></span> <span class='ocrx_word' id='word_1_199' title='bbox 426 1799 586 1835; x_wconf 81' lang='lat' dir='ltr'><em>habuisse</em></span> <span class='ocrx_word' id='word_1_200' title='bbox 598 1804 738 1846; x_wconf 79' lang='lat' dir='ltr'><em>portas,</em></span> <span class='ocrx_word' id='word_1_201' title='bbox 756 1811 827 1835; x_wconf 83' lang='lat' dir='ltr'><em>non</em></span> <span class='ocrx_word' id='word_1_202' title='bbox 845 1804 1074 1847; x_wconf 77' lang='lat' dir='ltr'><em>separantem</em></span> <span class='ocrx_word' id='word_1_203' title='bbox 1092 1810 1174 1834; x_wconf 85' lang='lat' dir='ltr'><em>suas</em></span> <span class='ocrx_word' id='word_1_204' title='bbox 1191 1811 1246 1834; x_wconf 79' lang='lat' dir='ltr'><em>res</em></span> <span class='ocrx_word' id='word_1_205' title='bbox 1261 1812 1283 1833; x_wconf 91' lang='lat' dir='ltr'><em>a</em></span> <span class='ocrx_word' id='word_1_206' title='bbox 1298 1799 1388 1847; x_wconf 83' lang='lat' dir='ltr'><em>pub-</em></span> 
     </span>
     <span class='ocr_line' id='line_1_31' title="bbox 271 1863 1388 1911; baseline 0 -12"><span class='ocrx_word' id='word_1_207' title='bbox 271 1865 361 1905; x_wconf 80' lang='lat' dir='ltr'><em>licis,</em></span> <span class='ocrx_word' id='word_1_208' title='bbox 382 1865 444 1899; x_wconf 85' lang='lat' dir='ltr'><em>sed</em></span> <span class='ocrx_word' id='word_1_209' title='bbox 462 1865 594 1899; x_wconf 79' lang='lat' dir='ltr'><em>strictis</em></span> <span class='ocrx_word' id='word_1_210' title='bbox 611 1864 719 1899; x_wconf 85' lang='lat' dir='ltr'><em>semel</em></span> <span class='ocrx_word' id='word_1_211' title='bbox 734 1864 869 1911; x_wconf 78' lang='lat' dir='ltr'><em>gladiis</em></span> <span class='ocrx_word' id='word_1_212' title='bbox 890 1865 1083 1905; x_wconf 80' lang='lat' dir='ltr'><em>timentem,</em></span> <span class='ocrx_word' id='word_1_213' title='bbox 1105 1863 1262 1911; x_wconf 49' lang='lat' dir='ltr'><em>‹J&#39;zcifinis</em></span> <span class='ocrx_word' id='word_1_214' title='bbox 1281 1864 1388 1899; x_wconf 73' lang='lat' dir='ltr'><em>coedi-</em></span> 
     </span>
     <span class='ocr_line' id='line_1_32' title="bbox 268 1926 1387 1976; baseline -0.002 -12"><span class='ocrx_word' id='word_1_215' title='bbox 268 1929 329 1964; x_wconf 83' lang='lat' dir='ltr'><em>bus</em></span> <span class='ocrx_word' id='word_1_216' title='bbox 360 1933 446 1963; x_wconf 81' lang='lat' dir='ltr'><em>esset</em></span> <span class='ocrx_word' id='word_1_217' title='bbox 468 1927 649 1976; x_wconf 82' lang='lat' dir='ltr'><em>futurus:</em></span> <span class='ocrx_word' id='word_1_218' title='bbox 677 1934 814 1971; x_wconf 80' lang='lat' dir='ltr'><em>utrum,</em></span> <span class='ocrx_word' id='word_1_219' title='bbox 846 1929 941 1976; x_wconf 81' lang='lat' dir='ltr'><em>quocl</em></span> <span class='ocrx_word' id='word_1_220' title='bbox 971 1930 1059 1963; x_wconf 84' lang='lat' dir='ltr'><em>satis</em></span> <span class='ocrx_word' id='word_1_221' title='bbox 1089 1927 1247 1963; x_wconf 76' lang='lat' dir='ltr'><em>libertati</em></span> <span class='ocrx_word' id='word_1_222' title='bbox 1268 1926 1387 1976; x_wconf 86' lang='lat' dir='ltr'><em>foret,</em></span> 
     </span>
     <span class='ocr_line' id='line_1_33' title="bbox 268 1993 1388 2040; baseline -0.001 -12"><span class='ocrx_word' id='word_1_223' title='bbox 268 1993 424 2028; x_wconf 82' lang='lat' dir='ltr'><em>contenti</em></span> <span class='ocrx_word' id='word_1_224' title='bbox 452 2004 534 2027; x_wconf 85' lang='lat' dir='ltr'><em>nece</em></span> <span class='ocrx_word' id='word_1_225' title='bbox 563 1993 709 2039; x_wconf 70' lang='lat' dir='ltr'><em>tyranni</em></span> <span class='ocrx_word' id='word_1_226' title='bbox 738 1997 862 2034; x_wconf 81' lang='lat' dir='ltr'><em>essent,</em></span> <span class='ocrx_word' id='word_1_227' title='bbox 890 2005 949 2035; x_wconf 81' lang='lat' dir='ltr'><em>an,</em></span> <span class='ocrx_word' id='word_1_228' title='bbox 972 1993 1183 2040; x_wconf 74' lang='lat' dir='ltr'><em>quicumque</em></span> <span class='ocrx_word' id='word_1_229' title='bbox 1211 1996 1274 2027; x_wconf 79' lang='lat' dir='ltr'><em>aut</em></span> <span class='ocrx_word' id='word_1_230' title='bbox 1298 2003 1388 2039; x_wconf 83' lang='lat' dir='ltr'><em>pro-</em></span> 
     </span>
     <span class='ocr_line' id='line_1_34' title="bbox 263 2056 1388 2105; baseline 0 -14"><span class='ocrx_word' id='word_1_231' title='bbox 263 2057 484 2104; x_wconf 76' lang='lat' dir='ltr'><em>pinquitate,</em></span> <span class='ocrx_word' id='word_1_232' title='bbox 506 2061 571 2091; x_wconf 66' lang='lat' dir='ltr'><em>(cut</em></span> <span class='ocrx_word' id='word_1_233' title='bbox 591 2056 792 2105; x_wconf 80' lang='lat' dir='ltr'><em>adfinitate,</em></span> <span class='ocrx_word' id='word_1_234' title='bbox 814 2062 879 2092; x_wconf 79' lang='lat' dir='ltr'><em>aut</em></span> <span class='ocrx_word' id='word_1_235' title='bbox 907 2056 1084 2104; x_wconf 76' lang='lat' dir='ltr'><em>aliquibus</em></span> <span class='ocrx_word' id='word_1_236' title='bbox 1101 2056 1307 2091; x_wconf 79' lang='lat' dir='ltr'><em>ministeriis</em></span> <span class='ocrx_word' id='word_1_237' title='bbox 1330 2067 1388 2091; x_wconf 83' lang='lat' dir='ltr'><em>re-</em></span> 
     </span>
     <span class='ocr_line' id='line_1_35' title="bbox 263 2120 1386 2170; baseline 0 -14"><span class='ocrx_word' id='word_1_238' title='bbox 263 2122 361 2168; x_wconf 84' lang='lat' dir='ltr'><em>giam</em></span> <span class='ocrx_word' id='word_1_239' title='bbox 381 2122 621 2168; x_wconf 82' lang='lat' dir='ltr'><em>contigissent,</em></span> <span class='ocrx_word' id='word_1_240' title='bbox 638 2122 766 2157; x_wconf 81' lang='lat' dir='ltr'><em>alienoe</em></span> <span class='ocrx_word' id='word_1_241' title='bbox 781 2122 894 2170; x_wconf 73' lang='lat' dir='ltr'><em>culpa&#39;</em></span> <span class='ocrx_word' id='word_1_242' title='bbox 907 2123 957 2157; x_wconf 81' lang='lat' dir='ltr'><em>rei</em></span> <span class='ocrx_word' id='word_1_243' title='bbox 974 2122 1253 2157; x_wconf 78' lang='lat' dir='ltr'><em>trucidarentur.</em></span> <span class='ocrx_word' id='word_1_244' title='bbox 1279 2120 1386 2156; x_wconf 88' lang='lat' dir='ltr'><em>Post-</em></span> 
     </span>
     <span class='ocr_line' id='line_1_36' title="bbox 265 2186 1384 2234; baseline -0.001 -14"><span class='ocrx_word' id='word_1_245' title='bbox 265 2197 375 2233; x_wconf 81' lang='lat' dir='ltr'><em>quam</em></span> <span class='ocrx_word' id='word_1_246' title='bbox 405 2187 674 2228; x_wconf 70' lang='lat' dir='ltr'><em>[minmclvertit‚</em></span> <span class='ocrx_word' id='word_1_247' title='bbox 706 2198 775 2228; x_wconf 79' lang='lat' dir='ltr'><em>eos,</em></span> <span class='ocrx_word' id='word_1_248' title='bbox 798 2188 857 2234; x_wconf 80' lang='lat' dir='ltr'><em>qui</em></span> <span class='ocrx_word' id='word_1_249' title='bbox 888 2187 1091 2222; x_wconf 78' lang='lat' dir='ltr'><em>liberassent</em></span> <span class='ocrx_word' id='word_1_250' title='bbox 1116 2186 1291 2234; x_wconf 74' lang='lat' dir='ltr'><em>patriam,</em></span> <span class='ocrx_word' id='word_1_251' title='bbox 1311 2197 1384 2220; x_wconf 82' lang='lat' dir='ltr'><em>ser-</em></span> 
     </span>
     <span class='ocr_line' id='line_1_37' title="bbox 265 2249 1383 2299; baseline 0 -15"><span class='ocrx_word' id='word_1_252' title='bbox 265 2261 350 2284; x_wconf 77' lang='lat' dir='ltr'><em>vare</em></span> <span class='ocrx_word' id='word_1_253' title='bbox 377 2251 487 2285; x_wconf 77' lang='lat' dir='ltr'><em>etiam</em></span> <span class='ocrx_word' id='word_1_254' title='bbox 518 2250 705 2285; x_wconf 82' lang='lat' dir='ltr'><em>liberatam</em></span> <span class='ocrx_word' id='word_1_255' title='bbox 736 2252 839 2293; x_wconf 75' lang='lat' dir='ltr'><em>cette,</em></span> <span class='ocrx_word' id='word_1_256' title='bbox 860 2256 968 2299; x_wconf 79' lang='lat' dir='ltr'><em>atque</em></span> <span class='ocrx_word' id='word_1_257' title='bbox 997 2251 1153 2297; x_wconf 79' lang='lat' dir='ltr'><em>undique</em></span> <span class='ocrx_word' id='word_1_258' title='bbox 1182 2249 1317 2285; x_wconf 83' lang='lat' dir='ltr'><em>consuli</em></span> <span class='ocrx_word' id='word_1_259' title='bbox 1348 2250 1383 2284; x_wconf 86' lang='lat' dir='ltr'><em>in</em></span> 
     </span>
     <span class='ocr_line' id='line_1_38' title="bbox 267 2314 1383 2364; baseline 0.001 -16"><span class='ocrx_word' id='word_1_260' title='bbox 267 2315 419 2350; x_wconf 81' lang='lat' dir='ltr'><em>medium</em></span> <span class='ocrx_word' id='word_1_261' title='bbox 431 2331 444 2358; x_wconf 89' lang='lat'><em>,·</em></span> <span class='ocrx_word' id='word_1_262' title='bbox 473 2326 544 2350; x_wconf 85' lang='lat' dir='ltr'><em>non</em></span> <span class='ocrx_word' id='word_1_263' title='bbox 563 2314 751 2359; x_wconf 80' lang='lat' dir='ltr'><em>dubitasse,</em></span> <span class='ocrx_word' id='word_1_264' title='bbox 773 2317 858 2364; x_wconf 82' lang='lat' dir='ltr'><em>quin</em></span> <span class='ocrx_word' id='word_1_265' title='bbox 878 2320 913 2352; x_wconf 86' lang='lat' dir='ltr'><em>et</em></span> <span class='ocrx_word' id='word_1_266' title='bbox 932 2328 1057 2364; x_wconf 83' lang='lat' dir='ltr'><em>corpus</em></span> <span class='ocrx_word' id='word_1_267' title='bbox 1074 2326 1191 2357; x_wconf 81' lang='lat' dir='ltr'><em>suum,</em></span> <span class='ocrx_word' id='word_1_268' title='bbox 1213 2318 1246 2349; x_wconf 85' lang='lat' dir='ltr'><em>et</em></span> <span class='ocrx_word' id='word_1_269' title='bbox 1267 2318 1383 2349; x_wconf 83' lang='lat' dir='ltr'><em>cetera</em></span> 
     </span>
    </p>
   </div>
   <div class='ocr_carea' id='block_1_5' title="bbox 1463 0 1527 1908">
    <p class='ocr_par' dir='ltr' id='par_1_5' title="bbox 1463 0 1527 1908">
     <span class='ocr_line' id='line_1_39' title="bbox 1463 0 1527 1908; baseline 0 0"><span class='ocrx_word' id='word_1_270' title='bbox 1463 0 1527 1908; x_wconf 95' lang='lat' dir='ltr'><em> </em></span> 
     </span>
    </p>
   </div>
  </div>
 </body>
</html>
