1527 2661
390 210 547 241 LIBER
571 208 729 238 xxlu.
760 208 869 237 CAP.
893 208 940 236 Χ.
1138 202 1221 250 315

110 310 195 347 gnoe
229 298 327 348 parti
359 305 398 334 et
426 298 482 334 vir
510 296 686 345 indignus
717 307 762 332 ea
791 293 1020 336 calamitate,
1056 298 1093 329 et
1122 293 1223 330 haud
1236 296 1279 328 U.
1291 295 1328 326 C.
1347 302 1418 326 536.

110 374 227 412 parvo
247 363 357 398 initio
381 361 502 398 minui
520 360 718 396 videbatur
736 357 801 408 jus
825 358 1023 394 libertatis.
1080 357 1221 406 Egres-
1238 339 1328 370 A’C'
1345 344 1419 370 ²¹⁶'

111 437 173 462 sus
193 426 310 469 curia,
331 426 369 461 in
390 424 532 475 templo
559 424 801 473 magistratus
823 421 996 458 consedit
1007 437 1018 467 5
1052 433 1225 470 compre-

109 489 299 539 hendique
317 489 480 525 Decium
497 488 686 537 Maqum‚
702 493 814 535 atque
828 492 917 522 ante
936 485 1049 536 pedes
1065 485 1225 521 destitu-

109 559 192 590 tum
210 566 381 590 caussam
400 553 524 589 dicere
542 551 670 602 jussit.
727 549 804 589 Qui
823 562 953 598 quum,
973 554 1151 585 manente
1169 548 1226 586 fe-

109 617 215 653 rocia
233 617 364 659 animi,
385 622 542 664 negaret
560 615 644 663 lege
661 613 814 650 foederis
835 612 873 648 id
892 613 979 661 cogi
999 624 1124 662 posse,
1145 618 1227 648 tum

111 679 262 730 injectae
283 686 441 722 catenae,
462 679 623 727 ducique
649 684 738 714 ante
763 676 938 713 lictorem
958 677 997 712 in
1018 682 1142 712 castra
1169 682 1227 712 est

103 742 246 794 jussus.
303 743 442 783 Quoad
468 743 592 792 capite
612 748 744 791 aperto
770 746 828 776 est
847 740 997 784 ductus,
1019 740 1225 776 conciona-
1240 736 1369 784 Magius
1385 737 1442 784 ,δῦ-

110 807 258 844 bundus
278 808 447 851 incessit,
468 807 515 843 ad
535 805 801 842 circumfusam
829 804 993 853 undique
1013 803 1224 843 multitudi-
1238 780 1443 852 ἓὲςῖιῐὲλὶιᾞῃ

107 883 197 910 nem
222 870 457 907 vociferans:
490 870 642 906 Habetis
667 869 881 910 libertatem,
904 867 1095 916 Campani,
1117 880 1226 916 quam
1238 864 1364 896 nibalis.

106 939 270 988 petistis:
288 937 379 986 foro
398 937 528 980 medio,
551 936 629 972 luce
647 936 763 978 clara,
783 934 983 970 videntibus
1006 933 1114 977 vobis,
1135 935 1229 970 nulli

113 1003 375 1051 Campanorum
386 1002 572 1044 secundus,
585 1001 723 1036 vinctus
736 1000 786 1035 ad
801 1004 950 1035 mortem
965 1000 1101 1047 rapior.
1131 999 1230 1039 Quid

108 1068 298 1104 violentius
324 1066 448 1114 Capua
476 1069 583 1113 capta
599 1065 745 1113 fieret?
774 1064 830 1099 Ite
854 1063 992 1099 obviam
1010 1063 1226 1105 Hannibali,

111 1135 280 1168 exornate
303 1131 439 1173 urbem,
464 1130 625 1177 diemque
649 1130 822 1165 adventus
847 1126 922 1174 ejus
946 1132 1160 1170 consecrate,
1187 1131 1228 1174 ut

112 1195 203 1231 hunc
229 1194 445 1242 triumphum
473 1194 517 1229 de
542 1195 615 1229 cive
635 1197 748 1228 vestro
771 1193 944 1239 spectetis.
1000 1190 1097 1227 Haec
1122 1191 1226 1227 voci-

112 1258 265 1301 feranti,
292 1270 408 1307 quum
437 1257 577 1294 moveri
608 1256 740 1305 vulgus
767 1255 970 1298 videretur,
1002 1254 1226 1291 obvolutum

113 1329 228 1373 caput
245 1327 314 1365 est,
336 1322 516 1370 ociusque
532 1321 613 1370 rapi
634 1326 743 1356 extra
759 1326 911 1369 portam
924 1318 1056 1370 jussus
1074 1334 1080 1354 :
1114 1319 1168 1355 ita
1188 1319 1225 1354 in

113 1392 236 1424 castra
253 1384 491 1435 perducitur:
525 1383 790 1433 extemploque
813 1383 1002 1432 inpositus
1024 1383 1063 1418 in
1082 1382 1224 1424 navim,

113 1457 151 1488 et
170 1450 447 1498 Karthaginem
470 1450 628 1493 missus5
662 1461 722 1490 ne,
741 1454 846 1483 xnotu
867 1448 995 1496 aliquo
1018 1447 1159 1496 Capuae
1179 1459 1226 1483 ex

111 1515 338 1563 indignitate
365 1514 418 1549 rei
439 1519 539 1555 orto,
568 1519 740 1548 senatum
761 1524 911 1561 quoque
938 1512 1143 1561 poeniteret
1162 1511 1225 1547 de-

114 1579 183 1615 diti
215 1577 418 1628 principis:
452 1585 504 1619 et,
534 1575 727 1624 legatione
758 1577 870 1612 missa
902 1575 949 1610 ad
979 1574 1226 1625 repetendum

113 1655 212 1684 eum,
232 1654 280 1678 ne
298 1647 365 1678 aut
390 1640 565 1689 negando
594 1653 686 1681 rem,
708 1652 820 1688 quam
847 1640 1010 1689 primum
1037 1644 1224 1688 peterent,

115 1704 342 1741 obfendendi
362 1704 434 1740 sibi
453 1704 540 1740 novi
559 1704 649 1740 socii
666 1720 675 1747 ς
709 1710 775 1739 aut
794 1703 1011 1745 tribuendo,
1028 1701 1225 1738 habendus

116 1769 255 1818 Capuae
275 1774 373 1804 esset
389 1767 584 1803 seditionis
600 1762 644 1802 ac
659 1767 857 1803 turbarum
876 1773 1020 1803 auctor.
1078 1767 1114 1802 N
1120 1778 1225 1802 avem
1239 1778 1378 1809 Cvrenas

118 1833 284 1882 Cyrenas
301 1831 436 1867 detulit
451 1837 669 1881 tempestas,
686 1844 767 1879 quse
784 1838 865 1867 tuni
881 1832 918 1866 in
935 1830 1080 1867 ditione
1095 1842 1228 1879 regum
1240 1814 1392 1870 adpulsus

116 1903 247 1934 etant:
274 1895 333 1933 ,ibi
351 1909 467 1945 quum
484 1895 638 1944 Magius
659 1896 706 1932 ad
725 1902 889 1932 statuam
909 1892 1105 1932 Ptoleniaei
1126 1896 1225 1945 regis
1239 1866 1386 1938 {gnsttggxt

117 1960 364 2009 confugisset,
381 1960 599 2010 deportatus
621 1972 643 1996 a
659 1959 877 1995 custodibus
889 1958 1161 1996 Alexandriani
1180 1960 1225 1996 ad
1240 1957 1329 1999 ‘¹3²¹OE
1346 1961 1379 1982 re

114 2023 376 2066 Ptolemaeum,
390 2036 505 2072 quum
525 2035 609 2059 eum
630 2022 830 2066 docuisset,
848 2028 983 2059 contra
993 2021 1058 2072 jus
1075 2023 1226 2061 foederis
1241 2005 1298 2033 ψ’

113 2089 281 2125 vinctum
308 2099 348 2124 se
376 2087 424 2124 ab
454 2087 673 2126 Hannibale
702 2099 796 2130 esse,
826 2086 984 2123 vinculis
1018 2087 1224 2134 liberatum

113 2155 426 2206 permissumque,
448 2160 490 2190 ut
508 2153 661 2196 rediret,
682 2166 748 2190 seu
766 2153 947 2195 Romam,
969 2166 1035 2188 seu
1055 2154 1228 2204 Capuam

112 2217 253 2255 mallet.
307 2219 385 2255 Nec
411 2217 565 2267 Magius
588 2218 752 2266 Capuam
773 2218 849 2265 sibi!
869 2222 987 2254 tutam
1016 2218 1163 2263 dicere5
1196 2224 1230 2255 et

113 2282 268 2319 Romam
283 2295 327 2319 eo
353 2288 524 2331 tempore,
545 2295 614 2331 quo
640 2284 733 2319 inter
752 2282 936 2319 Romanos
961 2282 1231 2331 Campanosque

103 2346 244 2384 ⁴helhum
261 2349 320 2392 sit,
342 2346 539 2396 transfuga
557 2348 687 2395 magis,
703 2359 813 2396 quam
832 2347 994 2396 hospitis,
1005 2345 1096 2394 fore
1116 2348 1226 2383 domi-

636 2411 668 2447 P
687 2412 710 2446 2
