1527 2661
367 205 520 234 LIBER
545 203 690 232 XXVI.
723 203 831 231 CAP.
854 201 912 231 11.
1118 199 1197 245 501

77 294 119 331 P.
141 293 340 331 Cornelius
367 293 574 334 habuisset,
602 291 786 328 decretae:
824 296 862 326 et
887 289 1189 341 supplementum

25 370 26 377 ¹
78 357 124 396 de
154 359 321 395 exercitu
353 358 422 393 Cu.
443 355 580 399 Fulvii,
610 357 674 404 qui
702 356 827 405 prlore
856 367 958 390 anno
987 355 1024 390 in
1052 355 1192 405 Apulia

76 424 178 461 foede
206 435 323 460 caesus
349 421 576 471 fugatusque
603 427 694 457 erat.
752 419 855 456 Huic
881 420 1010 468 generi
1030 419 1193 456 militum

23 500 24 510 ¹
76 493 228 524 senatus
256 487 442 530 eumdem,
464 499 574 536 quem
603 485 882 528 Cannensibus,
907 484 1020 521 finem
1050 492 1192 521 statue·

21 592 22 599 ἵ
76 556 135 588 rat
156 551 324 588 militiae:
357 552 527 589 additum
553 552 668 588 etiam
696 557 943 600 utrorumque
972 551 1193 599 ignominiae

74 622 146 659 est,
166 628 214 652 ne
237 617 277 653 in
299 617 448 668 oppidis
469 616 727 659 hibernarent,
747 627 841 651 neve
859 614 1019 651 hiberna
1037 616 1192 666 propius

75 679 192 718 ullam
221 680 354 718 urbem
386 682 516 718 decem
546 679 712 717 millibus
743 691 921 730 passuum
951 679 1192 717 aedificarent.

17 763 19 796 3
75 745 121 783 L.
141 745 322 783 Cornelio
349 746 388 782 in
416 745 590 782 Sardinia
616 745 699 780 duae
727 743 895 793 legiones
923 744 1034 787 datae,
1056 744 1192 794 quibus

18 802 19 811 ἵ
75 810 124 850 Q.
139 809 291 848 Mucius
311 811 537 861 praefuerat:
571 809 889 860 supplementum,
911 809 941 845 si
961 822 1055 858 opus
1077 816 1190 854 esset,

75 874 248 912 consules
279 875 443 912 scribere
465 874 577 925 jussi.
633 871 680 911 T.
701 873 868 909 Otacilio
898 879 934 909 et
963 873 1020 910 M.
1037 873 1191 911 Valerio

75 938 211 976 Siciliae
233 938 464 989 Graeciaeque
483 952 550 975 ora
569 951 655 974 cum
681 937 895 986 legionibus
917 937 1188 987 classibusque,

74 1002 210 1052 quibus
229 1009 431 1054 praeerant,
448 1003 620 1039 decretae.
650 1001 941 1051 Quinquaginta
960 1001 1084 1038 Graeci
1105 1015 1191 1039 cum

75 1066 227 1116 legione
249 1081 338 1111 una,
359 1077 511 1105 centum
541 1067 658 1104 Siculi
687 1080 773 1104 cum
801 1065 945 1104 duabus
976 1067 1190 1117 legionibus

76 1131 270 1168 habebant
288 1145 414 1169 naves.
470 1131 608 1168 Tribus
639 1137 675 1167 et
705 1131 839 1180 viginti
867 1130 1081 1180 legionibus
1107 1132 1192 1168 Ro-

76 1196 196 1232 manis
217 1209 263 1233 eo
283 1209 384 1233 anno
402 1196 544 1233 bellum
563 1202 665 1232 terra
683 1196 853 1245 marique
873 1204 930 1232 est
949 1203 1108 1245 gestum.

130 1260 184 1297 ΙΙ.
222 1261 416 1312 Principio
443 1260 523 1311 ejus
545 1261 634 1297 anni
654 1273 769 1309 quum
788 1260 833 1296 de
852 1260 970 1296 literis
990 1261 1036 1298 L.
1052 1261 1190 1298 Marcii

74 1325 290 1370 referretur,
314 1339 372 1364 res
400 1333 515 1376 gestae
542 1326 752 1375 magnificae
780 1327 927 1362 senatui
953 1328 1064 1364 visae:
1097 1330 1191 1364 titu-

74 1389 131 1426 lus
151 1391 308 1427 honoris
327 1392 461 1441 (quod,
479 1391 639 1442 imperio
658 1403 737 1427 non
757 1390 887 1441 populi
899 1390 1026 1441 jussu,
1046 1405 1125 1428 non
1147 1405 1193 1429 ex

76 1456 305 1492 auctoritate
323 1455 481 1492 Patrum
501 1457 605 1499 dato,
628 1457 837 1504 Propraetor
857 1459 1011 1499 senatui,
1034 1458 1193 1506 scripse—

74 1519 151 1565 rat)
183 1532 361 1569 magnam
391 1527 537 1571 partem
567 1520 765 1557 hominum
791 1520 1035 1557 obfendebat.
1093 1520 1192 1558 Rem

75 1583 163 1620 mali
183 1584 345 1635 exempli
371 1598 466 1628 esse,
487 1586 732 1635 imperatores
760 1585 835 1634 legi
862 1585 909 1622 ab
934 1586 1159 1622 exercitibus
1179 1601 1187 1621 t

75 1653 113 1683 et
142 1647 324 1685 sollemne
353 1650 635 1699 auspicaturum
665 1650 907 1686 comitiorum
937 1651 975 1686 in
1004 1657 1127 1687 castra
1152 1660 1190 1689 et

76 1712 304 1762 provincias,
331 1713 465 1764 procul
490 1714 537 1750 ab
566 1714 713 1763 legibus
743 1715 1116 1765 magistratibusque,
1144 1718 1190 1754 ad

75 1775 279 1813 militarem
297 1778 551 1815 temeritatem
569 1778 765 1815 transferri
784 1794 791 1815 :
824 1785 876 1823 et,
897 1793 1012 1829 quum
1038 1781 1189 1830 quidam

76 1840 313 1877 referendum
337 1842 383 1878 ad
401 1849 574 1878 senatum
594 1849 804 1887 censerent,
824 1843 956 1879 melius
976 1844 1096 1881 visum
1116 1845 1189 1881 dif-

72 1904 163 1941 ferri
200 1918 283 1942 eam
328 1906 662 1951 consultationem,
700 1908 821 1944 donec
861 1909 1189 1959 proficiscerentur

73 1970 235 2019 equites,
257 1972 320 2020 qui
340 1971 387 2008 ab
406 1971 556 2008 Marcio
579 1972 705 2009 literas
730 1973 956 2011 adtulerunt.
1013 1974 1189 2012 Rescribi

73 2034 120 2070 tle
146 2034 338 2071 frumento
364 2042 402 2071 et
431 2037 663 2073 vestimentis
694 2038 879 2074 exercitus
909 2038 1076 2088 placuit:
1109 2052 1189 2076 eam

73 2105 265 2148 utramque
295 2113 370 2136 rem
402 2113 494 2137 curae
518 2100 608 2150 fore
639 2104 809 2138 senatui:
851 2102 1012 2138 adscribi
1045 2109 1187 2147 autem,

77 2164 298 2212 Propraetori
331 2164 375 2200 L.
403 2165 559 2208 Marcio,
587 2178 665 2201 non
692 2164 858 2215 placuit:
902 2179 949 2202 ue
981 2167 1016 2203 id
1047 2168 1185 2216 ipsum,

75 2229 176 2277 quod
195 2228 466 2265 consultationi
493 2230 735 2279 reliquerant,
757 2243 825 2280 pro
845 2231 1092 2280 praejudicato
1111 2231 1186 2267 fer-

74 2298 143 2328 ret.
201 2292 377 2329 Dimissis
398 2293 602 2342 equitibus,
623 2294 668 2330 ‹le
691 2293 794 2330 nulla
819 2307 858 2330 re
883 2296 986 2344 prius
1014 2294 1186 2331 consules

76 2355 297 2400 retulerunt,
319 2358 563 2406 omniumque
590 2359 628 2393 in
656 2371 770 2395 unum
798 2359 995 2396 sententiae
1023 2371 1185 2406 congru-

1204 299 1246 330 U.
1258 298 1296 330 C.
1313 304 1388 331 5410

1205 344 1243 373 A.
1256 341 1294 373 C.
1311 349 1385 373 211.

1205 1261 1315 1290 Literae

1204 1303 1330 1334 Marcii.
