<?xml version="1.0" encoding="UTF-8"?>
<!DOCTYPE html PUBLIC "-//W3C//DTD XHTML 1.0 Transitional//EN"
    "http://www.w3.org/TR/xhtml1/DTD/xhtml1-transitional.dtd">
<html xmlns="http://www.w3.org/1999/xhtml" xml:lang="en" lang="en">
 <head>
  <title>
</title>
<meta http-equiv="Content-Type" content="text/html;charset=utf-8" />
  <meta name='ocr-system' content='tesseract 3.04.00' />
  <meta name='ocr-capabilities' content='ocr_page ocr_carea ocr_par ocr_line ocrx_word'/>
</head>
<body>
  <div class='ocr_page' id='page_1' title='image "./historiarumquaes02livyuoft/historiarumquaes02livyuoft_0172.png"; bbox 0 0 1527 2661; ppageno 0'>
   <div class='ocr_carea' id='block_1_1' title="bbox 326 218 981 262">
    <p class='ocr_par' dir='ltr' id='par_1_1' title="bbox 326 218 981 262">
     <span class='ocr_line' id='line_1_1' title="bbox 326 218 981 262; baseline 0 -3"><span class='ocrx_word' id='word_1_1' title='bbox 326 218 406 262; x_wconf 80' lang='lat'>162</span> <span class='ocrx_word' id='word_1_2' title='bbox 774 230 822 259; x_wconf 87' lang='grc' dir='ltr'>Τ.</span> <span class='ocrx_word' id='word_1_3' title='bbox 847 231 981 260; x_wconf 77' lang='lat' dir='ltr'>mvn</span> 
     </span>
    </p>
   </div>
   <div class='ocr_carea' id='block_1_2' title="bbox 123 318 1445 2432">
    <p class='ocr_par' dir='ltr' id='par_1_2' title="bbox 126 318 1436 434">
     <span class='ocr_line' id='line_1_2' title="bbox 128 318 1430 370; baseline 0.005 -19"><span class='ocrx_word' id='word_1_4' title='bbox 128 321 220 352; x_wconf 86' lang='lat' dir='ltr'><strong>U.C.</strong></span> <span class='ocrx_word' id='word_1_5' title='bbox 239 325 415 363; x_wconf 78' lang='lat' dir='ltr'>534.tem,</span> <span class='ocrx_word' id='word_1_6' title='bbox 442 330 512 356; x_wconf 93' lang='lat' dir='ltr'>nec</span> <span class='ocrx_word' id='word_1_7' title='bbox 531 318 736 368; x_wconf 88' lang='lat' dir='ltr'>quidquam</span> <span class='ocrx_word' id='word_1_8' title='bbox 765 320 856 355; x_wconf 78' lang='lat' dir='ltr'>satis</span> <span class='ocrx_word' id='word_1_9' title='bbox 885 326 1012 355; x_wconf 86' lang='lat' dir='ltr'>tutum</span> <span class='ocrx_word' id='word_1_10' title='bbox 1040 319 1298 356; x_wconf 85' lang='lat' dir='ltr'>munientibus</span> <span class='ocrx_word' id='word_1_11' title='bbox 1327 322 1430 370; x_wconf 85' lang='lat' dir='ltr'>pati:</span> 
     </span>
     <span class='ocr_line' id='line_1_3' title="bbox 126 365 1436 434; baseline 0.001 -13"><span class='ocrx_word' id='word_1_12' title='bbox 126 365 167 396; x_wconf 68' lang='lat' dir='ltr'>A*</span> <span class='ocrx_word' id='word_1_13' title='bbox 181 365 217 396; x_wconf 69' lang='lat' dir='ltr'>C*</span> <span class='ocrx_word' id='word_1_14' title='bbox 236 373 309 397; x_wconf 71' lang='lat'>²¹8&#39;</span> <span class='ocrx_word' id='word_1_15' title='bbox 323 384 458 421; x_wconf 89' lang='lat' dir='ltr'>deinde</span> <span class='ocrx_word' id='word_1_16' title='bbox 469 383 553 433; x_wconf 88' lang='lat' dir='ltr'>jam</span> <span class='ocrx_word' id='word_1_17' title='bbox 572 396 651 420; x_wconf 90' lang='lat' dir='ltr'>non</span> <span class='ocrx_word' id='word_1_18' title='bbox 670 396 740 434; x_wconf 88' lang='lat' dir='ltr'>pro</span> <span class='ocrx_word' id='word_1_19' title='bbox 760 384 949 420; x_wconf 87' lang='lat' dir='ltr'>moenibus</span> <span class='ocrx_word' id='word_1_20' title='bbox 969 384 1084 420; x_wconf 89' lang='lat' dir='ltr'>modo</span> <span class='ocrx_word' id='word_1_21' title='bbox 1110 390 1223 433; x_wconf 87' lang='lat' dir='ltr'>atque</span> <span class='ocrx_word' id='word_1_22' title='bbox 1243 385 1339 421; x_wconf 85' lang='lat' dir='ltr'>turri</span> <span class='ocrx_word' id='word_1_23' title='bbox 1357 384 1436 422; x_wconf 88' lang='lat' dir='ltr'>tela</span> 
     </span>
    </p>

    <p class='ocr_par' dir='ltr' id='par_1_3' title="bbox 321 447 1433 498">
     <span class='ocr_line' id='line_1_4' title="bbox 321 447 1433 498; baseline 0 -13"><span class='ocrx_word' id='word_1_24' title='bbox 321 448 475 491; x_wconf 87' lang='lat' dir='ltr'>micare,</span> <span class='ocrx_word' id='word_1_25' title='bbox 496 447 561 483; x_wconf 86' lang='lat' dir='ltr'>sed</span> <span class='ocrx_word' id='word_1_26' title='bbox 581 447 627 484; x_wconf 87' lang='lat' dir='ltr'>ad</span> <span class='ocrx_word' id='word_1_27' title='bbox 647 448 918 498; x_wconf 86' lang='lat' dir='ltr'>erumpendum</span> <span class='ocrx_word' id='word_1_28' title='bbox 940 448 1053 484; x_wconf 80' lang='lat' dir='ltr'>etiam</span> <span class='ocrx_word' id='word_1_29' title='bbox 1077 449 1116 483; x_wconf 89' lang='lat' dir='ltr'>in</span> <span class='ocrx_word' id='word_1_30' title='bbox 1136 448 1319 484; x_wconf 88' lang='lat' dir='ltr'>stationes</span> <span class='ocrx_word' id='word_1_31' title='bbox 1340 460 1433 498; x_wconf 86' lang='lat' dir='ltr'>ope-</span> 
     </span>
    </p>

    <p class='ocr_par' dir='ltr' id='par_1_4' title="bbox 320 511 1434 561">
     <span class='ocr_line' id='line_1_5' title="bbox 320 511 1434 561; baseline 0 -13"><span class='ocrx_word' id='word_1_32' title='bbox 320 524 436 560; x_wconf 87' lang='lat' dir='ltr'>raque</span> <span class='ocrx_word' id='word_1_33' title='bbox 472 511 641 548; x_wconf 88' lang='lat' dir='ltr'>hostium</span> <span class='ocrx_word' id='word_1_34' title='bbox 678 512 824 547; x_wconf 83' lang='lat' dir='ltr'>animus</span> <span class='ocrx_word' id='word_1_35' title='bbox 864 517 967 548; x_wconf 84' lang='lat' dir='ltr'>erat:</span> <span class='ocrx_word' id='word_1_36' title='bbox 1004 511 1140 561; x_wconf 88' lang='lat' dir='ltr'>quibus</span> <span class='ocrx_word' id='word_1_37' title='bbox 1178 511 1434 554; x_wconf 82' lang='lat' dir='ltr'>tumultuariis</span> 
     </span>
    </p>

    <p class='ocr_par' dir='ltr' id='par_1_5' title="bbox 123 575 1440 762">
     <span class='ocr_line' id='line_1_6' title="bbox 319 575 1432 626; baseline 0.001 -14"><span class='ocrx_word' id='word_1_38' title='bbox 319 576 589 613; x_wconf 71' lang='lat' dir='ltr'>certaminibus</span> <span class='ocrx_word' id='word_1_39' title='bbox 609 576 711 612; x_wconf 90' lang='lat' dir='ltr'>haud</span> <span class='ocrx_word' id='word_1_40' title='bbox 725 575 843 612; x_wconf 82' lang='lat' dir='ltr'>ferme</span> <span class='ocrx_word' id='word_1_41' title='bbox 862 575 986 626; x_wconf 88' lang='lat' dir='ltr'>plures</span> <span class='ocrx_word' id='word_1_42' title='bbox 1008 576 1211 625; x_wconf 85' lang='lat' dir='ltr'>Saguntini</span> <span class='ocrx_word' id='word_1_43' title='bbox 1231 576 1432 621; x_wconf 82' lang='lat' dir='ltr'>cadebant,</span> 
     </span>
     <span class='ocr_line' id='line_1_7' title="bbox 127 640 1437 692; baseline 0.003 -18"><span class='ocrx_word' id='word_1_44' title='bbox 127 644 295 676; x_wconf 87' lang='lat' dir='ltr'>Hannibal</span> <span class='ocrx_word' id='word_1_45' title='bbox 321 654 434 690; x_wconf 89' lang='lat' dir='ltr'>quam</span> <span class='ocrx_word' id='word_1_46' title='bbox 453 640 577 678; x_wconf 85' lang='lat' dir='ltr'>Poeni.</span> <span class='ocrx_word' id='word_1_47' title='bbox 635 641 691 677; x_wconf 86' lang='lat' dir='ltr'>Ut</span> <span class='ocrx_word' id='word_1_48' title='bbox 715 653 805 677; x_wconf 89' lang='lat' dir='ltr'>vero</span> <span class='ocrx_word' id='word_1_49' title='bbox 829 640 1028 677; x_wconf 82' lang='lat' dir='ltr'>Hannibal</span> <span class='ocrx_word' id='word_1_50' title='bbox 1053 642 1148 692; x_wconf 85' lang='lat' dir='ltr'>ipse,</span> <span class='ocrx_word' id='word_1_51' title='bbox 1168 641 1258 677; x_wconf 90' lang='lat' dir='ltr'>dum</span> <span class='ocrx_word' id='word_1_52' title='bbox 1284 653 1437 678; x_wconf 86' lang='lat' dir='ltr'>murum</span> 
     </span>
     <span class='ocr_line' id='line_1_8' title="bbox 123 687 1440 762; baseline 0 -21"><span class='ocrx_word' id='word_1_53' title='bbox 123 687 274 762; x_wconf 39' lang='lat' dir='ltr'>xxxma*</span> <span class='ocrx_word' id='word_1_54' title='bbox 320 705 509 741; x_wconf 86' lang='lat' dir='ltr'>incautius</span> <span class='ocrx_word' id='word_1_55' title='bbox 544 703 659 748; x_wconf 85' lang='lat' dir='ltr'>subit,</span> <span class='ocrx_word' id='word_1_56' title='bbox 698 705 896 741; x_wconf 85' lang='lat' dir='ltr'>adversum</span> <span class='ocrx_word' id='word_1_57' title='bbox 928 705 1052 741; x_wconf 82' lang='lat' dir='ltr'>femur</span> <span class='ocrx_word' id='word_1_58' title='bbox 1086 704 1237 754; x_wconf 84' lang='lat' dir='ltr'>tragula</span> <span class='ocrx_word' id='word_1_59' title='bbox 1273 704 1440 753; x_wconf 84' lang='lat' dir='ltr'>graviter</span> 
     </span>
    </p>

    <p class='ocr_par' dir='ltr' id='par_1_6' title="bbox 320 768 1439 819">
     <span class='ocr_line' id='line_1_9' title="bbox 320 768 1439 819; baseline 0 -14"><span class='ocrx_word' id='word_1_60' title='bbox 320 769 417 805; x_wconf 87' lang='lat' dir='ltr'>ictus</span> <span class='ocrx_word' id='word_1_61' title='bbox 439 769 575 805; x_wconf 90' lang='lat' dir='ltr'>cecidit</span> <span class='ocrx_word' id='word_1_62' title='bbox 587 785 598 814; x_wconf 81' lang='lat'>3</span> <span class='ocrx_word' id='word_1_63' title='bbox 632 774 741 805; x_wconf 87' lang='lat' dir='ltr'>tanta</span> <span class='ocrx_word' id='word_1_64' title='bbox 767 769 867 805; x_wconf 85' lang='lat' dir='ltr'>circa</span> <span class='ocrx_word' id='word_1_65' title='bbox 884 769 977 818; x_wconf 84' lang='lat' dir='ltr'>fuga</span> <span class='ocrx_word' id='word_1_66' title='bbox 999 782 1043 806; x_wconf 85' lang='lat' dir='ltr'>ac</span> <span class='ocrx_word' id='word_1_67' title='bbox 1062 769 1267 819; x_wconf 83' lang='lat' dir='ltr'>trepidatio</span> <span class='ocrx_word' id='word_1_68' title='bbox 1285 768 1374 813; x_wconf 84' lang='lat' dir='ltr'>fuit,</span> <span class='ocrx_word' id='word_1_69' title='bbox 1393 775 1439 806; x_wconf 85' lang='lat' dir='ltr'>ut</span> 
     </span>
    </p>

    <p class='ocr_par' dir='ltr' id='par_1_7' title="bbox 319 832 1438 884">
     <span class='ocr_line' id='line_1_10' title="bbox 319 832 1438 884; baseline 0 -15"><span class='ocrx_word' id='word_1_70' title='bbox 319 846 398 869; x_wconf 93' lang='lat' dir='ltr'>non</span> <span class='ocrx_word' id='word_1_71' title='bbox 428 832 591 870; x_wconf 88' lang='lat' dir='ltr'>multum</span> <span class='ocrx_word' id='word_1_72' title='bbox 619 832 782 877; x_wconf 85' lang='lat' dir='ltr'>abesset,</span> <span class='ocrx_word' id='word_1_73' title='bbox 804 833 896 883; x_wconf 87' lang='lat' dir='ltr'>quin</span> <span class='ocrx_word' id='word_1_74' title='bbox 926 845 1043 884; x_wconf 84' lang='lat' dir='ltr'>opera</span> <span class='ocrx_word' id='word_1_75' title='bbox 1070 846 1113 869; x_wconf 89' lang='lat' dir='ltr'>ac</span> <span class='ocrx_word' id='word_1_76' title='bbox 1142 833 1264 869; x_wconf 78' lang='lat' dir='ltr'>vineae</span> <span class='ocrx_word' id='word_1_77' title='bbox 1291 833 1438 869; x_wconf 84' lang='lat' dir='ltr'>desere-</span> 
     </span>
    </p>

    <p class='ocr_par' dir='ltr' id='par_1_8' title="bbox 309 903 1445 2432">
     <span class='ocr_line' id='line_1_11' title="bbox 316 903 1445 934; baseline 0.001 -1"><span class='ocrx_word' id='word_1_78' title='bbox 316 903 460 934; x_wconf 85' lang='lat' dir='ltr'>rentur.</span> <span class='ocrx_word' id='word_1_79' title='bbox 1443 923 1445 925; x_wconf 82' lang='lat'>·</span> 
     </span>
     <span class='ocr_line' id='line_1_12' title="bbox 371 960 1436 1013; baseline 0.002 -17"><span class='ocrx_word' id='word_1_80' title='bbox 371 961 485 998; x_wconf 92' lang='lat' dir='ltr'>VIII.</span> <span class='ocrx_word' id='word_1_81' title='bbox 527 960 691 998; x_wconf 84' lang='lat' dir='ltr'>Obsidio</span> <span class='ocrx_word' id='word_1_82' title='bbox 727 961 864 997; x_wconf 89' lang='lat' dir='ltr'>deinde</span> <span class='ocrx_word' id='word_1_83' title='bbox 900 975 968 1013; x_wconf 87' lang='lat' dir='ltr'>per</span> <span class='ocrx_word' id='word_1_84' title='bbox 1004 975 1146 1013; x_wconf 88' lang='lat' dir='ltr'>paucos</span> <span class='ocrx_word' id='word_1_85' title='bbox 1185 961 1263 999; x_wconf 91' lang='lat' dir='ltr'>dies</span> <span class='ocrx_word' id='word_1_86' title='bbox 1299 961 1436 1011; x_wconf 86' lang='lat' dir='ltr'>magis,</span> 
     </span>
     <span class='ocr_line' id='line_1_13' title="bbox 318 1025 1434 1076; baseline 0.002 -15"><span class='ocrx_word' id='word_1_87' title='bbox 318 1038 431 1076; x_wconf 89' lang='lat' dir='ltr'>quam</span> <span class='ocrx_word' id='word_1_88' title='bbox 452 1025 709 1076; x_wconf 85' lang='lat' dir='ltr'>obpugnatiO,</span> <span class='ocrx_word' id='word_1_89' title='bbox 726 1025 814 1070; x_wconf 84' lang='lat' dir='ltr'>fuit,</span> <span class='ocrx_word' id='word_1_90' title='bbox 835 1026 924 1063; x_wconf 90' lang='lat' dir='ltr'>dum</span> <span class='ocrx_word' id='word_1_91' title='bbox 942 1027 1076 1063; x_wconf 76' lang='lat' dir='ltr'>vuinus</span> <span class='ocrx_word' id='word_1_92' title='bbox 1093 1027 1198 1063; x_wconf 88' lang='lat' dir='ltr'>ducis</span> <span class='ocrx_word' id='word_1_93' title='bbox 1215 1031 1410 1063; x_wconf 85' lang='lat' dir='ltr'>curaretur</span> <span class='ocrx_word' id='word_1_94' title='bbox 1425 1041 1434 1064; x_wconf 93' lang='lat'><strong>:</strong></span> 
     </span>
     <span class='ocr_line' id='line_1_14' title="bbox 316 1090 1435 1141; baseline 0.002 -15"><span class='ocrx_word' id='word_1_95' title='bbox 316 1103 384 1141; x_wconf 86' lang='lat' dir='ltr'>per</span> <span class='ocrx_word' id='word_1_96' title='bbox 404 1090 506 1140; x_wconf 90' lang='lat' dir='ltr'>quod</span> <span class='ocrx_word' id='word_1_97' title='bbox 534 1097 683 1141; x_wconf 88' lang='lat' dir='ltr'>tempus</span> <span class='ocrx_word' id='word_1_98' title='bbox 713 1097 756 1127; x_wconf 88' lang='lat' dir='ltr'>ut</span> <span class='ocrx_word' id='word_1_99' title='bbox 775 1092 880 1141; x_wconf 86' lang='lat' dir='ltr'>quies</span> <span class='ocrx_word' id='word_1_100' title='bbox 911 1093 1162 1129; x_wconf 84' lang='lat' dir='ltr'>certaminum</span> <span class='ocrx_word' id='word_1_101' title='bbox 1192 1097 1286 1135; x_wconf 82' lang='lat' dir='ltr'>erat,</span> <span class='ocrx_word' id='word_1_102' title='bbox 1306 1091 1363 1127; x_wconf 87' lang='lat' dir='ltr'>ita</span> <span class='ocrx_word' id='word_1_103' title='bbox 1386 1090 1435 1128; x_wconf 87' lang='lat' dir='ltr'>ab</span> 
     </span>
     <span class='ocr_line' id='line_1_15' title="bbox 317 1155 1434 1206; baseline 0.002 -15"><span class='ocrx_word' id='word_1_104' title='bbox 317 1155 503 1205; x_wconf 83' lang='lat' dir='ltr'>adparatu</span> <span class='ocrx_word' id='word_1_105' title='bbox 532 1168 692 1206; x_wconf 87' lang='lat' dir='ltr'>operum</span> <span class='ocrx_word' id='word_1_106' title='bbox 729 1169 773 1192; x_wconf 91' lang='lat' dir='ltr'>ac</span> <span class='ocrx_word' id='word_1_107' title='bbox 805 1157 1063 1193; x_wconf 87' lang='lat' dir='ltr'>munitionum</span> <span class='ocrx_word' id='word_1_108' title='bbox 1099 1156 1197 1193; x_wconf 88' lang='lat' dir='ltr'>nihil</span> <span class='ocrx_word' id='word_1_109' title='bbox 1233 1161 1434 1193; x_wconf 85' lang='lat' dir='ltr'>cessatum.</span> 
     </span>
     <span class='ocr_line' id='line_1_16' title="bbox 316 1218 1436 1269; baseline -0.001 -13"><span class='ocrx_word' id='word_1_110' title='bbox 316 1219 453 1269; x_wconf 87' lang='lat' dir='ltr'>Itaque</span> <span class='ocrx_word' id='word_1_111' title='bbox 473 1220 594 1256; x_wconf 88' lang='lat' dir='ltr'>acrius</span> <span class='ocrx_word' id='word_1_112' title='bbox 615 1220 661 1256; x_wconf 87' lang='lat' dir='ltr'>de</span> <span class='ocrx_word' id='word_1_113' title='bbox 687 1220 839 1269; x_wconf 84' lang='lat' dir='ltr'>integro</span> <span class='ocrx_word' id='word_1_114' title='bbox 859 1220 1039 1257; x_wconf 86' lang='lat' dir='ltr'>obortum</span> <span class='ocrx_word' id='word_1_115' title='bbox 1065 1227 1122 1256; x_wconf 88' lang='lat' dir='ltr'>est</span> <span class='ocrx_word' id='word_1_116' title='bbox 1140 1218 1298 1262; x_wconf 88' lang='lat' dir='ltr'>bellum,</span> <span class='ocrx_word' id='word_1_117' title='bbox 1317 1218 1436 1269; x_wconf 82' lang='lat' dir='ltr'>pluri·</span> 
     </span>
     <span class='ocr_line' id='line_1_17' title="bbox 314 1284 1436 1335; baseline -0.002 -13"><span class='ocrx_word' id='word_1_118' title='bbox 314 1285 462 1334; x_wconf 88' lang='lat' dir='ltr'>busque</span> <span class='ocrx_word' id='word_1_119' title='bbox 484 1284 671 1335; x_wconf 85' lang='lat' dir='ltr'>partibus,</span> <span class='ocrx_word' id='word_1_120' title='bbox 694 1285 756 1321; x_wconf 89' lang='lat' dir='ltr'>vix</span> <span class='ocrx_word' id='word_1_121' title='bbox 782 1285 1056 1335; x_wconf 86' lang='lat' dir='ltr'>accipientibus</span> <span class='ocrx_word' id='word_1_122' title='bbox 1077 1284 1303 1334; x_wconf 85' lang='lat' dir='ltr'>quibusdam</span> <span class='ocrx_word' id='word_1_123' title='bbox 1318 1296 1436 1334; x_wconf 86' lang='lat' dir='ltr'>opera</span> 
     </span>
     <span class='ocr_line' id='line_1_18' title="bbox 313 1347 1436 1399; baseline -0.001 -14"><span class='ocrx_word' id='word_1_124' title='bbox 313 1348 422 1393; x_wconf 88' lang='lat' dir='ltr'>locis,</span> <span class='ocrx_word' id='word_1_125' title='bbox 443 1350 563 1386; x_wconf 88' lang='lat' dir='ltr'>vineae</span> <span class='ocrx_word' id='word_1_126' title='bbox 591 1355 728 1399; x_wconf 83' lang='lat' dir='ltr'>coeptae</span> <span class='ocrx_word' id='word_1_127' title='bbox 754 1350 830 1398; x_wconf 83' lang='lat' dir='ltr'>agi,</span> <span class='ocrx_word' id='word_1_128' title='bbox 852 1349 1120 1399; x_wconf 85' lang='lat' dir='ltr'>admoverique</span> <span class='ocrx_word' id='word_1_129' title='bbox 1144 1349 1252 1386; x_wconf 83' lang='lat' dir='ltr'>aries.</span> <span class='ocrx_word' id='word_1_130' title='bbox 1299 1347 1436 1384; x_wconf 83' lang='lat' dir='ltr'>Abun-</span> 
     </span>
     <span class='ocr_line' id='line_1_19' title="bbox 314 1412 1433 1458; baseline -0.001 -9"><span class='ocrx_word' id='word_1_131' title='bbox 314 1413 432 1450; x_wconf 77' lang='lat' dir='ltr'>dabat</span> <span class='ocrx_word' id='word_1_132' title='bbox 467 1412 711 1449; x_wconf 86' lang='lat' dir='ltr'>multitudine</span> <span class='ocrx_word' id='word_1_133' title='bbox 747 1413 948 1449; x_wconf 88' lang='lat' dir='ltr'>hominum</span> <span class='ocrx_word' id='word_1_134' title='bbox 983 1413 1154 1458; x_wconf 85' lang='lat' dir='ltr'>Poenus;</span> <span class='ocrx_word' id='word_1_135' title='bbox 1195 1412 1242 1448; x_wconf 91' lang='lat' dir='ltr'>ad</span> <span class='ocrx_word' id='word_1_136' title='bbox 1279 1418 1433 1448; x_wconf 89' lang='lat' dir='ltr'>centum</span> 
     </span>
     <span class='ocr_line' id='line_1_20' title="bbox 313 1476 1436 1526; baseline -0.001 -13"><span class='ocrx_word' id='word_1_137' title='bbox 313 1477 416 1513; x_wconf 84' lang='lat' dir='ltr'>enim</span> <span class='ocrx_word' id='word_1_138' title='bbox 448 1477 726 1526; x_wconf 86' lang='lat' dir='ltr'>quinquaginta</span> <span class='ocrx_word' id='word_1_139' title='bbox 755 1476 874 1513; x_wconf 78' lang='lat' dir='ltr'>millia</span> <span class='ocrx_word' id='word_1_140' title='bbox 904 1477 1084 1513; x_wconf 87' lang='lat' dir='ltr'>habuisse</span> <span class='ocrx_word' id='word_1_141' title='bbox 1119 1478 1160 1512; x_wconf 90' lang='lat' dir='ltr'>in</span> <span class='ocrx_word' id='word_1_142' title='bbox 1193 1477 1306 1512; x_wconf 89' lang='lat' dir='ltr'>armis</span> <span class='ocrx_word' id='word_1_143' title='bbox 1341 1477 1436 1512; x_wconf 76' lang='lat' dir='ltr'>satis</span> 
     </span>
     <span class='ocr_line' id='line_1_21' title="bbox 313 1540 1435 1592; baseline 0 -15"><span class='ocrx_word' id='word_1_144' title='bbox 313 1541 490 1578; x_wconf 89' lang='lat' dir='ltr'>creditur.</span> <span class='ocrx_word' id='word_1_145' title='bbox 544 1542 738 1592; x_wconf 90' lang='lat' dir='ltr'>Oppidani</span> <span class='ocrx_word' id='word_1_146' title='bbox 757 1542 804 1579; x_wconf 92' lang='lat' dir='ltr'>ad</span> <span class='ocrx_word' id='word_1_147' title='bbox 820 1543 949 1578; x_wconf 84' lang='lat' dir='ltr'>omnia</span> <span class='ocrx_word' id='word_1_148' title='bbox 969 1541 1109 1578; x_wconf 89' lang='lat' dir='ltr'>tuenda</span> <span class='ocrx_word' id='word_1_149' title='bbox 1128 1547 1242 1590; x_wconf 85' lang='lat' dir='ltr'>atque</span> <span class='ocrx_word' id='word_1_150' title='bbox 1257 1540 1435 1577; x_wconf 87' lang='lat' dir='ltr'>obeunda</span> 
     </span>
     <span class='ocr_line' id='line_1_22' title="bbox 312 1604 1432 1656; baseline -0.001 -14"><span class='ocrx_word' id='word_1_151' title='bbox 312 1605 560 1642; x_wconf 83' lang='lat' dir='ltr'>multifariam</span> <span class='ocrx_word' id='word_1_152' title='bbox 587 1606 759 1642; x_wconf 83' lang='lat' dir='ltr'>distineri</span> <span class='ocrx_word' id='word_1_153' title='bbox 790 1607 905 1656; x_wconf 80' lang='lat' dir='ltr'>coepti</span> <span class='ocrx_word' id='word_1_154' title='bbox 936 1612 1048 1641; x_wconf 87' lang='lat' dir='ltr'>sunt:</span> <span class='ocrx_word' id='word_1_155' title='bbox 1081 1611 1119 1641; x_wconf 91' lang='lat' dir='ltr'>et</span> <span class='ocrx_word' id='word_1_156' title='bbox 1146 1618 1226 1641; x_wconf 88' lang='lat' dir='ltr'>non</span> <span class='ocrx_word' id='word_1_157' title='bbox 1256 1604 1432 1641; x_wconf 89' lang='lat' dir='ltr'>subficie-</span> 
     </span>
     <span class='ocr_line' id='line_1_23' title="bbox 311 1669 1430 1719; baseline -0.001 -13"><span class='ocrx_word' id='word_1_158' title='bbox 311 1669 408 1706; x_wconf 88' lang='lat' dir='ltr'>bant</span> <span class='ocrx_word' id='word_1_159' title='bbox 429 1669 534 1719; x_wconf 86' lang='lat' dir='ltr'>(jam</span> <span class='ocrx_word' id='word_1_160' title='bbox 560 1671 660 1707; x_wconf 87' lang='lat' dir='ltr'>enim</span> <span class='ocrx_word' id='word_1_161' title='bbox 686 1670 922 1708; x_wconf 86' lang='lat' dir='ltr'>feriebantur</span> <span class='ocrx_word' id='word_1_162' title='bbox 951 1670 1150 1717; x_wconf 80' lang='lat' dir='ltr'>arietibus)</span> <span class='ocrx_word' id='word_1_163' title='bbox 1178 1670 1290 1713; x_wconf 85' lang='lat' dir='ltr'>muri,</span> <span class='ocrx_word' id='word_1_164' title='bbox 1317 1682 1430 1718; x_wconf 88' lang='lat' dir='ltr'>quas-</span> 
     </span>
     <span class='ocr_line' id='line_1_24' title="bbox 311 1733 1429 1786; baseline 0.001 -16"><span class='ocrx_word' id='word_1_165' title='bbox 311 1741 478 1784; x_wconf 82' lang='lat' dir='ltr'>sataeque</span> <span class='ocrx_word' id='word_1_166' title='bbox 515 1735 644 1771; x_wconf 86' lang='lat' dir='ltr'>multae</span> <span class='ocrx_word' id='word_1_167' title='bbox 693 1743 818 1786; x_wconf 87' lang='lat' dir='ltr'>partes</span> <span class='ocrx_word' id='word_1_168' title='bbox 858 1740 988 1771; x_wconf 87' lang='lat' dir='ltr'>erant:</span> <span class='ocrx_word' id='word_1_169' title='bbox 1029 1747 1106 1770; x_wconf 91' lang='lat' dir='ltr'>una</span> <span class='ocrx_word' id='word_1_170' title='bbox 1143 1733 1429 1771; x_wconf 85' lang='lat' dir='ltr'>continentibus</span> 
     </span>
     <span class='ocr_line' id='line_1_25' title="bbox 310 1799 1430 1848; baseline 0.001 -14"><span class='ocrx_word' id='word_1_171' title='bbox 310 1799 429 1835; x_wconf 88' lang='lat' dir='ltr'>ruinis</span> <span class='ocrx_word' id='word_1_172' title='bbox 450 1800 659 1836; x_wconf 85' lang='lat' dir='ltr'>nudaverat</span> <span class='ocrx_word' id='word_1_173' title='bbox 674 1800 806 1836; x_wconf 89' lang='lat' dir='ltr'>urbem</span> <span class='ocrx_word' id='word_1_174' title='bbox 823 1815 829 1836; x_wconf 92' lang='lat'>:</span> <span class='ocrx_word' id='word_1_175' title='bbox 864 1806 938 1836; x_wconf 87' lang='lat' dir='ltr'>tres</span> <span class='ocrx_word' id='word_1_176' title='bbox 957 1800 1133 1848; x_wconf 85' lang='lat' dir='ltr'>deinceps</span> <span class='ocrx_word' id='word_1_177' title='bbox 1154 1809 1290 1841; x_wconf 83' lang='lat' dir='ltr'>turres,</span> <span class='ocrx_word' id='word_1_178' title='bbox 1308 1810 1430 1847; x_wconf 85' lang='lat' dir='ltr'>quan-</span> 
     </span>
     <span class='ocr_line' id='line_1_26' title="bbox 310 1862 1431 1912; baseline 0 -14"><span class='ocrx_word' id='word_1_179' title='bbox 310 1869 469 1911; x_wconf 87' lang='lat' dir='ltr'>tumque</span> <span class='ocrx_word' id='word_1_180' title='bbox 500 1865 600 1900; x_wconf 86' lang='lat' dir='ltr'>inter</span> <span class='ocrx_word' id='word_1_181' title='bbox 632 1877 694 1900; x_wconf 90' lang='lat' dir='ltr'>eas</span> <span class='ocrx_word' id='word_1_182' title='bbox 728 1865 825 1901; x_wconf 88' lang='lat' dir='ltr'>muri</span> <span class='ocrx_word' id='word_1_183' title='bbox 858 1870 953 1906; x_wconf 84' lang='lat' dir='ltr'>erat,</span> <span class='ocrx_word' id='word_1_184' title='bbox 989 1876 1074 1899; x_wconf 89' lang='lat' dir='ltr'>cum</span> <span class='ocrx_word' id='word_1_185' title='bbox 1100 1863 1252 1912; x_wconf 84' lang='lat' dir='ltr'>fragore</span> <span class='ocrx_word' id='word_1_186' title='bbox 1281 1862 1431 1911; x_wconf 86' lang='lat' dir='ltr'>ingenti</span> 
     </span>
     <span class='ocr_line' id='line_1_27' title="bbox 310 1929 1431 1979; baseline 0.001 -15"><span class='ocrx_word' id='word_1_187' title='bbox 310 1929 575 1978; x_wconf 85' lang='lat' dir='ltr'>prociderant:</span> <span class='ocrx_word' id='word_1_188' title='bbox 609 1936 837 1979; x_wconf 80' lang='lat' dir='ltr'>captumque</span> <span class='ocrx_word' id='word_1_189' title='bbox 857 1930 1039 1979; x_wconf 85' lang='lat' dir='ltr'>oppidum</span> <span class='ocrx_word' id='word_1_190' title='bbox 1065 1942 1110 1964; x_wconf 82' lang='lat' dir='ltr'>ea</span> <span class='ocrx_word' id='word_1_191' title='bbox 1133 1930 1244 1964; x_wconf 84' lang='lat' dir='ltr'>ruina</span> <span class='ocrx_word' id='word_1_192' title='bbox 1263 1929 1431 1965; x_wconf 86' lang='lat' dir='ltr'>credide-</span> 
     </span>
     <span class='ocr_line' id='line_1_28' title="bbox 311 1992 1428 2043; baseline 0.001 -16"><span class='ocrx_word' id='word_1_193' title='bbox 311 1999 397 2027; x_wconf 86' lang='lat' dir='ltr'>rant</span> <span class='ocrx_word' id='word_1_194' title='bbox 426 1992 561 2038; x_wconf 79' lang='lat' dir='ltr'>Poeni3</span> <span class='ocrx_word' id='word_1_195' title='bbox 595 2006 682 2042; x_wconf 85' lang='lat' dir='ltr'>qua,</span> <span class='ocrx_word' id='word_1_196' title='bbox 714 1993 815 2029; x_wconf 83' lang='lat' dir='ltr'>velut</span> <span class='ocrx_word' id='word_1_197' title='bbox 845 1995 875 2029; x_wconf 89' lang='lat' dir='ltr'>si</span> <span class='ocrx_word' id='word_1_198' title='bbox 905 1994 1047 2043; x_wconf 84' lang='lat' dir='ltr'>pariter</span> <span class='ocrx_word' id='word_1_199' title='bbox 1081 1999 1262 2041; x_wconf 84' lang='lat' dir='ltr'>utrosque</span> <span class='ocrx_word' id='word_1_200' title='bbox 1298 2005 1428 2029; x_wconf 81' lang='lat' dir='ltr'>murus</span> 
     </span>
     <span class='ocr_line' id='line_1_29' title="bbox 309 2056 1428 2105; baseline 0.001 -14"><span class='ocrx_word' id='word_1_201' title='bbox 309 2056 481 2098; x_wconf 79' lang='lat' dir='ltr'>texisset,</span> <span class='ocrx_word' id='word_1_202' title='bbox 517 2057 570 2092; x_wconf 84' lang='lat' dir='ltr'>ita</span> <span class='ocrx_word' id='word_1_203' title='bbox 603 2058 791 2105; x_wconf 85' lang='lat' dir='ltr'>utrimque</span> <span class='ocrx_word' id='word_1_204' title='bbox 826 2057 862 2092; x_wconf 89' lang='lat' dir='ltr'>in</span> <span class='ocrx_word' id='word_1_205' title='bbox 898 2069 1065 2105; x_wconf 81' lang='lat' dir='ltr'>pugnam</span> <span class='ocrx_word' id='word_1_206' title='bbox 1098 2068 1320 2105; x_wconf 85' lang='lat' dir='ltr'>procursum</span> <span class='ocrx_word' id='word_1_207' title='bbox 1358 2062 1428 2094; x_wconf 84' lang='lat' dir='ltr'>est.</span> 
     </span>
     <span class='ocr_line' id='line_1_30' title="bbox 309 2118 1426 2170; baseline 0.002 -15"><span class='ocrx_word' id='word_1_208' title='bbox 309 2118 420 2156; x_wconf 76' lang='lat' dir='ltr'>Nihil</span> <span class='ocrx_word' id='word_1_209' title='bbox 439 2120 695 2157; x_wconf 70' lang='lat' dir='ltr'>tumultuariae</span> <span class='ocrx_word' id='word_1_210' title='bbox 722 2133 858 2170; x_wconf 71' lang='lat' dir='ltr'>pugnae</span> <span class='ocrx_word' id='word_1_211' title='bbox 879 2120 1000 2156; x_wconf 83' lang='lat' dir='ltr'>simile</span> <span class='ocrx_word' id='word_1_212' title='bbox 1028 2127 1121 2162; x_wconf 81' lang='lat' dir='ltr'>erat,</span> <span class='ocrx_word' id='word_1_213' title='bbox 1143 2120 1271 2169; x_wconf 82' lang='lat' dir='ltr'>quales</span> <span class='ocrx_word' id='word_1_214' title='bbox 1298 2121 1337 2156; x_wconf 93' lang='lat' dir='ltr'>in</span> <span class='ocrx_word' id='word_1_215' title='bbox 1357 2121 1426 2157; x_wconf 89' lang='lat' dir='ltr'>ob-</span> 
     </span>
     <span class='ocr_line' id='line_1_31' title="bbox 310 2185 1427 2234; baseline 0.001 -15"><span class='ocrx_word' id='word_1_216' title='bbox 310 2186 608 2234; x_wconf 74' lang='lat' dir='ltr'>pugnationibus</span> <span class='ocrx_word' id='word_1_217' title='bbox 626 2186 774 2221; x_wconf 78' lang='lat' dir='ltr'>urbium</span> <span class='ocrx_word' id='word_1_218' title='bbox 796 2199 861 2234; x_wconf 84' lang='lat' dir='ltr'>per</span> <span class='ocrx_word' id='word_1_219' title='bbox 878 2186 1117 2221; x_wconf 74' lang='lat' dir='ltr'>occasionem</span> <span class='ocrx_word' id='word_1_220' title='bbox 1137 2185 1254 2234; x_wconf 81' lang='lat' dir='ltr'>partis</span> <span class='ocrx_word' id='word_1_221' title='bbox 1274 2185 1427 2221; x_wconf 84' lang='lat' dir='ltr'>alterius</span> 
     </span>
     <span class='ocr_line' id='line_1_32' title="bbox 310 2249 1424 2299; baseline 0.001 -15"><span class='ocrx_word' id='word_1_222' title='bbox 310 2250 458 2285; x_wconf 82' lang='lat' dir='ltr'>conseri</span> <span class='ocrx_word' id='word_1_223' title='bbox 478 2249 625 2285; x_wconf 75' lang='lat' dir='ltr'>soient:</span> <span class='ocrx_word' id='word_1_224' title='bbox 659 2250 723 2286; x_wconf 87' lang='lat' dir='ltr'>sed</span> <span class='ocrx_word' id='word_1_225' title='bbox 747 2249 862 2299; x_wconf 73' lang='lat' dir='ltr'>justae</span> <span class='ocrx_word' id='word_1_226' title='bbox 893 2251 1006 2292; x_wconf 72' lang='lat' dir='ltr'>acies,</span> <span class='ocrx_word' id='word_1_227' title='bbox 1028 2249 1129 2285; x_wconf 81' lang='lat' dir='ltr'>velut</span> <span class='ocrx_word' id='word_1_228' title='bbox 1156 2249 1301 2298; x_wconf 82' lang='lat' dir='ltr'>patenti</span> <span class='ocrx_word' id='word_1_229' title='bbox 1322 2262 1424 2285; x_wconf 83' lang='lat' dir='ltr'>cam-</span> 
     </span>
     <span class='ocr_line' id='line_1_33' title="bbox 310 2314 1423 2365; baseline 0.001 -16"><span class='ocrx_word' id='word_1_230' title='bbox 310 2328 376 2364; x_wconf 82' lang='lat' dir='ltr'>po,</span> <span class='ocrx_word' id='word_1_231' title='bbox 397 2316 495 2351; x_wconf 77' lang='lat' dir='ltr'>inter</span> <span class='ocrx_word' id='word_1_232' title='bbox 515 2317 642 2352; x_wconf 76' lang='lat' dir='ltr'>ruinas</span> <span class='ocrx_word' id='word_1_233' title='bbox 663 2317 757 2353; x_wconf 87' lang='lat' dir='ltr'>muri</span> <span class='ocrx_word' id='word_1_234' title='bbox 783 2323 959 2365; x_wconf 80' lang='lat' dir='ltr'>tectaque</span> <span class='ocrx_word' id='word_1_235' title='bbox 979 2315 1080 2351; x_wconf 80' lang='lat' dir='ltr'>urbis</span> <span class='ocrx_word' id='word_1_236' title='bbox 1108 2315 1259 2352; x_wconf 88' lang='lat' dir='ltr'>modico</span> <span class='ocrx_word' id='word_1_237' title='bbox 1279 2314 1423 2351; x_wconf 88' lang='lat' dir='ltr'>distan-</span> 
     </span>
     <span class='ocr_line' id='line_1_34' title="bbox 311 2379 1423 2432; baseline 0.001 -18"><span class='ocrx_word' id='word_1_238' title='bbox 311 2379 363 2414; x_wconf 54' lang='lat' dir='ltr'>tia</span> <span class='ocrx_word' id='word_1_239' title='bbox 394 2380 594 2417; x_wconf 64' lang='lat' dir='ltr'>intervallo</span> <span class='ocrx_word' id='word_1_240' title='bbox 623 2381 897 2418; x_wconf 81' lang='lat' dir='ltr'>constiterant:</span> <span class='ocrx_word' id='word_1_241' title='bbox 931 2381 1019 2417; x_wconf 85' lang='lat' dir='ltr'>hinc</span> <span class='ocrx_word' id='word_1_242' title='bbox 1049 2392 1147 2432; x_wconf 74' lang='lat' dir='ltr'>speS,</span> <span class='ocrx_word' id='word_1_243' title='bbox 1175 2380 1263 2417; x_wconf 85' lang='lat' dir='ltr'>hinc</span> <span class='ocrx_word' id='word_1_244' title='bbox 1291 2379 1423 2430; x_wconf 84' lang='lat' dir='ltr'>despe-</span> 
     </span>
    </p>
   </div>
  </div>
 </body>
</html>
