1527 2661
385 177 542 207 LIBER
567 174 638 204 xx.
672 172 778 204 cAP.
801 173 946 202 xxm.
1166 172 1222 216 39

100 283 177 323 que
196 269 306 307 urbes
326 269 526 306 Ausonum
545 266 686 304 bellum
716 265 925 303 intulerunt
944 279 951 301 :
984 269 1089 300 mota
1114 276 1220 299 nam-
1236 264 1276 294 U.
1295 263 1330 294 C.
1348 270 1425 295 440.

98 349 174 386 que
204 336 332 372 omnia
365 334 528 370 adventu
550 332 790 374 Samnitium,
812 343 926 379 quum
948 329 1045 380 apud
1073 328 1219 365 Lautu-
1233 309 1271 397 Ξ
1288 307 1418 396 ῗῃίζ2“

97 399 153 437 las
187 400 404 436 dimicatum
438 404 508 441 cst,
539 397 703 439 fuerant,
734 395 1092 446 conjurationesque
1121 377 1316 440 circabe¹1¹1⁵0
1333 410 1388 439 ad-

99 465 350 514 Campaniam
371 463 508 514 passim
535 462 671 499 factae:
704 474 773 498 nec
795 461 925 511 Capua
956 460 1037 509 ipsa
1065 459 1221 495 crimine
1233 454 1332 494 petiti.

98 530 223 567 caruit
242 544 249 565 :
281 530 372 578 quin
392 528 556 564 Romam
577 539 727 577 quoque
754 533 791 562 et
810 526 855 562 ad
875 525 1086 576 principum
1107 537 1221 572 quos-

95 593 185 630 dam
213 592 461 642 inquirendos
496 599 651 628 ventum
685 597 753 628 est.
812 591 989 626 Ceterum
1023 590 1223 625 Ausonum

96 669 190 706 gens
216 657 435 707 proditione
469 656 633 700 urbium,
668 656 767 691 sicut
798 655 905 697 Sora,
927 655 964 689 in
993 658 1222 703 potestatem

97 720 214 758 venit.
262 721 435 763 Ausona,
454 726 490 756 et
505 719 729 762 Minturnae,
744 725 780 754 et
794 718 943 761 Vescia,
961 718 1071 754 urbes
1088 724 1194 754 erant
1210 732 1218 752 ε

94 797 143 821 ex
163 783 298 834 quibus
319 785 506 834 principes
528 783 741 834 juventutis
766 783 961 820 duodecim
983 796 1154 825 numero,
1182 784 1220 818 in

95 849 351 899 proditionem
379 848 527 885 urbium
558 862 711 885 suarum
741 847 943 898 conjurati,
974 848 1020 884 ad
1049 846 1221 884 consules

94 913 280 949 veniunt:
313 913 465 957 docent,
494 926 587 957 suos,
605 914 826 962 jampridem
848 918 1055 962 exoptantes
1074 913 1220 949 Samni-

97 980 187 1014 tium
217 979 422 1020 adventum,
451 980 559 1015 simut
586 981 634 1015 ad
663 979 842 1015 Lautulas
864 983 1068 1027 pugnatum
1096 979 1219 1014 audie-

93 1048 195 1086 runt,
224 1056 292 1092 pro
320 1045 423 1080 victis
452 1044 635 1081 Romanos
663 1045 838 1085 habuisse,
872 1043 1073 1090 juventute,
1111 1046 1222 1080 armis

95 1107 276 1144 Samnites
309 1106 468 1154 juvisse:
499 1109 648 1158 fugatis
690 1111 772 1146 inde
812 1109 1046 1150 Samnitibus,
1084 1110 1222 1144 ‘incerta

92 1183 184 1219 pace
201 1184 320 1218 agere,
351 1185 416 1208 nec
445 1173 652 1209 claudentes
676 1179 805 1221 portas
826 1173 1011 1214 Romanis,
1032 1185 1075 1208 ne
1103 1184 1221 1208 arces·

92 1239 174 1270 sant
195 1234 323 1270 bellum
334 1252 347 1278 ;
376 1240 411 1271 et
430 1236 623 1272 obstinatos
648 1238 828 1279 claudere,
848 1238 880 1271 si
902 1238 1074 1272 exercitus
1093 1237 1219 1272 admo-

92 1303 231 1334 veatur.
290 1299 334 1334 In
354 1311 396 1334 ea
411 1300 656 1349 fluctuatione
684 1303 883 1336 (mimorum
913 1301 1066 1347 obprimi
1095 1302 1218 1335 incau-

92 1367 150 1399 tos
188 1374 300 1410 posse.
370 1362 444 1398 His
489 1363 706 1400 auctoribus
751 1370 855 1400 mota
885 1364 1038 1413 propius
1069 1372 1215 1400 castra:

91 1426 271 1475 missique
301 1427 434 1464 eodem
464 1434 639 1478 tempore
669 1429 769 1464 circa
797 1429 870 1463 tria
900 1428 1039 1478 oppida
1065 1428 1218 1472 milites,

90 1490 231 1539 partim
252 1492 402 1535 armati,
423 1493 487 1541 qui
507 1492 645 1528 occulti
675 1494 890 1543 propinqua
916 1492 1106 1529 moenibus
1127 1493 1219 1528 insi-

89 1555 225 1591 derent
244 1555 354 1602 loca5
388 1558 526 1607 partim
556 1559 694 1607 togati,
727 1559 835 1595 tectis
856 1566 958 1594 veste
985 1558 1133 1606 gladiis,
1154 1551 1220 1608 qui

86 1618 162 1656 sub
191 1619 313 1656 lucem
344 1622 483 1670 apertis
515 1623 635 1672 portis
671 1623 781 1659 urbes
800 1623 1099 1672 ingrederentur.
1156 1624 1218 1661 Ab

91 1683 151 1719 his
172 1684 284 1720 simul
303 1685 478 1721 custodes
499 1687 679 1722 trucidari
701 1688 832 1737 coepti,
861 1687 972 1723 simul
992 1687 1121 1723 datum
1142 1689 1219 1737 sig-

90 1754 185 1783 n'um
205 1749 375 1791 armatis,
397 1754 440 1784 ut
458 1762 503 1786 ex
523 1751 668 1787 insidiis
699 1758 968 1788 concurrerent
986 1766 993 1787 :
1026 1753 1080 1787 ita
1100 1760 1219 1802 portae

91 1820 303 1861 occupatae,
334 1814 481 1862 triaque
524 1816 664 1865 oppida
707 1817 837 1852 eadem
873 1816 968 1852 hora
1011 1817 1219 1866 eodemque

89 1876 252 1912 consilio
271 1883 394 1926 capta.
452 1879 538 1922 Sed,
564 1881 652 1928 quia
678 1880 898 1917 absentibus
928 1880 1084 1917 ducibus
1110 1882 1218 1932 inpe-

87 1945 149 1975 tus
168 1947 225 1976 est
244 1941 380 1985 factus,
402 1942 526 1979 nullus
549 1944 681 1980 modus
703 1945 867 1981 caedibus
888 1944 983 1991 fuit3
1018 1946 1217 1996 deletaque

93 2003 292 2040 Ausonum
322 2019 429 2054 gens,
460 2008 522 2043 vix
553 2016 657 2044 certo
687 2009 911 2045 defectionis
941 2010 1111 2053 crimine,
1132 2024 1215 2061 per-
1235 2014 1378 2062 Ausones

91 2067 178 2104 inde
199 2082 241 2104 ac
263 2070 293 2104 si
315 2070 549 2109 internecivo
568 2072 670 2109 bello
691 2080 883 2109 certasset.
1233 2057 1338 2087 deleti.

149 2131 302 2169 XXVI.
350 2134 496 2171 Eodem
527 2149 643 2179 anno,
674 2137 826 2186 prodito
845 2137 1019 2173 hostibus
1039 2137 1218 2176 Romano

91 2197 282 2245 praesidio,
310 2197 473 2235 Luceria
494 2201 721 2237 Samnitium
742 2201 867 2238 facta:
900 2215 972 2238 nec
1000 2203 1060 2238 diu
1091 2205 1217 2251 prodi-

91 2260 239 2296 toribus
260 2262 435 2312 inpunita
460 2277 518 2301 res
547 2265 634 2303 fuit.
690 2265 807 2302 Haud
827 2267 960 2315 procui
994 2267 1081 2303 inde
1111 2281 1218 2304 exer-

91 2324 190 2361 citus
211 2325 409 2365 Romanus
437 2335 545 2366 erat:
578 2329 684 2381 cujus
714 2332 837 2381 primo
858 2332 990 2384 inpetu
1020 2331 1123 2377 urbs,
1145 2334 1218 2370 sita
1241 2355 1244 2357 ·
