1527 2661
285 191 439 221 LIBER
463 189 608 219 xxlv.
641 189 748 218 cAr.
773 188 964 217 xxxul.
1095 187 1175 228 411

72 282 230 332 imperio
262 283 463 331 minisque,
496 280 630 317 deinde
664 278 905 320 auctoritate)
941 277 1178 321 deterrendo,
1194 285 1236 316 U.
1252 286 1289 315 C.
1307 291 1379 316 53&

72 351 279 397 postremo,
307 354 348 383 ut
377 347 506 383 omnia
532 359 631 383 vana
662 351 784 389 erant,
815 343 925 381 obliti
954 343 1179 393 majestatis,
1194 330 1231 360 Α·
1247 329 1285 360 C‘
1300 336 1373 360 ²¹⁴·

71 410 244 460 precibus
261 411 439 460 agebant,
456 424 503 447 ne
522 410 725 461 proderent
744 409 906 460 patriam
923 409 1073 459 tyranni
1093 416 1182 446 ante

71 473 312 518 satellitibus,
346 482 384 510 et
416 480 498 511 tum
531 474 823 524 conruptoribus
854 473 1052 510 exercitus.
1111 473 1184 509 Sed

72 536 192 573 surdae
222 538 269 574 ad
297 538 377 574 haec
407 538 535 575 onmia
564 550 670 574 aures
700 537 901 574 concitatae
930 536 1182 574 multitudinis

72 607 193 645 erant,
214 614 284 639 nec
303 602 450 639 minore
469 603 569 639 intus
591 603 640 645 vi,
661 614 774 651 quam
789 600 897 645 foris,
917 606 1038 652 portae
1058 601 1184 637 effrin-

71 664 281 714 gebantur:
314 668 551 717 effractisque
580 666 771 710 omnibus,
801 672 886 702 tuto
915 666 955 702 in
982 665 1186 716 Hexapylo·

71 741 207 778 agmen
227 737 420 781 receptum
439 737 509 768 est.
564 731 750 767 Praetores
771 731 809 766 in
826 729 1083 766 Achradinam
1100 743 1186 766 cum

63 791 267 844 juventute
293 796 530 847 popularium
553 795 805 844 confugiunt:
839 795 1061 831 mercenarii
1086 794 1185 830 mili-

70 864 127 895 tes
145 859 402 911 perfugaeque,
423 867 460 897 et
479 860 661 911 quidquid
679 860 870 909 regiorum
890 858 1053 896 militum
1073 859 1185 908 Syra-

75 922 174 959 cusis
204 929 298 968 erat,
319 936 457 974 agmen
481 924 651 962 hostiurn
679 930 832 973 augent.
888 922 951 959 Ita
968 923 1188 959 Achradina

75 1000 225 1038 quoque
244 989 366 1040 primo
385 990 518 1040 inpetu
536 989 698 1040 capitur,
720 993 1000 1039 praetorumque
1018 988 1109 1036 (nisi
1124 987 1189 1037 qui

74 1053 174 1089 inter
209 1053 414 1091 tumultum
450 1053 679 1103 effugerunt)
716 1065 846 1089 omnes
880 1051 1183 1088 interficiuntur:

73 1130 154 1155 nox
181 1118 344 1155 caedibus
364 1118 478 1156 finem
501 1118 605 1156 fecit.
660 1118 822 1154 Postero
843 1117 901 1154 die
930 1118 1028 1154 servi
1056 1117 1104 1154 ad
1131 1117 1190 1169 pi-

77 1181 178 1219 leum
205 1184 346 1227 vocati,
377 1189 416 1219 et
444 1196 593 1220 carcere
628 1183 746 1218 vincti
776 1182 924 1218 emissi:
957 1181 1191 1231 confusaque

74 1244 158 1283 haec
178 1247 300 1283 omnis
320 1246 524 1284 multitudo
550 1247 831 1300 Hippocratem
850 1252 962 1296 atque
981 1245 1190 1297 Epicydem

77 1316 206 1346 creant
226 1317 429 1361 praetores:
463 1311 746 1361 Syracusaeque,
767 1323 883 1359 quum
902 1309 1015 1346 breve
1042 1316 1191 1360 tempus

75 1373 230 1411 libertas
259 1374 488 1419 adfulsisset,
509 1375 548 1412 in
578 1375 774 1424 antiquam
799 1375 1020 1411 servitutem
1048 1375 1190 1411 recide-

72 1444 172 1475 runt.

129 1501 333 1540 XXXIII.
363 1502 459 1540 Haec
488 1503 669 1539 nunciata
691 1515 806 1552 quum
835 1508 961 1539 essent
988 1501 1190 1548 Romanis,
1205 1503 1344 1536 Romani
1359 1505 1398 1536 ad

78 1579 124 1602 ex
143 1565 346 1603 Leontinis
366 1574 473 1604 mota
490 1574 579 1604 sunt
602 1567 793 1618 extemplo
814 1574 938 1604 castra
964 1568 1011 1604 ad
1031 1568 1191 1618 Syracu·
1204 1549 1390 1623 Ξζζῗὲυέῗὲ,

78 1644 150 1668 sas.
204 1633 258 1668 Et
274 1633 320 1669 ab
341 1634 468 1684 Appio
494 1633 610 1682 legati
640 1647 707 1684 per
725 1640 879 1684 portum
909 1635 1014 1670 missi
1034 1634 1134 1671 forte
1152 1635 1191 1670 in
1206 1642 1294 1666 vent.

78 1696 336 1746 quinqueremi
353 1704 483 1734 erant:
506 1699 700 1748 praemissa
717 1700 980 1747 quadriremiS,
999 1712 1113 1748 quum
1133 1700 1192 1735 in-

75 1765 214 1795 trasset
241 1759 368 1798 fauces
398 1767 545 1811 portuS,
575 1762 745 1812 capitur:
778 1761 895 1811 legati
924 1775 1023 1811 aegre
1051 1763 1192 1812 effuge-

79 1830 179 1860 runt.
234 1824 287 1860 Et
299 1823 382 1874 jam
401 1837 480 1861 non
498 1825 614 1862 modo
637 1826 754 1876 pacis,
776 1827 840 1863 sed
866 1840 913 1863 ne
932 1826 1022 1864 belli
1042 1828 1193 1877 quidem

73 1884 163 1936 jura
198 1886 331 1923 relicta
368 1895 498 1925 erant:
535 1902 651 1939 quum
687 1891 885 1929 Romanus
924 1894 1109 1930 exereitus
1147 1893 1195 1931 ad

79 1954 299 2006 Olympium
323 1956 446 2005 (Jovis
467 1958 503 1994 id
524 1959 706 2010 templum
734 1962 808 2008 est)
830 1961 932 1997 mille
952 1967 991 1997 et
1009 1962 1195 2012 quingen-

78 2019 126 2054 tis
147 2020 317 2069 passibus
339 2020 385 2056 ab
408 2021 500 2058 urbe
520 2030 643 2059 castra
662 2025 802 2074 posuit.
861 2025 956 2062 Inde
972 2038 1123 2075 quoque
1142 2026 1196 2063 le·

79 2090 189 2133 gatos
209 2087 389 2135 praemitti
415 2087 580 2136 placuit:
614 2090 750 2138 quibus
771 2104 818 2127 ne
838 2092 1024 2128 intrarent
1050 2092 1195 2136 urbem,

79 2155 186 2186 extra
213 2157 363 2200 portam
393 2151 648 2202 Hippocrates
686 2161 799 2204 atque
827 2156 1014 2206 Epicydes
1044 2156 1194 2194 obviam

79 2225 166 2249 cum
182 2214 257 2249 suis
277 2222 555 2264 processerunt.
612 2216 811 2255 Romanus
830 2226 960 2255 orator
980 2232 1051 2256 non
1066 2220 1197 2258 bellum

79 2288 115 2312 se
134 2277 382 2326 Syracusanis,
401 2282 464 2316 sed
491 2293 593 2330 opem
621 2284 866 2332 auxiliumque
892 2284 1053 2333 adferre,
1074 2285 1141 2328 ait,
1161 2290 1195 2322 et

75 2342 145 2384 cis,
165 2344 240 2391 qui,
261 2355 302 2379 ex
330 2345 448 2380 media
476 2346 569 2382 ccede
596 2347 724 2394 elapsi,
751 2347 981 2397 perfugerint
1009 2350 1059 2385 ad
1085 2361 1135 2392 se,
1164 2355 1199 2385 et

596 2408 630 2444 Τ
650 2411 672 2444 2
