1527 2661
344 175 498 204 LlssER
522 174 592 203 1x.
625 174 732 202 CAP.
755 174 896 202 κων.
1121 162 1176 217 69

61 262 200 298 nitium
220 269 394 299 voverat:
427 262 474 299 ab
496 262 628 298 eodem
649 261 870 310 collegaque
885 259 965 311 ejus
985 260 1042 297 M.
1065 261 1097 296 V
1100 261 1176 298 ale·
1192 259 1280 290 U·C·
1299 268 1375 298 447.

62 326 120 361 rio
149 325 322 362 Maximo
351 327 420 362 viae
450 339 517 376 per
549 339 659 375 agros
690 325 841 376 publica
869 327 1028 376 inpensa.
1055 302 1375 363 factae.A'C'3⁰⁵'

63 388 116 425 Et
135 402 218 425 cum
239 389 627 439 Karthaginiensibus
648 390 779 426 eodem
799 402 900 425 anno
921 389 1044 425 foedus
1063 390 1179 426 tertio
1193 386 1398 427 Karthagini-

60 459 307 489 renovatum:
339 453 549 502 legatisque
579 466 723 497 eorum,
752 453 815 502 qui
846 453 893 489 ad
922 453 958 489 id
985 459 1179 496 venerant,
1193 439 1269 511 ἓξὲξ
1268 440 1282 460 ⁵
1299 430 1345 460 le-

65 517 224 552 comiter
243 529 401 553 munera
419 517 546 553 missa.

120 578 267 616 XLIV.
296 580 538 616 Dictatorem
557 579 656 616 idem
677 592 797 615 annus
818 579 953 616 habuit
971 579 1014 615 P.
1035 579 1181 616 Corne-
1195 582 1229 613 P.
1247 581 1389 630 Corneli-

67 641 160 680 lium
191 643 423 694 Scipionem,
451 657 536 680 cum
571 645 755 692 magistro
787 644 957 692 equitum
989 643 1033 679 P.
1060 643 1183 680 Decio
1195 635 1233 657 υς
1245 625 1388 656 doetator'

67 706 206 743 RIure:
239 707 286 744 ab
320 709 380 750 iis,
419 714 576 757 propter
607 720 689 755 quae
720 708 837 742 creati
874 713 996 750 erant,
1029 708 1186 744 comitia

67 771 282 808 consularia
312 771 458 814 habita,
493 771 582 820 quia
613 777 748 806 neuter
779 771 978 807 consulum
1007 778 1187 821 potuerat

67 835 168 872 bello
188 835 331 872 abesse.
362 836 490 872 Creati
511 835 684 871 eonsules
705 834 750 871 L.
771 835 1005 879 Postumius,
1026 836 1087 872 Ti.
1106 835 1186 872 Mi-

69 901 215 937 nucius.
275 900 361 936 Hos
385 900 560 937 consules
590 900 681 936 Piso
711 900 760 939 Q.
780 899 902 936 Fabio
933 906 971 935 et
998 900 1042 936 P.
1061 899 1185 937 Decio
1201 909 1291 940 U.C.
1307 913 1381 940 448.

68 963 251 1012 subgerit,
278 964 435 1000 biennio
473 971 639 1007 exemto,
677 977 753 1013 quo
787 963 989 1000 Claudjum
1026 964 1186 1000 Volum-
1200 953 1382 984 A·C·3⁰4·

66 1028 259 1077 niumque,
282 1034 322 1064 et
342 1027 563 1064 Cornelium
582 1040 668 1064 cum
693 1027 843 1064 Marcio
869 1027 1043 1064 consules
1063 1027 1186 1065 factos

66 1092 313 1128 tradidimus:
346 1093 579 1129 memoriane
607 1091 749 1142 fugerit
778 1092 819 1128 in
853 1091 1052 1129 annalibus
1083 1093 1187 1141 dige-

67 1156 209 1199 rendis,
242 1169 290 1192 an
328 1155 503 1192 consulto
538 1156 650 1193 binos
689 1155 876 1199 consules,
913 1155 1029 1192 falsos
1066 1163 1185 1208 ratus,

70 1221 360 1263 transcenderit,
390 1221 576 1257 incertum
597 1227 667 1257 est.
714 1220 861 1256 Eodem
891 1233 992 1256 anno
1015 1222 1056 1256 in
1085 1234 1188 1258 cam-

72 1297 163 1335 pum
183 1284 378 1321 Stellatem
399 1285 480 1333 agri
498 1285 684 1335 Campani
705 1286 931 1321 Samnitium
951 1285 1187 1322 incursiones

72 1348 195 1385 factae.
238 1348 374 1397 Itaque
407 1348 520 1384 ambo
551 1348 740 1392 consules,
772 1349 811 1384 in
841 1349 1037 1384 Samnium
1068 1350 1186 1393 missi,
1202 1355 1290 1386 Coss.
1308 1356 1341 1386 in

69 1426 187 1462 quum
206 1413 369 1449 diversas
398 1413 587 1461 regioneS,
615 1412 816 1449 Tifernum
845 1413 1079 1457 Postumius,
1108 1413 1187 1450 Bo-
1201 1400 1375 1473 ἓὲἓῗῑωη

71 1479 223 1514 vianum
249 1477 458 1520 Minucius,
488 1478 696 1528 petissent;
729 1477 918 1513 Postumii
944 1478 1046 1527 prius
1075 1479 1191 1515 ductu

70 1543 121 1580 ad
148 1543 346 1580 Tifernum
374 1549 598 1592 pugnatum.
627 1543 707 1579 Alii
725 1542 828 1579 haud
856 1542 969 1579 dubie
1000 1544 1190 1581 Samnites

72 1609 210 1651 victos,
241 1620 283 1644 ac
311 1608 447 1656 viginti
475 1607 594 1644 millia
626 1608 825 1644 hominum
863 1614 975 1658 capta
1010 1608 1189 1644 tradunt:

68 1672 137 1709 alii
165 1672 292 1709 Marte
322 1685 431 1722 aequo
451 1671 671 1715 discessum,
698 1679 736 1709 et
764 1672 1019 1716 Postumium,
1049 1679 1193 1710 metum

71 1736 315 1773 simulantem
333 1742 523 1772 nocturno
544 1736 693 1778 itinere,
715 1735 810 1772 clam
831 1737 871 1771 in
890 1742 1040 1772 montes
1062 1737 1191 1787 copias

74 1800 298 1837 abduxisse:
328 1801 458 1836 hostes
479 1806 629 1836 secutos
650 1800 724 1836 duo
747 1800 865 1836 millia
884 1801 971 1836 inde
996 1799 1089 1836 locis
1109 1813 1192 1837 mu-

76 1865 166 1901 nitis
196 1871 233 1901 et
261 1866 363 1915 ipsos
393 1865 620 1901 consedisse.
665 1864 823 1907 Consul,
861 1872 904 1900 ut
939 1865 1078 1901 stativa
1108 1871 1194 1901 tuta

77 1929 306 1979 copiosaque
324 1930 380 1977 (et
399 1930 453 1965 ita
473 1929 597 1973 erant)
616 1929 755 1978 petisse
770 1928 973 1972 videretur,
990 1935 1193 1978 postquam

77 2000 115 2028 et
134 1993 377 2029 munimentis
398 2000 522 2029 castra
541 1992 717 2035 firmavit,
740 2002 778 2028 et
799 1993 903 2028 omni
930 1992 1116 2042 adparatu
1135 2004 1194 2028 re-

76 2069 160 2094 rum
193 2057 342 2093 utilium
375 2057 579 2103 instruxit3
619 2056 753 2093 relicto
784 2056 892 2092 firmo
926 2056 1117 2106 praesidio,
1151 2056 1197 2093 de

78 2121 209 2170 vigilia
226 2122 352 2165 tertia,
374 2134 448 2171 qua
467 2121 553 2157 duci
572 2121 744 2171 proxime
763 2126 905 2171 potest,
927 2120 1121 2169 expeditas
1141 2119 1197 2156 le-

80 2186 214 2234 giones
244 2185 291 2221 ad
311 2184 511 2234 collegam,
533 2191 571 2221 et
599 2185 722 2235 ipsum
742 2185 917 2220 adversus
947 2183 1041 2220 alios
1063 2183 1196 2219 seden-

78 2255 169 2292 tem,
191 2249 316 2285 ducit:
351 2248 429 2293 ubi,
458 2254 614 2285 auctore
642 2248 855 2290 Postumio,
886 2246 1080 2284 Minucius
1109 2259 1196 2284 cum
1208 2261 1369 2293 Samnites

82 2312 252 2349 hostibus
284 2313 392 2363 signa
421 2312 592 2358 confert3
626 2319 677 2357 et,
708 2325 823 2362 quum
851 2324 990 2362 anceps
1020 2306 1392 2362 proeliumvmcumffl'·
