1527 2661
345 203 499 232 LIBER
523 201 641 230 xxv.
675 201 780 229 CAP.
805 201 984 229 xxxv1.
1137 188 1217 241 487

98 288 267 338 jungeret
281 295 409 340 copias.
468 291 538 327 His
559 290 692 326 auxius
711 290 808 325 curis
830 289 866 324 id
887 289 1000 324 modo
1021 301 1100 324 esse
1121 289 1220 325 salu-

107 359 187 389 tare
207 355 245 389 in
264 367 425 404 praesens
448 353 636 395 credebat,
659 353 790 388 cedere
810 353 910 395 inde,
931 359 1113 401 quantum
1134 365 1221 402 pos-

108 424 187 453 set:
221 425 258 454 et
286 419 373 455 inde
404 432 477 454 una
506 425 633 460 nocte,
664 418 804 466 ignaris
834 417 1022 458 hostibus,
1053 422 1090 450 et
1115 416 1165 450 ob
1186 415 1224 450 id

105 481 258 528 quietis,
279 481 514 530 aliquantum
535 493 706 516 emensus
725 486 781 514 est
800 480 883 514 iter.
940 477 1059 520 Luce,
1079 484 1120 513 ut
1139 490 1223 513 sen-

110 550 241 579 serunt
269 544 460 592 profectos
494 544 637 584 hostes,
668 542 869 591 praemissis
899 541 1090 584 Numidis,
1112 554 1224 590 quam

109 612 287 655 poterant
301 608 464 643 maxime
481 607 597 642 citato
611 606 760 655 agmine
773 606 878 654 sequi
895 611 1091 656 coeperunt
1106 620 1113 641 :
1136 612 1224 642 ante

108 676 260 706 noctem
281 671 447 707 adsecuti
463 671 655 714 Numidae,
671 683 771 706 nunc
792 670 838 706 ab
855 679 976 719 tergo,
993 682 1093 706 nunc
1110 671 1149 705 in
1168 669 1222 706 la-

106 740 188 769 tera
217 735 463 770 incursantes.
522 735 740 770 Consistere
778 740 988 783 coeperunt,
1027 733 1083 770 ac'
1106 735 1223 770 tutari

107 809 257 845 agmen,
275 806 459 847 quantum
474 804 653 848 possent,
687 805 828 840 tamen,
844 804 929 833 tuto
947 804 986 834 ut
1002 798 1112 834 simul
1125 811 1222 848 pug-

105 867 241 897 narent
253 862 587 911 procederentque,
604 863 731 912 Scipio
746 862 987 905 hortabatur,
1004 863 1222 913 priusquam

108 925 296 976 pedestres
318 927 436 976 eopiae
456 927 762 975 adsequerentur.

162 989 356 1025 XXXVI.
387 990 563 1026 Ceterum
579 1002 679 1026 nunc
699 990 862 1038 agendo,
880 1003 980 1026 nunc
1000 991 1221 1027 sustinendo

109 1066 260 1103 agmen,
281 1067 396 1103 quum
426 1054 655 1103 aliquamdiu
684 1055 786 1090 haud
814 1054 974 1090 multum
1004 1056 1222 1104 procedere-

110 1123 186 1160 tur,
207 1123 245 1153 et
269 1130 347 1154 nox
360 1117 443 1168 jam
469 1118 641 1161 instaret,
662 1125 814 1154 revocat
834 1131 853 1153 e
873 1118 1009 1168 proelio
1036 1131 1121 1155 suos
1144 1120 1224 1155 Sci-

110 1182 199 1230 pio:
232 1188 270 1218 et
296 1181 488 1218 conlectos
517 1183 555 1218 in
584 1182 772 1218 tumulum
800 1183 1013 1231 quemdam,
1044 1196 1120 1218 non
1142 1184 1224 1232 qui-

108 1245 195 1283 dem
214 1247 304 1282 satis
325 1253 462 1290 tutum,
484 1248 708 1297 (praesertim
725 1248 865 1296 agmini
882 1246 1071 1297 perculso)
1091 1248 1225 1284 editio·

113 1322 192 1346 rem
212 1316 353 1353 tamen,
375 1324 486 1360 quam
513 1318 638 1347 cetera
657 1312 753 1347 circa
782 1317 901 1353 erant,
922 1311 1109 1348 subducit.
1166 1311 1226 1349 Ibi

113 1375 250 1425 primo,
269 1375 534 1424 inpedimentis
562 1382 599 1411 et
619 1377 788 1424 equitatu
809 1377 846 1411 in
867 1376 1031 1411 medium
1051 1378 1225 1426 receptiS,

114 1439 336 1475 circumdati
356 1440 498 1489 pedites
519 1440 620 1476 haud
639 1440 836 1477 difficulter
856 1441 1004 1490 inpetus
1030 1441 1225 1476 incursau-

109 1504 207 1538 tium
222 1503 473 1540 Numidarum
490 1504 670 1540 arcebant
685 1519 692 1540 :
725 1504 825 1547 dein,
842 1511 1043 1554 postquam
1059 1512 1141 1541 toto
1158 1518 1224 1554 ag-

111 1567 214 1602 mine
246 1572 320 1602 tres
353 1567 600 1617 imperatores
639 1581 725 1604 cum
755 1568 874 1604 tribus
905 1567 1020 1618 justis
1051 1571 1225 1605 exerciti-

112 1630 182 1666 bus
203 1631 370 1673 aderant,
388 1632 683 1681 adparebatque,
701 1645 833 1682 parum
850 1634 961 1668 armis
978 1633 1024 1668 ad
1044 1634 1227 1670 tuendum

111 1692 239 1729 locum
262 1694 342 1729 sine
371 1695 608 1731 munimento
628 1695 809 1731 valituros
841 1709 944 1741 esse3
977 1697 1226 1746 circumspec-

114 1764 194 1792 tare
214 1764 325 1806 atque
353 1759 497 1806 agitare
525 1759 601 1794 dux
632 1760 761 1809 coepit,
793 1761 821 1794 si
853 1773 927 1808 quo
957 1761 1068 1796 modo
1099 1771 1226 1810 posset

113 1820 252 1856 vallum
272 1821 590 1871 circuminjicere:
623 1823 688 1858 sed
708 1829 788 1859 erat
805 1824 898 1859 adeo
918 1824 1039 1859 nudus
1060 1825 1225 1862 tumulus

114 1891 152 1920 et
172 1885 291 1934 asperi
313 1885 397 1927 soli,
418 1893 457 1921 ut
476 1898 545 1921 nec
562 1886 723 1934 virgulta
739 1886 836 1922 vallo
858 1887 1049 1930 caedendo,
1066 1901 1135 1924 nec
1152 1895 1226 1925 ter-

113 1961 156 1984 ra
185 1949 316 1998 cespiti
345 1949 533 1992 faciendo,
565 1957 629 1986 aut
657 1951 836 1987 ducendae
867 1951 992 1995 fossae,
1022 1953 1132 1988 aliive
1163 1953 1227 1989 ulli

112 2013 218 2061 operi
238 2019 326 2062 apta
345 2014 504 2049 inveniri
524 2021 673 2064 posset:
706 2027 775 2051 nec
795 2022 931 2051 natura
945 2017 1146 2065 quidquam
1168 2030 1228 2053 sa-

114 2076 161 2110 tis
183 2075 339 2111 arduum
355 2082 420 2112 aut
439 2076 626 2113 abscisum
647 2084 740 2120 erat,
759 2079 859 2127 quod
877 2079 980 2114 hosti
1000 2080 1141 2116 aditum
1161 2081 1227 2117 ad-

114 2151 334 2176 scensumve
363 2140 549 2176 difficilem
578 2141 784 2191 p1·oeberet;
817 2143 946 2179 omnia
970 2143 1124 2192 fastigio
1154 2144 1228 2181 leni

115 2202 293 2239 subvexa.
355 2204 407 2240 Ut
426 2212 552 2240 tamen
573 2205 735 2254 aliquam
752 2207 956 2255 imaginem
977 2207 1064 2243 valli
1084 2207 1229 2258 objice-

115 2275 214 2310 rent,
236 2269 392 2305 clitellas
425 2270 600 2319 inligatas
621 2271 813 2314 oneribus,
842 2271 943 2307 velut
970 2278 1156 2308 struentes
1182 2273 1230 2309 ad

115 2331 353 2369 altitudinem
391 2333 557 2378 solitam,
589 2335 899 2380 circumdabant,
932 2335 1082 2371 cumulo
1113 2337 1227 2372 sarci-

631 2398 712 2434 Y4

1234 294 1275 324 U.
1288 293 1323 323 C.
1344 300 1415 323 540.

1233 338 1272 367 A.
1287 335 1324 367 C.
1342 342 1416 367 212.
