1527 2661
262 182 343 225 294
488 190 491 193 ·
707 183 752 211 T.
780 184 912 213 L1v11

70 272 159 303 U.C.
177 276 353 314 matare,
388 276 486 307 emta
513 269 661 320 publice
689 279 936 309 armaverunt.
992 271 1068 308 Hic
1096 271 1200 308 miles
1232 272 1349 322 magis

68 316 106 345 Α·
120 315 156 344 C'
174 321 246 346 ‘²¹⁶'
259 334 413 384 placuit,
451 348 563 383 quum
599 336 720 385 pretio
757 336 900 372 minore
942 336 1146 372 redimendi
1182 336 1349 386 captivos

260 399 367 448 copia
387 398 502 435 fieret.

310 462 457 499 LVIII.
486 463 660 512 Namque
688 462 896 505 Hannibal,
927 463 1129 499 secundum
1157 469 1232 499 tam
1262 476 1350 513 pro-

259 540 403 577 speram
433 528 477 563 ad
505 528 654 564 Cannas
683 540 861 577 pugnam,
894 528 1046 563 victoris
1079 527 1210 576 magis,
1241 540 1351 576 quam

258 591 396 627 bellum
417 592 594 639 gerentis,
616 591 780 627 intentus
804 592 914 634 curis,
936 604 1063 640 quum,
1085 591 1238 641 captivis
1264 603 1352 641 pro-

259 656 376 691 ductis
401 657 692 705 segregatisque,
721 656 856 699 socios,
878 657 973 692 sicut
998 662 1085 692 ante
1103 656 1150 692 ad
1175 655 1352 692 Trebiam

257 720 591 770 Trasimenumque
609 721 746 764 lacum,
762 720 924 769 benigne
944 720 1152 763 adlocutusg
1170 720 1250 755 sine
1267 732 1352 769 pre-

255 786 310 821 tio
323 785 522 822 dimisisset
538 803 545 829 ς
568 785 762 822 Romanos
780 797 926 834 quoque
942 791 1094 821 vocatos
1111 784 1229 834 (quod
1243 796 1352 820 num-

258 863 367 899 quam
397 849 488 886 alias
517 850 644 896 antea)
677 850 765 885 satis
795 850 876 885 miti
906 861 1076 885 sermone
1112 847 1348 896 adloquitur:

64 904 230 978 ἕξὲἓῑέἒ·
258 916 340 951 Non
368 916 621 950 interneciuum
647 914 711 950 sibi
739 926 808 949 esse
836 926 912 949 cum
933 914 1104 949 Romanis
1129 912 1282 948 bellum.-
1309 913 1354 948 de

67 992 105 1020 ad
122 992 219 1030 capti·
256 981 429 1027 (lignitate
447 985 552 1027 atque
568 980 714 1027 imperio
734 984 879 1015 certare.
936 980 987 1014 Et
1002 984 1121 1027 patres
1134 979 1261 1014 virtuti
1276 977 1349 1013 Ro-

64 1043 119 1064 vos
133 1034 228 1064 Rom.
255 1057 369 1080 manae
394 1046 551 1080 cessisse:
582 1048 616 1078 et
639 1056 674 1078 se
694 1045 730 1079 id
755 1045 882 1086 adniti,
902 1048 941 1079 ut
965 1056 1034 1079 suae
1055 1045 1091 1079 in
1109 1044 1218 1079 vicem
1245 1036 1351 1078 simu'l

244 1109 423 1158 felicitati
448 1113 481 1143 et
499 1109 625 1144 virtuti
643 1109 800 1144 cedatur.
857 1108 984 1156 Itaque
1000 1109 1193 1143 redimendi
1210 1119 1246 1143 se
1264 1119 1350 1155 cap-

258 1175 337 1210 tivis
365 1175 502 1221 copiam
518 1172 672 1220 facere:
697 1173 850 1220 pretium
875 1171 963 1220 fore
998 1174 1035 1207 in
1071 1173 1204 1219 capita,
1241 1172 1353 1219 equiti

258 1240 449 1286 quingenos
466 1237 697 1285 quadrigatos
723 1248 894 1278 nummos,
926 1240 1078 1271 trecenos
1096 1236 1224 1283 pediti,
1252 1247 1351 1271 servo

258 1308 406 1339 centum.
462 1302 699 1350 Quamquam
726 1300 958 1349 aliquantum
984 1298 1228 1349 adjiciebatur
1246 1300 1350 1349 equi-

255 1366 355 1402 tibus
383 1366 429 1402 ad
457 1367 494 1402 id
522 1366 696 1416 pretium,
718 1366 817 1415 quod
844 1366 1064 1415 pepigerant
1082 1364 1256 1401 dedentes
1285 1377 1349 1410 se3

254 1430 332 1467 laeti
367 1436 493 1466 tamen
531 1443 802 1479 quamcumque
839 1429 1094 1465 conditionem
1137 1428 1349 1478 paciscendi

63 1495 170 1543 Legati
255 1500 488 1543 acceperunt.
528 1493 676 1529 Placuit
694 1494 871 1541 suffragio
890 1494 1055 1542 ipsorum
1075 1492 1200 1528 decem
1220 1492 1348 1541 deligi,

62 1544 199 1611 ‘affl-vo-
253 1559 318 1608 qui
328 1558 492 1595 Romam
507 1558 553 1594 ad
565 1563 734 1594 senatum
750 1558 845 1593 irent
862 1572 868 1592 :
900 1570 968 1593 nec
983 1558 1117 1607 pignus
1133 1556 1233 1593 aliud
1248 1556 1348 1601 fidei,

253 1636 364 1672 quam
388 1630 429 1659 ut
444 1622 618 1672 jurarent
647 1635 685 1658 se
716 1622 915 1664 redituros,
944 1627 1150 1670 acceptum.
1206 1620 1347 1656 Missus

254 1701 339 1724 cum
367 1688 424 1723 his
451 1687 639 1723 Karthalo
669 1686 806 1722 nobilis
833 1686 1186 1734 Karthaginiensis:
1218 1686 1295 1734 qui,
1316 1685 1348 1721 si

253 1752 351 1788 forte
371 1753 417 1788 ad
436 1764 565 1802 pacem
591 1751 815 1787 inclinarent
841 1751 999 1793 animos,
1021 1750 1254 1786 conditiones
1273 1749 1349 1786 fer-

253 1824 320 1853 ret.
378 1818 504 1856 Quum
525 1817 661 1866 egressi
677 1817 806 1852 castris
826 1822 962 1858 essent,
985 1828 1078 1852 unus
1099 1827 1145 1851 ex
1163 1816 1222 1858 iis,
1238 1814 1349 1850 mini-

256 1895 314 1918 me
333 1882 498 1918 Romani
520 1882 659 1930 ingenii
682 1882 810 1923 homo,
832 1881 932 1916 velut
957 1880 1096 1929 aliquid
1114 1879 1267 1923 oblitus,
1282 1878 1347 1929 ju-

252 1946 451 1996 risjurandi
480 1946 644 1982 solvendi
675 1957 804 1981 caussa
823 1958 936 1994 quum
961 1945 1000 1980 in
1030 1950 1151 1980 castra
1178 1944 1348 1986 redisset,

252 2018 339 2047 ante
357 2016 507 2047 noctem
533 2011 687 2046 comites
717 2010 942 2059 adsequitur.
1000 2009 1077 2045 Ubi
1103 2021 1165 2044 eos
1185 2007 1349 2044 Romam

251 2076 376 2112 venire
394 2076 613 2111 nunciatum
632 2080 700 2117 est,
719 2074 947 2110 Karthaloni
967 2074 1115 2109 obviam
1130 2072 1240 2109 lictor
1259 2072 1347 2107 mis-

251 2152 326 2182 sus,
347 2139 409 2187 qui
429 2139 621 2175 dictatoris
641 2137 760 2174 verbis
787 2139 994 2181 nunciaret,
1015 2144 1056 2173 ut
1082 2143 1167 2173 ante
1195 2141 1345 2172 noctem

251 2204 443 2240 excederet
461 2202 595 2239 finibus
611 2194 809 2240 Romanis.

60 2256 208 2337 {333¹ssssss
304 2268 413 2305 LIX.
446 2267 599 2316 Legatis
633 2269 866 2317 captivorum
900 2273 1049 2303 senatus
1086 2265 1133 2302 ab
1162 2265 1347 2302 dictatore

59 2343 156 2370 oratio
174 2341 205 2370 in
252 2333 358 2370 datus
379 2339 446 2369 est.
492 2332 661 2372 Quorum
682 2333 852 2383 princeps
871 2332 927 2369 M.
947 2331 970 2368 J
975 2332 1095 2374 uniuS‚
1118 2331 1244 2367 Patres
1262 2341 1344 2365 cou-

61 2390 185 2415 Senatu.
