1527 2661
337 186 422 240 348
807 203 853 232 r.
878 204 1013 234 mvn

142 289 186 320 U.
201 290 236 321 C.
251 298 324 328 ⁵37·
338 283 504 321 bentem.
561 285 622 323 Ibi
641 287 828 339 intrepide
845 291 1104 341 Xenophanes
1121 291 1323 342 legationis
1343 294 1446 344 prin-

145 335 184 363 Α.
198 334 235 365 C.
251 342 325 368 215.
339 359 439 399 ceps,

461 363 483 385 a
501 349 679 401 Philippo
705 365 794 401 rege
819 366 858 389 se
878 355 1046 399 missum,
1074 357 1140 400 ait,
1169 356 1215 393 ad
1242 357 1447 393 amicitiam

338 414 635 463 societatemque
665 413 903 464 jungendam
940 431 1025 455 cum
1062 420 1204 470 populo
1240 420 1420 457 Romano
1432 435 1445 466 3

336 478 515 514 mandata
529 478 669 515 habere
686 480 732 516 ad
748 482 920 518 consules
940 496 984 519 ac
1003 492 1174 520 senatum
1191 485 1446 535 populumque

311 539 567 596 'Romanunm
624 542 731 579 Inter
767 544 996 582 defectiones
1034 554 1202 584 veterum
1242 548 1446 591 sociorum,

334 605 522 649 Valerius,
542 619 640 643 nova
661 608 843 645 societate
861 616 939 646 tam
959 610 1049 647 clari
1069 612 1167 660 regis
1186 611 1296 649 laetus
1315 612 1447 648 admo-

332 669 435 712 dum,
469 670 598 706 hostes
627 683 696 721 pro
732 672 945 722 hospitibus
977 676 1136 711 comiter
1167 676 1335 726 accepit:
1367 675 1446 720 dat,

331 733 397 781 qui
423 742 715 783 prosequantur,
746 737 883 773 itinera
920 751 1003 774 cum
1042 752 1131 775 cura
1167 739 1441 781 demonstrent,

329 809 415 845 quae
435 797 532 841 loca,
556 811 726 847 quosque
746 799 877 843 saltus,
899 808 965 837 aut
987 801 1197 846 Romanus,
1218 809 1284 839 aut
1312 803 1441 838 hostes

327 869 498 898 teneant.
530 863 789 912 Xenophanes
802 877 873 914 per
887 866 1059 914 praesidia
1078 866 1256 902 Romana
1270 867 1309 902 in
1326 867 1441 903 Cam-

328 927 496 975 paniam,
517 927 619 969 inde,
641 941 715 976 qua
737 930 951 978 proximum
971 930 1057 972 fuit,
1079 932 1118 966 in
1145 937 1269 967 castra
1288 929 1441 967 Hanni-

327 989 424 1026 balis
451 993 636 1041 pervenit,
666 992 865 1041 foedusque
895 1006 979 1029 cum
1009 1007 1054 1029 eo
1084 1001 1197 1043 atque
1234 995 1440 1031 amicitiam

135 1053 453 1105 Foedusin-junxit
484 1055 630 1105 legibus
661 1058 742 1093 his:
776 1063 816 1093 ut
842 1059 1036 1106 Philippus
1064 1071 1126 1094 rex
1150 1072 1258 1107 quam
1283 1061 1442 1096 maxima

132 1102 178 1125 ter
195 1096 268 1126 Phi-

131 1138 257 1178 lippum
273 1148 303 1171 et
328 1122 439 1156 classe
467 1122 653 1167 (ducentas
681 1127 801 1178 autem
830 1134 934 1158 naves
961 1123 1149 1158 videbatur
1173 1123 1376 1172 effecturus)
1405 1125 1443 1158 in

134 1181 299 1213 Hanniba-
329 1186 477 1221 Italiam
506 1185 698 1231 trajiceret,
727 1192 761 1222 et
788 1193 947 1223 vastaret
974 1189 1198 1223 maritimam
1225 1199 1351 1223 oram:
1369 1187 1441 1223 bel-

131 1224 206 1255 lem.

130 1761 233 1800 Legati

127 1803 240 1834 Poeno-

126 1857 199 1876 zum
216 1849 254 1877 ad

126 1890 243 1930 Philip-

126 1942 216 1970 pum.

326 1252 397 1286 lum
416 1263 482 1298 pro
499 1255 606 1298 parte
627 1263 692 1286 sua
713 1257 808 1287 terra
834 1253 997 1299 marique
1011 1257 1152 1299 gereret
1165 1268 1175 1287 .·
1205 1252 1265 1287 ubi
1283 1251 1439 1287 debella-

326 1321 401 1351 tum
427 1321 526 1357 esset,
550 1316 663 1351 Italia
689 1317 801 1351 omnis
826 1328 903 1351 cum
931 1317 1010 1363 ipsa
1033 1316 1118 1352 urbe
1138 1315 1256 1351 Roma
1275 1316 1439 1352 Kartha-

318 1382 538 1427 giniensium
575 1386 682 1428 atque
709 1381 928 1416 Hannibalis
960 1385 1060 1423 esset,
1095 1382 1290 1428 praedaque
1326 1381 1440 1416 omnis

323 1445 525 1480 Hannibali
555 1446 703 1480 cederet.
756 1445 968 1480 Perdomita
998 1446 1125 1485 Italia,
1159 1447 1372 1491 navigarent
1399 1446 1437 1480 in

323 1509 517 1549 Gmaeciczm,
553 1509 764 1555 bellumque,
811 1521 890 1544 cum
926 1509 1048 1556 quibus
1083 1508 1221 1555 regibus
1259 1509 1435 1555 placeret,

320 1577 508 1619 gererent:
545 1584 621 1620 qzeae
657 1573 819 1607 civitates
858 1573 1083 1612 continentis,
1118 1583 1195 1619 quae
1229 1573 1353 1606 insulae
1388 1573 1437 1606 ad

323 1637 576 1672 Macedoniam
613 1641 776 1683 vergunt,
807 1648 856 1671 ece
884 1636 1050 1683 Philippi
1084 1637 1253 1683 regnique
1280 1633 1353 1681 ejus
1381 1647 1434 1671 es—

322 1706 410 1736 sent.

376 1763 571 1799 XXXIV.
603 1762 649 1798 In
667 1763 734 1798 has
754 1763 872 1798 ferme
891 1760 992 1809 leges
1012 1762 1111 1797 inter
1125 1761 1286 1797 Poenum
1302 1761 1434 1798 ducem

322 1827 543 1876 legatosque
562 1827 819 1862 Macedonum
844 1827 960 1862 ictum
980 1825 1118 1869 foedus,
1146 1826 1324 1874 missique
1347 1839 1432 1862 cum

322 1894 366 1928 iis
387 1894 432 1929 ad
454 1894 551 1941 regis
572 1893 688 1941 ipsius
710 1892 930 1928 firmandam
952 1891 1062 1927 fidem
1081 1891 1211 1940 legati,
1234 1891 1368 1940 Gisgo,
1393 1899 1432 1928 et

320 1957 473 1999 Bostar,
505 1964 543 1992 et
567 1957 702 2005 Mago,
733 1957 866 1992 eodem
896 1955 943 1991 ad
961 1955 1125 1990 Junonis
1151 1954 1334 1997 Laciniae,
1366 1955 1432 1991 ubi

319 2022 425 2056 navis
445 2020 595 2056 occulta
615 2021 652 2055 in
670 2021 833 2056 statione
852 2019 1209 2068 e1·at,-perveniunt:
1240 2018 1328 2054 inde
1343 2031 1431 2067 pro-

318 2086 423 2128 fecti,
446 2084 656 2134 quumjam
683 2085 802 2120 altum
832 2089 1019 2124 tenerent,
1048 2082 1243 2131 conspecti
1269 2094 1291 2117 a
1311 2081 1429 2118 classe

305 2149 497 2186 -Romana
517 2155 617 2191 sunt,
637 2162 719 2197 quae
739 2148 917 2197 praesidio
937 2153 1017 2181 erat
1035 2145 1220 2181 Calabriae
1240 2144 1428 2182 litoribus.

127 2211 307 2249 Capiumur
319 2214 360 2251 P.
377 2213 550 2249 Valerius
567 2212 724 2248 Flaccus
741 2223 914 2248 cercuros
931 2210 978 2246 ad
997 2208 1292 2259 persequendam
1309 2216 1427 2245 retra-

122 2262 139 2282 a
155 2253 272 2284 Roma-

123 2300 181 2329 uis.

317 2279 554 2326 hendamque
596 2288 730 2311 navem
768 2287 882 2324 quum
924 2274 1102 2315 misisset,
1138 2273 1263 2323 primo
1298 2272 1430 2321 fugere

316 2343 408 2391 regii
437 2341 587 2377 conati:
621 2339 770 2382 deinde,
791 2338 855 2375 ubi
879 2337 1072 2374 celeritate
1091 2336 1190 2372 vinci
1214 2342 1428 2379 senserunt,
