1527 2661
396 457 740 504 EPITOME
784 459 1003 507 LIBRI
1035 442 1238 509 xxm.

285 783 512 862 CAMPA
522 783 589 819 NI
608 785 656 819 acl
674 784 916 820 Hannibalem
941 782 1156 831 defecerunt.
1213 784 1371 822 Nuncz'us

368 849 557 884 Cannensis
574 849 729 883 victoriae
747 848 858 894 Mago
878 847 1138 895 Karthaginem
1158 849 1280 885 missus
1303 863 1369 886 an-

273 915 375 950 nulos
400 924 536 953 aureos,
564 925 586 947 a
613 912 733 959 digitis
758 913 949 947 occisorum
968 911 1212 949 Romanorum
1232 915 1369 950 detrac-

275 983 339 1020 tos,
370 980 406 1013 in
435 976 600 1013 vestibulo
633 977 738 1012 curiae
767 977 916 1025 effudit:
944 989 1028 1024 quos
1055 980 1232 1013 excessisse
1260 980 1371 1016 modii

274 1054 469 1078 mensuram
500 1042 664 1076 traditur.
712 1041 800 1076 Post
827 1053 928 1088 quem
955 1043 1120 1077 nuncium
1144 1043 1289 1085 Hanno,
1315 1046 1370 1079 vir

272 1119 314 1143 ex
332 1107 448 1142 Poenis
473 1106 712 1147 nobilissimus,
738 1105 907 1140 suadebat
930 1109 1068 1142 senatui
1086 1092 1375 1154 Karthaginienss

270 1173 374 1213 sium,
394 1175 436 1206 ut
451 1182 574 1218 pacem
590 1183 611 1205 a
627 1170 762 1217 popul-0
777 1170 940 1205 Romano
954 1175 1138 1218 peterent:
1166 1183 1228 1207 nec
1243 1173 1368 1215 tenuit,

271 1235 487 1282 obstrepente
500 1234 655 1269 Barcina
659 1232 834 1280 factione.
884 1233 1056 1270 Claudius
1071 1235 1266 1272 Marcellus
1276 1249 1369 1284 prae-

273 1303 328 1335 tor
353 1299 400 1334 ad
420 1298 564 1339 Nolam,
589 1299 772 1344 eruptione
796 1298 960 1333 adversus
985 1299 1222 1335 Hannibalem
1247 1312 1289 1336 ex
1306 1313 1369 1348 op-

269 1365 355 1412 pido
374 1362 498 1411 sacta,
526 1374 693 1410 prospere
714 1364 899 1421 pugnavit.
947 1363 1134 1399 Exercitus
1157 1364 1371 1402 Hannibalis

270 1440 334 1475 per
353 1428 494 1463 hiberna
517 1426 647 1474 Capuae
668 1429 719 1462 ita
746 1428 946 1463 luxuriatus
964 1433 1026 1470 est,
1048 1433 1088 1464 ut
1106 1441 1291 1476 corporum
1316 1431 1368 1465 vi-

272 1493 366 1528 ribus
385 1497 490 1539 atque
508 1493 705 1526 animorum
732 1497 968 1528 enervaretur.
1018 1493 1225 1535 Casilinum,
1246 1506 1268 1528 a
1288 1494 1369 1530 Poe-

272 1559 327 1593 nis
355 1556 536 1597 obsessum,
559 1557 609 1591 ita
627 1555 734 1604 fame
762 1561 925 1592 vexatum
945 1562 1007 1599 est,
1037 1562 1077 1593 ut
1097 1559 1173 1593 lora
1201 1563 1236 1593 et
1259 1559 1371 1606 pelles

272 1622 379 1656 scutis
409 1622 599 1661 detractas,
631 1622 713 1655 item
744 1633 870 1663 mures,
900 1626 1010 1656 essent
1020 1638 1032 1665 ‚-
1061 1627 1096 1657 et
1124 1622 1278 1665 nucibus,
1306 1634 1371 1670 per

279 1685 493 1720 Vulturnum
513 1696 650 1719 amnem
671 1697 693 1719 a
708 1684 880 1720 Romanis
897 1686 1020 1727 missis,
1041 1686 1200 1721 vixerint.
1258 1686 1370 1722 Sena-

274 1754 328 1784 tus
346 1761 389 1785 ex·
405 1747 555 1796 equestri
573 1750 694 1784 ordine
713 1749 906 1785 hominibus
925 1754 1062 1785 centum
1082 1752 1274 1797 nonaginta
1291 1762 1368 1799 sep-

275 1817 344 1849 tem
368 1814 546 1861 suppletus
565 1818 625 1849 est.
673 1813 715 1849 L.
731 1814 934 1849 Postumius
953 1818 1087 1862 proetor
1111 1826 1133 1849 α
1157 1815 1272 1849 Gallis
1293 1827 1371 1850 cum

272 1879 423 1912 exercitu
457 1889 561 1912 casus
591 1882 651 1912 est.
709 1876 770 1913 Cn.
802 1882 834 1912 et
855 1878 898 1912 P.
916 1864 1096 1924 Scipiones
1126 1879 1161 1913 in
1195 1878 1375 1925 Hispania

272 1941 531 1976 Hasdrubalem
565 1943 730 1983 vicerunt,
766 1947 798 1979 et
828 1943 1040 1989 Hispaniam
1073 1954 1172 1977 suam
1190 1941 1368 1990 fecerunt.

273 2005 447 2053 Reliquiae
465 2005 655 2041 Cannensis
674 2009 844 2042 exercitus
863 2008 894 2042 in
912 2007 1074 2042 Siciliam
1089 2008 1253 2054 relegatce
1264 2012 1368 2049 sunt;

270 2082 314 2106 ne
340 2071 446 2105 recessu
460 2076 536 2105 rent
564 2072 656 2112 inde,
678 2073 744 2106 nisi
761 2073 871 2120 finito
893 2072 991 2107 bello.
1042 2072 1140 2106 Inter
1160 2071 1370 2119 Philippum

273 2133 509 2170 Macedonum
537 2147 650 2181 rege-m
678 2140 712 2170 et
730 2135 969 2170 Hannibalem
992 2137 1138 2170 societas
1153 2134 1281 2181 juncta
1307 2139 1368 2171 est.

274 2197 502 2245 Sempronius
524 2198 702 2234 Gracchus
729 2200 849 2234 consul
870 2199 1068 2246 Campanos
1087 2199 1221 2234 cecidit.
1269 2199 1369 2234 Pra’-

274 2266 368 2297 terea
384 2263 420 2297 in
436 2263 604 2298 Sardinia
614 2263 778 2312 feliciter
793 2277 816 2299 a
837 2265 874 2299 T.
889 2264 1028 2299 Manlio
1039 2259 1190 2311 praetore
1205 2263 1369 2298 adversus

273 2326 397 2362 Poenos
416 2327 615 2376 Sardosque
633 2340 687 2364 res
699 2333 814 2376 gestas
829 2329 1006 2364 continet:
1036 2340 1058 2363 α
1077 2339 1144 2375 quo
1158 2327 1365 2364 Hasdrubal
