1527 2661
352 168 508 196 LIBER
535 167 582 195 X.
617 167 723 195 CAP.
747 167 903 196 XXXV.
1105 167 1184 210 123

70 264 191 295 castra
208 263 407 301 venturum,
427 260 495 294 nisi
516 258 573 293 illi
591 262 694 293 extra
719 261 839 293 castra
857 258 1006 293 exissent
1019 274 1031 294 .·
1059 262 1094 294 et
1111 270 1178 306 pro
1191 270 1233 301 u,
1247 268 1284 300 c,
1300 274 1375 299 458.

72 327 232 362 tentoriis
249 328 322 362 suis
344 330 584 374 pugnaturos,
604 326 636 359 si
657 336 726 371 pro
745 323 844 359 vallo
868 323 1028 358 nollent:
1056 334 1178 357 arma·
1190 312 1281 344 A·C·
1299 318 1372 344 2⁹4·

73 390 118 424 tis
136 402 179 426 ac
197 389 449 425 dimicantibus
468 389 610 424 dubiam
628 389 816 423 victoriam
834 398 917 422 esse.
976 386 1048 427 Qui
1065 386 1182 421 nudus

72 457 181 501 atque
200 454 343 489 inermis
362 453 495 488 hostem
522 456 678 494 maneat,
701 452 732 486 ei
758 455 821 486 aut
841 454 1003 492 mortem,
1025 455 1090 486 aut
1107 462 1181 485 ser-

71 517 221 552 vitutem
237 518 459 564 patiendam.
506 515 602 551 Haec
618 514 793 565 jurganti
818 514 1104 564 increpantique
1122 526 1181 549 re-

72 579 334 629 spondebant:
369 578 558 628 Confectos
585 591 621 615 se
652 591 779 627 pugna
807 579 1091 636 hesternaoesse:
1119 590 1183 614 nec

72 645 203 679 virium
236 645 446 692 quidquam,
479 656 543 679 nec
571 645 754 691 sanguinis
780 654 982 691 superesse:
1009 640 1183 688 majorem

71 708 338 743 multitudinem
370 708 523 743 hostium
558 709 747 755 adparere,
775 719 884 755 quam
907 707 1028 755 pridie
1047 706 1182 755 fuerit.

73 769 179 806 Inter
198 771 278 806 haec
297 770 625 820 adpropinquabat
644 782 781 818 agmen
797 785 804 806 :
837 775 888 813 et,
902 768 986 819 jam
1010 769 1184 806 breviore

73 834 273 871 intervallo
296 835 461 871 certiora
487 836 692 876 intuentes,
713 833 853 870 vallum
879 846 1005 870 secum
1032 842 1184 884 portare

78 898 287 935 Samnitem
314 898 529 942 adfirmant,
556 911 626 934 nec
643 897 801 934 dubium
827 909 922 941 esse,
943 898 1033 946 quin
1062 904 1186 935 castra

79 962 395 1000 circumvallaturi
425 963 512 999 sint.
568 962 692 1006 Tunc,
723 964 915 1005 enimvero,
947 961 1094 1006 consul,
1128 965 1184 1000 in-

77 1029 224 1075 dignum
242 1025 394 1076 facinus
423 1039 507 1070 esse,
527 1025 741 1069 vociferari,
762 1031 904 1062 tantam
933 1028 1186 1064 contumeliam.

78 1093 379 1140 ignominiamque
401 1092 444 1127 ab
470 1092 696 1139 ignavissimo
722 1092 839 1139 accipi
863 1090 971 1127 hoste.
1019 1092 1189 1128 Etiamne

78 1156 421 1199 circumsedebimur,
455 1156 592 1204 inquit,
626 1157 665 1191 in
697 1157 835 1198 castris,
866 1161 907 1191 ut
929 1155 1038 1204 fame
1066 1158 1189 1204 potius

73 1232 140 1268 per
160 1221 403 1267 ignominiam,
425 1232 531 1268 quam
546 1219 668 1268 ferro,
687 1221 718 1255 si
743 1231 878 1255 necesse
903 1224 967 1262 est,
986 1233 1051 1268 per
1071 1222 1187 1256 virtu-

82 1288 163 1327 tem,
180 1286 380 1321 moriamur
393 1285 413 1321 f>
442 1285 511 1320 Dii
531 1284 614 1320 bene
628 1290 815 1327 verterent,
825 1284 1077 1333 facerentque,
1095 1286 1190 1333 quod

77 1361 113 1385 se
131 1350 277 1396 dignum
293 1351 438 1398 quisque
457 1350 635 1386 ducerent.
685 1350 870 1385 Consulem
890 1350 944 1386 31,
961 1351 1117 1385 Atilium
1135 1350 1192 1385 vel

77 1414 204 1456 solum,
224 1415 255 1449 si
273 1426 373 1450 nemo
392 1415 484 1450 alius
500 1419 685 1462 sequatur,
709 1415 843 1467 iturum
862 1415 1027 1450 adversus
1053 1415 1191 1451 hostes.-

0 662 3 772 ι

0 777 5 896 ς

80 1490 313 1526 casurumque
338 1480 430 1514 inter
455 1481 557 1526 signa
580 1480 800 1514 Samnitium
823 1481 957 1527 potius,
986 1491 1094 1527 quam
1119 1480 1189 1514 cir·

81 1543 296 1578 cumvallari
314 1547 432 1578 castra
450 1543 617 1578 Romana
636 1544 770 1580 videat.
817 1542 934 1578 Dicta
950 1542 1114 1578 consulis
1135 1541 1187 1578 le-

82 1606 175 1654 gati,
196 1605 427 1655 tribunique,
448 1614 486 1642 et
514 1620 644 1643 omnes
672 1614 805 1643 turmae
833 1609 1015 1656 equitum,
1036 1614 1074 1643 et
1100 1620 1188 1643 cen-

81 1672 250 1708 turiones
268 1673 474 1722 primorum
495 1673 682 1714 ordinum,
702 1673 969 1724 adprobavere.
998 1673 1098 1709 Tum
1117 1686 1186 1723 pu·

80 1735 173 1772 dore
192 1736 311 1772 victus
332 1736 437 1772 miles
459 1739 625 1785 segniter
645 1751 748 1774 arma
767 1739 882 1788 capit,
900 1739 1067 1787 segniter
1087 1751 1106 1774 e
1127 1751 1188 1774 ca-

83 1800 168 1835 stris
189 1800 402 1849 egreditur:
438 1801 555 1850 longo
576 1803 740 1850 agmine,
757 1815 827 1838 nec
847 1803 1073 1846 continenti,
1094 1815 1189 1839 moe-

83 1863 132 1898 sti
159 1876 202 1899 ac
227 1876 346 1914 prope
371 1864 460 1900 victi
487 1865 700 1914 procedunt
725 1866 899 1901 adversus
930 1866 1092 1909 hostem,
1120 1879 1191 1903 nec

83 1939 162 1977 spe,
183 1939 253 1963 nec
277 1929 404 1963 animo
425 1929 636 1965 certiorem.
694 1929 828 1978 Itaque
855 1929 965 1965 simul
985 1937 1191 1980 conspecta

83 1996 172 2026 sunt
195 1989 373 2027 Romana
399 1992 519 2040 signa,
545 1992 736 2043 extemplo
763 2006 785 2029 a
810 1994 933 2044 primo
960 1994 1187 2030 Samnitium

80 2055 231 2103 agmine
250 2055 296 2091 ad
323 2057 569 2092 novissimum
588 2056 759 2092 fremitus
786 2057 985 2107 perfertur,
1007 2059 1130 2102 Exire,
1154 2061 1191 2097 id

82 2120 176 2167 quod
198 2121 394 2163 timuerint,
415 2122 463 2156 od
488 2123 735 2170 inpediendum
759 2124 828 2158 iter
846 2122 1037 2159 Romanos.
1095 2125 1189 2161 Nul-

82 2183 157 2218 lam
178 2184 260 2219 inde
289 2196 333 2220 ne
350 2183 458 2232 fugoe
477 2187 614 2233 quidem
639 2191 765 2233 patere
790 2188 886 2222 viam
899 2204 911 2224 .·
940 2189 1004 2224 illo
1025 2190 1101 2225 loco
1126 2194 1191 2224 aut

83 2248 279 2284 cadendum
307 2260 390 2291 esse,
420 2254 497 2293 aut,
527 2251 652 2286 stratis
674 2250 843 2295 hostibus,
870 2264 935 2301 per
954 2265 1104 2302 corpora
1132 2265 1189 2289 εο-

84 2322 163 2346 rum
181 2314 411 2351 evadendum.

601 2378 681 2416 G12
