1527 2661
287 206 441 236 LIBER
466 204 608 234 xxv1.
641 204 747 233 cAP.
771 203 913 233 xmx.
1071 191 1154 245 569

41 291 144 336 bere,
164 293 303 344 quippe
322 306 437 343 quum
463 291 554 330 alibi
579 297 769 328 trecentos
788 289 922 332 ferme,
950 288 1040 325 alibi
1069 301 1153 339 sep·
1165 298 1257 329 uc,
1277 304 1352 330 542.

41 357 234 406 tingentos
253 358 389 406 viginti
408 358 574 406 quinque
590 356 706 392 fuisse
724 355 927 392 inveniam.
970 353 1099 402 AEque
1118 359 1156 390 et
1166 343 1206 373 A·
1221 342 1258 373 C·
1276 349 1351 374 ‘²¹⁰³

42 420 117 458 alia
134 422 234 458 inter
252 429 425 460 auctores
446 423 670 472 discrepant.
726 419 948 456 Praesidium
967 418 1156 454 Punicum

42 484 135 521 alius
165 486 310 530 decem,
349 487 443 524 alius
472 493 632 537 septem,
663 485 756 522 alius
794 484 894 520 haud
929 483 1012 533 plus
1043 495 1156 531 quam

39 546 155 585 dufim
191 550 351 587 millium
386 551 503 588 fuisse
539 550 682 586 scribit.
739 549 863 598 Capta
899 546 989 583 alibi
1026 546 1156 582 decem

37 611 156 648 millia
185 614 366 664 capitum,
388 614 477 650 alibi
508 626 620 664 supra
639 613 806 662 quinque
835 617 873 648 et
891 610 1027 660 viginti
1049 610 1157 645 inve-

36 675 131 712 nias.
189 676 416 727 Scorpiones
436 676 598 727 majores
619 677 859 725 minoresque
879 675 926 711 ad
955 673 1155 722 sexaginta

36 746 167 790 captos
188 742 416 792 scripserim,
438 743 469 778 si
487 748 682 778 auctorem
702 741 878 778 Graecum
904 751 1038 788 sequar
1058 736 1155 774 Sile·

34 815 149 841 num:
182 806 213 841 si
243 806 438 843 Valerium
456 808 669 850 Antiatem,
692 805 880 855 majorum
910 803 1156 853 scorpionum

35 878 102 903 sex
130 868 262 913 millia,
282 871 473 907 minorum
501 871 706 907 tredecim:
739 870 834 906 adeo
862 867 988 904 nullus
1016 866 1156 902 menti-

36 932 123 968 endi
151 934 286 970 modus
316 940 384 971 est.
441 934 503 970 Ne
522 934 566 970 de
592 933 749 969 ducibus
770 933 921 981 quidem
950 930 1152 967 convenit:

33 994 204 1045 plerique
228 997 391 1032 Laelium
418 997 613 1043 praefuisse
639 994 748 1030 classi
762 1009 772 1039 3
805 1000 908 1036 sunt,
929 995 994 1041 qui
1012 993 1070 1029 M.
1085 993 1157 1028 Ju-

34 1060 142 1095 nium
180 1059 351 1095 Silanum
387 1059 528 1095 dicant.
580 1059 739 1095 Arinem
775 1057 972 1108 praefuisse
1007 1055 1156 1093 Punico

34 1123 225 1174 praesidio,
265 1123 505 1173 deditumque
540 1123 742 1167 Romanis,
780 1123 916 1159 Antias
954 1120 1153 1167 Valerius,

35 1187 246 1236 Magonem
266 1187 332 1224 alii
358 1189 560 1237 scriptores
584 1188 751 1224 tradunt.
808 1187 901 1223 Non
921 1187 966 1223 de
995 1197 1156 1221 numero

0 1262 1 1324 1
34 1251 188 1288 navium
201 1257 410 1302 captarum,
426 1264 507 1288 non
523 1252 569 1288 de
584 1252 750 1302 pondere
765 1251 847 1287 auri
863 1256 976 1298 atque
991 1248 1154 1297 argenti,

37 1321 76 1352 et
99 1316 260 1352 redactae
288 1318 472 1367 pecuniae,
494 1317 684 1353 convenit.
743 1316 782 1351 Si
802 1314 990 1364 aliquibus
1021 1313 1156 1350 adsen-

1 1383 2 1422 Υ
32 1379 98 1414 tiri
116 1392 270 1416 necesse
297 1386 370 1423 est,
396 1380 519 1417 media
547 1379 739 1416 simillima
757 1380 853 1416 veris
883 1384 984 1415 sunt.
1042 1377 1156 1413 Cete-

2 1465 3 1469 =
33 1454 117 1478 rum
137 1444 280 1493 Scipio,
296 1445 440 1480 vocatis
457 1444 668 1487 obsidibus,
685 1445 848 1494 primum
868 1443 1063 1479 universos
1083 1441 1154 1477 bo-

0 1518 4 1573 „¹¹
30 1518 121 1542 num
138 1507 306 1543 animum
322 1507 461 1544 habere
473 1506 603 1557 jussit,
655 1508 792 1543 Venisse
810 1519 866 1542 eos
885 1507 921 1542 in
934 1506 1063 1553 populi
1080 1504 1154 1540 Ro·
1168 1503 1325 1553 §cipiopis

3 1585 4 1599 π
33 1571 132 1605 mani
164 1575 392 1618 potestatem,
422 1573 482 1619 qui
511 1571 686 1620 beneficio,
717 1583 824 1618 quam
854 1575 964 1611 metu,
996 1569 1155 1615 obligare
1168 1548 1341 1621 {lnuffigffiffs

4 1639 5 1667 1
35 1633 191 1669 homines
207 1636 313 1670 malit
324 1651 336 1678 ,-
365 1640 570 1682 exterasque
583 1640 701 1682 gentes
707 1636 787 1683 fiale
806 1646 850 1670 ac
866 1636 1036 1669 societate
1046 1631 1153 1678 junc-
1168 1640 1225 1663 tas.

4 1686 6 1748 ἶ
36 1701 91 1732 tas
109 1697 247 1740 habere,
269 1710 375 1745 quam
396 1699 491 1734 tristi
508 1696 682 1744 subjectas
698 1699 852 1734 servitio.
909 1696 1074 1738 Deinde,
1092 1708 1155 1732 ac-

5 1759 6 1778 ³
36 1760 155 1809 ceptis
175 1760 393 1796 nominibus
410 1761 635 1804 civitatium,
652 1762 840 1797 recensuit
860 1761 1045 1810 captivos,
1061 1765 1157 1808 quot

6 1827 7 1854 ἒ
35 1823 218 1874 cujusque
235 1825 366 1875 populi
385 1832 535 1862 essent:
568 1833 606 1862 et
625 1827 784 1862 nuncios
805 1826 960 1862 domum
979 1825 1096 1868 misit,
1113 1828 1156 1860 u't

7 1889 83 1939 ¹ad
119 1902 206 1925 suos
243 1890 401 1939 quisque
434 1892 670 1941 recipiendos
707 1892 864 1928 veniret.
922 1891 962 1927 Si
996 1902 1154 1939 quarum

7 1942 9 1996 ἶ
35 1954 135 1991 forte
154 1956 364 1992 civitatium
390 1957 506 2005 legati
527 1958 696 2000 aderant,
717 1959 769 1994 eis
795 1956 1043 2007 praesentibus
1065 1968 1152 1993 suos

8 2003 9 2062 i
36 2020 225 2055 restituit:
259 2026 471 2056 ceterorum
507 2033 634 2056 curam
663 2021 827 2069 benigne
857 2020 1083 2056 tuendorum
1107 2019 1152 2059 C,

9 2082 225 2130 ssFlaminio
261 2085 441 2132 quaestori
476 2084 670 2122 adtribuit.
729 2085 835 2121 lnter
867 2085 948 2120 haec
981 2096 1001 2120 e
1030 2083 1156 2119 media

9 2134 11 2168 ³¹
36 2146 148 2182 turba
166 2146 341 2182 obsidum
360 2146 494 2183 mulier
522 2161 663 2196 magno
684 2155 790 2191 natu,
809 2147 1013 2184 Mandonii
1041 2159 1152 2188 uxor,

10 2213 11 2216 ’
37 2210 101 2258 qui
120 2210 238 2246 frater
267 2210 441 2246 Indibilis
472 2211 679 2260 Ilergetum
708 2211 826 2261 reguli
858 2217 954 2253 erat,
984 2210 1076 2246 flens
1108 2210 1155 2246 ad

35 2272 149 2323 pedes
169 2273 408 2323 imperatoris
439 2274 657 2324 procubuit,
678 2275 937 2323 obtestarique
960 2274 1091 2323 coepit,
1112 2279 1155 2309 ut

37 2348 164 2374 curam
198 2337 416 2388 cultumque
444 2338 671 2376 feminarum
708 2340 902 2392 inpensius
931 2336 1152 2376 custodibus
