1527 2661
55 280 143 310 U.C.
161 286 234 311 456.

55 325 90 354 A.
109 324 144 354 C.
163 330 235 357 296.

244 181 323 211 102
692 183 736 211 T.
770 183 904 213 LIVII

248 281 401 325 vallum,
424 281 617 331 caedesque
637 296 680 318 ac
699 283 884 319 tumultus
905 290 986 320 erat
1005 284 1043 319 in
1066 284 1210 321 castris.
1255 284 1362 320 Sam‹

249 347 385 382 uitium
415 359 564 395 agmen,
590 354 841 396 praeterquam
871 348 1002 384 hostili
1031 348 1211 392 tumultu,
1243 348 1364 399 capti-

247 423 380 447 vorum
411 410 524 446 etiam
555 411 755 460 repentina
787 410 1002 447 defectione
1033 411 1229 448 turbatum
1258 418 1362 447 erat:

248 478 310 525 qui
330 478 468 527 partim
490 477 561 525 ipsi
581 476 695 512 soluti
717 477 863 513 vinctos
892 476 1114 514 solvebant:
1147 478 1286 527 partim
1306 491 1366 514 ar-

247 553 309 576 ma
345 541 385 575 in
422 540 578 575 sarcinis
617 539 783 588 deligata
819 539 1033 589 rapiebant,
1073 540 1367 589 tumultumque,

246 604 384 654 proelio
405 604 487 652 ipso
513 602 795 646 terribiliorem,
816 604 1026 639 intermixti
1054 604 1197 653 agmini
1223 603 1369 654 praebe-
1420 594 1431 603 ¹*

248 667 354 703 bant.
396 666 690 702 Memorandum
728 667 861 703 deinde
891 667 1040 703 edidere
1072 667 1243 704 facinus:
1280 679 1369 703 nam

250 732 396 768 Staium
415 730 626 767 Minacium
646 731 794 774 ducem,
816 732 1017 768 adeuntem
1037 733 1187 768 ordines
1208 732 1366 768 hortan—

248 803 414 845 temque,
432 795 615 832 invadunt
630 810 637 831 :
671 795 860 846 dissipatis
876 796 964 832 inde
980 796 1184 845 equitibus,
1202 796 1266 845 qui
1283 808 1369 832 cum

249 873 295 898 eo
312 861 483 903 aderant,
502 861 625 910 ipsum
640 860 936 904 circumsistunt,
953 861 1255 910 insidentemque
1271 873 1370 909 equo

250 930 403 976 captum
426 924 478 961 ad*
500 923 696 960 consulem
714 923 935 961 Romanum
964 925 1129 974 rapiunt.
1172 924 1371 961 Revocata

250 1002 296 1026 eo
329 989 495 1025 tumultu
528 989 656 1039 prima
684 989 794 1038 signa
832 989 1083 1025 Samnitium:
1115 988 1373 1039 proeliumque

243 1052 326 1104 jam
345 1053 591 1104 profligatum
620 1054 853 1102 integratum
883 1061 953 1097 est,
984 1067 1054 1091 nec
1084 1055 1224 1090 diutius
1255 1053 1370 1089 susti-

248 1121 330 1157 neri
347 1121 484 1171 potuit.
516 1121 623 1157 Caesa
644 1119 689 1157 ad
709 1133 773 1157 sex
793 1119 911 1157 millia
927 1121 1149 1158 homin-um:
1185 1121 1259 1157 duo
1279 1118 1366 1156 mil-

248 1185 300 1221 lia
327 1193 365 1221 et
391 1187 593 1234 quingenti
617 1186 741 1235 capti:
774 1186 813 1220 in
844 1185 896 1220 eis
923 1183 1067 1220 tribuni
1094 1183 1257 1220 militum
1277 1195 1371 1232 qua-

249 1255 361 1285 tuor:
395 1249 504 1298 signa
522 1248 702 1286 militaria
720 1249 903 1298 triginta:
936 1254 988 1291 et,
1010 1248 1111 1297 quod
1133 1248 1370 1284 laetissimum

250 1313 457 1350 victoribus
477 1313 564 1357 fuit,
584 1314 821 1363 captivorum
847 1319 999 1363 recepta
1019 1318 1163 1362 septem
1190 1311 1308 1348 millia
1334 1316 1373 1347 et

250 1378 542 1428 quadringenti;
583 1378 710 1429 praeda
753 1379 886 1427 ingens
925 1378 1138 1413 sociorum:
1180 1376 1372 1425 adcitique

251 1444 377 1481 edicto
396 1444 541 1481 domini
561 1445 607 1481 ad
627 1456 684 1480 res
706 1456 790 1480 suas
811 1442 1021 1479 noscendas
1049 1441 1371 1492 recipiendasque.

250 1509 471 1546 Praestituta
490 1509 564 1553 die,
585 1521 743 1558 quarum
768 1521 892 1544 rerum
913 1520 990 1544 non
1011 1507 1159 1543 exstitit
1178 1506 1370 1548 dominus,

250 1573 363 1610 militi
379 1586 567 1610 concessae
584 1588 591 1608 ε
615 1573 811 1622 coactique
832 1572 991 1608 vendere
1007 1571 1186 1621 praedam,
1204 1582 1251 1606 ne
1267 1568 1372 1612 alibi,

253 1651 364 1688 quam
385 1638 425 1673 in
444 1638 571 1680 armis,
594 1638 761 1674 animum
781 1637 978 1673 haberent.

308 1702 425 1739 XXI.
462 1702 652 1751 BIagnum
679 1715 721 1738 ea
752 1702 950 1753 populatio
981 1701 1166 1751 Campani
1197 1699 1278 1748 agri
1311 1705 1373 1734 tu-

253 1767 415 1804 multum
434 1767 570 1804 Romae
599 1767 811 1817 praebuerat
830 1782 837 1802 z
871 1759 1000 1816 et'per
1026 1778 1089 1802 eos
1111 1765 1210 1801 forte
1230 1764 1307 1799 dies
1329 1776 1376 1800 ex

253 1833 409 1869 Etruria
428 1832 594 1869 adlatum
615 1839 708 1874 erat,
729 1838 816 1882 post
835 1831 1038 1869 deductum
1069 1830 1155 1865 inde
1174 1829 1209 1864 V
1212 1827 1375 1864 olumni-

255 1910 370 1934 anum
399 1898 606 1932 exercitum
644 1897 838 1932 Etruriam
877 1896 1067 1931 concitam
1105 1895 1144 1929 in
1183 1905 1300 1934 arma,
1339 1897 1378 1927 et

254 1961 421 1998 Gellium
453 1962 676 2010 Egnatium,
707 1961 935 1996 Samnitium
963 1960 1109 2000 ducem,
1139 1963 1176 1993 et
1207 1956 1374 1993 Umbros

256 2026 303 2062 ad
323 2025 577 2062 defectionem
597 2026 737 2067 vocari,
759 2030 797 2060 et
817 2023 948 2060 Gallos
976 2023 1099 2072 pretio
1120 2019 1266 2069 ingenti
1301 2018 1377 2054 sol-

256 2087 405 2127 licitari.
464 2090 536 2127 His
566 2091 714 2126 nunciis
745 2094 897 2125 senatus
928 2086 1156 2123 conterritus
1184 2083 1379 2134 justitium

256 2155 387 2198 indici,
407 2154 592 2191 delectum
612 2154 735 2189 omnis
757 2153 904 2202 generis
924 2152 1123 2188 hominum
1149 2147 1281 2184 haberi
1294 2145 1379 2196 jus-

258 2221 330 2257 sit:
370 2232 440 2257 nec
478 2219 633 2268 ingenui
670 2217 785 2254 modo
830 2223 895 2253 aut
926 2215 1101 2266 juniores
1141 2216 1380 2248 sacramento

258 2285 395 2328 adacti,
416 2284 482 2320 sed
511 2283 702 2319 seniorum
732 2282 847 2317 etiam
868 2280 1045 2318 cohortes
1075 2277 1201 2318 factae,
1232 2274 1378 2310 liberti-

258 2355 373 2403 nique
393 2350 620 2388 centuriati:
653 2355 691 2385 et
709 2346 955 2385 defendendae
986 2343 1088 2381 urbis
1111 2340 1269 2379 consilia
1299 2339 1380 2389 agi-
