1527 2661
340 195 493 224 muna
518 193 654 222 xxu.
687 192 794 221 eAx‘.
818 195 937 224 xnr.
1107 195 1186 239 243

84 282 211 319 dinem
230 282 418 319 sociorum
441 281 566 319 Italici
584 283 747 331 generis,
768 283 832 331 qui
857 283 904 319 ad
922 282 1187 321 Trasimenum

83 348 185 396 capti
212 347 258 383 ab
287 346 506 384 Hannibale
536 347 754 396 dimissique
771 347 937 389 fuerant,
968 353 1042 383 tres
1073 348 1185 385 Cam-

80 410 169 459 pani
185 411 327 458 equites
345 417 466 454 erant,
483 410 610 447 multis
624 409 707 460 jam
724 417 805 446 tum
824 409 953 446 inlecti
968 410 1076 447 donis
1096 424 1184 461 pro—

80 473 277 523 missisque
308 474 538 511 Hannibalis
575 475 622 511 ad
654 474 910 511 conciliandos
947 475 1186 525 popularium

81 538 241 575 animos.
278 538 334 575 Hi
348 540 586 583 nunciantes,
604 539 635 574 si
654 539 695 574 in
711 539 957 589 Campaniam
978 540 1186 577 exercitum

80 601 323 646 admovisset,
346 602 485 652 Capuae
505 602 694 652 potiendae
715 602 865 652 copiam
880 602 975 645 fore,
993 615 1107 651 quum
1127 616 1184 640 res

80 664 216 715 major,
237 678 350 714 quam
376 672 564 709 auctores,
594 672 706 709 esset,
727 665 883 702 dubium
911 666 1182 711 Hannibalem,

21 770 22 778 ἵ
78 727 306 777 alternisque
322 728 500 765 fidentem
519 741 563 765 ae
582 729 825 772 diffidentem,
846 735 987 772 tamen,
1008 736 1051 766 ut
1070 731 1182 767 Cam-

22 828 24 838 7
76 804 196 842 panos
222 804 268 828 ex
298 792 453 828 Samnio
482 798 641 842 peteret,
669 799 897 829 moverunt:
930 794 1110 838 monitos,
1141 800 1184 831 ut

22 845 23 889 J
75 855 190 891 etiam
209 861 323 905 atque
349 856 462 892 etiam
487 856 674 906 promissa
691 856 802 892 rebus
828 857 1082 901 adfirmarent,
1096 857 1182 908 jus-

22 939 24 943 κ
74 930 224 968 sosque,
245 932 330 957 cum
354 919 524 970 pluribus
545 926 583 956 et
611 919 797 969 aliquibus
823 920 1037 970 principum
1061 921 1182 958 redire

22 977 29 1028 ‘,
74 983 121 1019 ad
146 995 199 1026 se,
225 983 378 1021 dimisit.
433 982 521 1034 Ipse
548 984 710 1034 imperat
727 984 827 1027 duci,
859 990 900 1020 ut
919 997 958 1020 se
986 985 1026 1021 in
1049 997 1181 1033 agrum

76 1047 293 1083 Casinatem
323 1047 458 1084 ducat:
491 1046 644 1084 edoctus
681 1060 705 1083 a
734 1048 864 1098 peritis
898 1048 1110 1096 regionum,
1149 1050 1179 1085 si

72 1125 158 1149 eum
187 1113 324 1150 saltum
352 1120 587 1163 occupasset,
614 1113 758 1150 exitum
785 1113 964 1150 Romano
992 1115 1040 1150 ad
1068 1127 1179 1164 opem

75 1176 267 1212 ferendam
296 1177 408 1213 sociis
442 1176 743 1213 interclusurum.
800 1177 874 1213 Sed
900 1177 1087 1214 Punicum
1111 1178 1178 1215 ab·

73 1240 230 1276 horrens
250 1252 292 1276 os
319 1239 365 1276 ab
385 1239 611 1276 Latinorum
631 1241 829 1277 nominum
853 1240 1081 1290 prolatione,
1109 1255 1178 1292 pro

73 1305 214 1341 Casino
235 1304 444 1340 Casilinum
470 1305 546 1340 dux
574 1310 616 1340 ut
643 1305 843 1355 acciperet,
863 1304 977 1350 fecit3
1010 1318 1178 1342 aversus-

73 1379 144 1416 que
164 1366 211 1403 ab
231 1380 300 1403 suo
320 1368 467 1411 itinere,
487 1380 554 1417 per
571 1367 795 1410 Allifanum,
817 1367 1122 1418 Caiatinumque,
1139 1376 1177 1406 et

72 1430 256 1477 Calenum
284 1443 430 1479 agrum,
460 1432 500 1466 in
529 1444 702 1481 campum
731 1430 927 1467 Stellatem
955 1432 1171 1469 deseendit.-

29 1523 32 1533 .
69 1494 134 1534 ubi
161 1507 278 1544 quum
307 1494 499 1531 montibus
533 1494 824 1543 fluminibusque
855 1494 1020 1531 clausam
1049 1497 1174 1545 regio-

69 1571 156 1595 nem
181 1559 520 1610 circumspexisset,
540 1565 716 1596 vocatum
736 1560 867 1595 ducem
893 1566 1172 1609 percunctatur,

31 1619 32 1624 ¹
68 1622 133 1659 ubi
147 1628 331 1659 terrarum
359 1625 482 1659 esset?
509 1623 638 1663 Quum
667 1624 697 1658 is
718 1622 877 1659 Casilini
907 1635 952 1659 eo
978 1623 1038 1659 die
1066 1636 1172 1660 man·

69 1697 196 1721 surum
215 1698 300 1722 eum
319 1686 487 1729 dixisset,
508 1693 589 1723 tum
608 1687 757 1723 demum
776 1687 951 1734 cognitus
972 1693 1028 1722 est
1054 1699 1169 1730 error,

64 1755 103 1785 et
122 1748 302 1784 Casinum
329 1748 444 1797 longe
471 1750 558 1785 inde
577 1748 651 1785 alia
678 1749 832 1798 regione
850 1761 953 1784 esse:
984 1750 1172 1798 virgisque

67 1824 166 1848 caeso
188 1811 296 1854 duce,
327 1817 365 1847 et
392 1812 439 1848 ad
466 1812 696 1861 reliquorum
732 1819 915 1848 terrorem
951 1812 990 1847 in
1022 1825 1170 1849 crucem

34 1901 35 1917 2
66 1874 230 1918 sublato,
251 1876 382 1911 castris
403 1876 659 1918 communitis,
679 1875 943 1912 Maharbalem
959 1888 1045 1912 cum
1064 1877 1168 1925 equi·

36 1982 38 1986 ι
62 1937 164 1974 tibus
184 1938 222 1973 in
242 1950 374 1986 agrum
391 1938 593 1975 Falernum
613 1939 821 1989 praedatum
836 1939 989 1975 dimisit.
1038 1939 1167 1988 Usque

63 2001 110 2038 ad
129 2013 243 2050 aquas
264 2002 508 2039 Sinuessanas
528 2002 724 2053 populatio
744 2015 788 2040 ea
807 2004 1000 2053 pervenit:
1033 2003 1165 2052 ingen·

61 2072 137 2102 tem
156 2065 314 2109 cladem,
334 2066 462 2115 fugam
493 2074 621 2103 tamen
649 2073 907 2116 terroremque
933 2066 1060 2109 latius,
1081 2067 1164 2103 Nu—

38 2165 40 2169 ,
59 2128 169 2165 midae
187 2128 370 2167 fecerunt.
424 2130 507 2167 Nec
535 2137 662 2167 tamen
682 2131 712 2166 is
741 2136 877 2173 terror,
897 2143 1011 2179 quum
1038 2131 1163 2168 omnia

38 2191 159 2228 ¹bello
187 2192 403 2242 flagrarent,
423 2194 495 2231 fide
523 2195 647 2230 socios
676 2195 854 2231 dimovit:
885 2194 1058 2230 videlicet
1077 2194 1164 2242 quia

39 2224 44 2311 i
55 2255 160 2305 justo
186 2263 225 2293 et
243 2257 438 2295 moderato
465 2258 693 2307 regebantur
712 2259 869 2310 imperio
883 2274 894 2305 5
925 2271 995 2296 nec
1020 2257 1161 2294 abnue·-

569 2321 614 2357 M
633 2322 656 2357 2

1199 295 1242 327 U.
1255 295 1291 326 C.
1310 304 1381 328 535.

1199 339 1238 369 A.
1251 339 1289 369 C.
1306 347 1380 375 217.

1198 392 1362 424 Hannibal

1197 435 1368 474 Campani-

1197 487 1251 508 am
1268 481 1355 518 petit.

1192 1060 1301 1091 Errore

1190 1104 1279 1134 ducis
1295 1106 1333 1135 ad

1191 1146 1368 1178 Casilinum

1190 1190 1366 1221 deducitur.
