<?xml version="1.0" encoding="UTF-8"?>
<!DOCTYPE html PUBLIC "-//W3C//DTD XHTML 1.0 Transitional//EN"
    "http://www.w3.org/TR/xhtml1/DTD/xhtml1-transitional.dtd">
<html xmlns="http://www.w3.org/1999/xhtml" xml:lang="en" lang="en">
 <head>
  <title>
</title>
<meta http-equiv="Content-Type" content="text/html;charset=utf-8" />
  <meta name='ocr-system' content='tesseract 3.04.00' />
  <meta name='ocr-capabilities' content='ocr_page ocr_carea ocr_par ocr_line ocrx_word'/>
</head>
<body>
  <div class='ocr_page' id='page_1' title='image "./historiarumquaes02livyuoft/historiarumquaes02livyuoft_0069.png"; bbox 0 0 1527 2661; ppageno 0'>
   <div class='ocr_carea' id='block_1_1' title="bbox 0 1642 5 2182">
    <p class='ocr_par' dir='ltr' id='par_1_1' title="bbox 0 1642 5 2182">
     <span class='ocr_line' id='line_1_1' title="bbox 0 1642 5 2182; baseline 0 0"><span class='ocrx_word' id='word_1_1' title='bbox 0 1642 5 2182; x_wconf 95' lang='lat' dir='ltr'> </span> 
     </span>
    </p>
   </div>
   <div class='ocr_carea' id='block_1_2' title="bbox 369 209 1223 253">
    <p class='ocr_par' dir='ltr' id='par_1_2' title="bbox 369 209 1223 253">
     <span class='ocr_line' id='line_1_2' title="bbox 369 209 1223 253; baseline -0.011 -9"><span class='ocrx_word' id='word_1_2' title='bbox 369 215 523 244; x_wconf 77' lang='lat' dir='ltr'>LIBER</span> <span class='ocrx_word' id='word_1_3' title='bbox 548 214 616 241; x_wconf 81' lang='lat' dir='ltr'>IX.</span> <span class='ocrx_word' id='word_1_4' title='bbox 651 211 756 241; x_wconf 78' lang='lat' dir='ltr'><strong>CAP.</strong></span> <span class='ocrx_word' id='word_1_5' title='bbox 781 211 961 239; x_wconf 77' lang='lat' dir='ltr'>XXXIX.</span> <span class='ocrx_word' id='word_1_6' title='bbox 1163 209 1223 253; x_wconf 79' lang='grc'>59</span> 
     </span>
    </p>
   </div>
   <div class='ocr_carea' id='block_1_3' title="bbox 102 298 1439 2392">
    <p class='ocr_par' dir='ltr' id='par_1_3' title="bbox 102 298 1439 2271">
     <span class='ocr_line' id='line_1_3' title="bbox 103 298 1412 355; baseline -0.008 -13"><span class='ocrx_word' id='word_1_7' title='bbox 103 305 285 355; x_wconf 88' lang='lat' dir='ltr'>quosdam</span> <span class='ocrx_word' id='word_1_8' title='bbox 306 304 487 354; x_wconf 88' lang='lat' dir='ltr'>equestris</span> <span class='ocrx_word' id='word_1_9' title='bbox 508 303 664 345; x_wconf 80' lang='lat' dir='ltr'>ordinis,</span> <span class='ocrx_word' id='word_1_10' title='bbox 685 301 934 349; x_wconf 82' lang='lat' dir='ltr'>tribunosque</span> <span class='ocrx_word' id='word_1_11' title='bbox 960 299 1136 342; x_wconf 89' lang='lat' dir='ltr'>militum,</span> <span class='ocrx_word' id='word_1_12' title='bbox 1158 305 1214 334; x_wconf 89' lang='lat' dir='ltr'>at-</span> <span class='ocrx_word' id='word_1_13' title='bbox 1229 298 1319 329; x_wconf 85' lang='lat' dir='ltr'><strong>U·C·</strong></span> <span class='ocrx_word' id='word_1_14' title='bbox 1339 305 1412 329; x_wconf 74' lang='lat'><strong>444-</strong></span> 
     </span>
     <span class='ocr_line' id='line_1_4' title="bbox 103 342 1411 419; baseline -0.006 -13"><span class='ocrx_word' id='word_1_15' title='bbox 103 383 176 419; x_wconf 89' lang='lat' dir='ltr'>que</span> <span class='ocrx_word' id='word_1_16' title='bbox 205 382 322 406; x_wconf 87' lang='lat' dir='ltr'>unum</span> <span class='ocrx_word' id='word_1_17' title='bbox 350 369 531 417; x_wconf 88' lang='lat' dir='ltr'>legatum,</span> <span class='ocrx_word' id='word_1_18' title='bbox 553 374 589 403; x_wconf 88' lang='lat' dir='ltr'>et</span> <span class='ocrx_word' id='word_1_19' title='bbox 612 368 731 416; x_wconf 83' lang='lat' dir='ltr'>(quod</span> <span class='ocrx_word' id='word_1_20' title='bbox 759 366 908 414; x_wconf 80' lang='lat' dir='ltr'>insigne</span> <span class='ocrx_word' id='word_1_21' title='bbox 937 364 1100 400; x_wconf 84' lang='lat' dir='ltr'>maxime</span> <span class='ocrx_word' id='word_1_22' title='bbox 1122 363 1212 408; x_wconf 87' lang='lat' dir='ltr'>fuit)</span> <span class='ocrx_word' id='word_1_23' title='bbox 1227 343 1266 373; x_wconf 72' lang='grc' dir='ltr'>Α·</span> <span class='ocrx_word' id='word_1_24' title='bbox 1284 342 1321 373; x_wconf 81' lang='lat' dir='ltr'>C‘</span> <span class='ocrx_word' id='word_1_25' title='bbox 1337 347 1411 373; x_wconf 71' lang='lat'><strong>‘³⁰⁸‘</strong></span> 
     </span>
     <span class='ocr_line' id='line_1_5' title="bbox 106 427 1216 483; baseline -0.006 -13"><span class='ocrx_word' id='word_1_26' title='bbox 106 433 269 470; x_wconf 81' lang='lat' dir='ltr'>consulis</span> <span class='ocrx_word' id='word_1_27' title='bbox 301 434 415 483; x_wconf 86' lang='lat' dir='ltr'>ipsius</span> <span class='ocrx_word' id='word_1_28' title='bbox 448 432 595 468; x_wconf 81' lang='lat' dir='ltr'>vulnus.</span> <span class='ocrx_word' id='word_1_29' title='bbox 639 431 700 467; x_wconf 92' lang='lat' dir='ltr'>Ob</span> <span class='ocrx_word' id='word_1_30' title='bbox 730 431 811 466; x_wconf 86' lang='lat' dir='ltr'>haec</span> <span class='ocrx_word' id='word_1_31' title='bbox 842 429 956 465; x_wconf 85' lang='lat' dir='ltr'>etiam</span> <span class='ocrx_word' id='word_1_32' title='bbox 985 433 1096 464; x_wconf 88' lang='lat' dir='ltr'>aucta</span> <span class='ocrx_word' id='word_1_33' title='bbox 1114 427 1216 464; x_wconf 86' lang='lat' dir='ltr'>fama</span> 
     </span>
     <span class='ocr_line' id='line_1_6' title="bbox 107 492 1216 545; baseline -0.007 -11"><span class='ocrx_word' id='word_1_34' title='bbox 107 500 167 545; x_wconf 89' lang='lat' dir='ltr'>(ut</span> <span class='ocrx_word' id='word_1_35' title='bbox 187 497 299 543; x_wconf 86' lang='lat' dir='ltr'>solet)</span> <span class='ocrx_word' id='word_1_36' title='bbox 323 498 455 545; x_wconf 87' lang='lat' dir='ltr'>ingens</span> <span class='ocrx_word' id='word_1_37' title='bbox 485 503 607 532; x_wconf 89' lang='lat' dir='ltr'>terror</span> <span class='ocrx_word' id='word_1_38' title='bbox 633 495 764 531; x_wconf 81' lang='lat' dir='ltr'>Patres</span> <span class='ocrx_word' id='word_1_39' title='bbox 792 493 944 536; x_wconf 85' lang='lat' dir='ltr'>invasit,</span> <span class='ocrx_word' id='word_1_40' title='bbox 972 492 1216 528; x_wconf 85' lang='lat' dir='ltr'>dictatorem-</span> 
     </span>
     <span class='ocr_line' id='line_1_7' title="bbox 104 556 1217 612; baseline -0.006 -14"><span class='ocrx_word' id='word_1_41' title='bbox 104 575 176 611; x_wconf 89' lang='lat' dir='ltr'>que</span> <span class='ocrx_word' id='word_1_42' title='bbox 206 562 278 598; x_wconf 83' lang='lat' dir='ltr'>dici</span> <span class='ocrx_word' id='word_1_43' title='bbox 304 561 500 612; x_wconf 81' lang='lat' dir='ltr'>placebat:</span> <span class='ocrx_word' id='word_1_44' title='bbox 533 573 617 602; x_wconf 91' lang='lat' dir='ltr'>nec,</span> <span class='ocrx_word' id='word_1_45' title='bbox 638 560 727 608; x_wconf 87' lang='lat' dir='ltr'>quin</span> <span class='ocrx_word' id='word_1_46' title='bbox 756 559 897 593; x_wconf 83' lang='lat' dir='ltr'>Cursor</span> <span class='ocrx_word' id='word_1_47' title='bbox 922 557 1095 607; x_wconf 81' lang='lat' dir='ltr'>Papirius</span> <span class='ocrx_word' id='word_1_48' title='bbox 1116 556 1217 592; x_wconf 86' lang='lat' dir='ltr'>dice-</span> 
     </span>
     <span class='ocr_line' id='line_1_8' title="bbox 106 623 1215 677; baseline -0.005 -13"><span class='ocrx_word' id='word_1_49' title='bbox 106 635 222 671; x_wconf 83' lang='lat' dir='ltr'>retur,</span> <span class='ocrx_word' id='word_1_50' title='bbox 245 629 282 664; x_wconf 90' lang='lat' dir='ltr'>in</span> <span class='ocrx_word' id='word_1_51' title='bbox 302 642 377 677; x_wconf 88' lang='lat' dir='ltr'>quo</span> <span class='ocrx_word' id='word_1_52' title='bbox 398 634 477 664; x_wconf 84' lang='lat' dir='ltr'>tum</span> <span class='ocrx_word' id='word_1_53' title='bbox 498 639 643 662; x_wconf 88' lang='lat' dir='ltr'>summa</span> <span class='ocrx_word' id='word_1_54' title='bbox 662 626 715 661; x_wconf 88' lang='lat' dir='ltr'>rei</span> <span class='ocrx_word' id='word_1_55' title='bbox 734 624 878 661; x_wconf 83' lang='lat' dir='ltr'>bellicae</span> <span class='ocrx_word' id='word_1_56' title='bbox 898 623 1125 674; x_wconf 85' lang='lat' dir='ltr'>ponebatur,</span> <span class='ocrx_word' id='word_1_57' title='bbox 1148 623 1215 659; x_wconf 88' lang='lat' dir='ltr'>du-</span> 
     </span>
     <span class='ocr_line' id='line_1_9' title="bbox 105 688 1217 740; baseline -0.005 -12"><span class='ocrx_word' id='word_1_58' title='bbox 105 692 209 728; x_wconf 88' lang='lat' dir='ltr'>bium</span> <span class='ocrx_word' id='word_1_59' title='bbox 230 693 403 740; x_wconf 83' lang='lat' dir='ltr'>cuiquam</span> <span class='ocrx_word' id='word_1_60' title='bbox 431 698 532 727; x_wconf 85' lang='lat' dir='ltr'>erat:</span> <span class='ocrx_word' id='word_1_61' title='bbox 567 690 631 726; x_wconf 87' lang='lat' dir='ltr'>sed</span> <span class='ocrx_word' id='word_1_62' title='bbox 658 690 785 725; x_wconf 90' lang='lat' dir='ltr'>necin</span> <span class='ocrx_word' id='word_1_63' title='bbox 815 689 1010 723; x_wconf 83' lang='lat' dir='ltr'>Samnium</span> <span class='ocrx_word' id='word_1_64' title='bbox 1035 688 1217 723; x_wconf 85' lang='lat' dir='ltr'>nuncium</span> 
     </span>
     <span class='ocr_line' id='line_1_10' title="bbox 103 753 1218 806; baseline -0.003 -14"><span class='ocrx_word' id='word_1_65' title='bbox 103 756 274 806; x_wconf 82' lang='lat' dir='ltr'>perferri,</span> <span class='ocrx_word' id='word_1_66' title='bbox 309 756 483 791; x_wconf 87' lang='lat' dir='ltr'>omnibus</span> <span class='ocrx_word' id='word_1_67' title='bbox 518 754 678 796; x_wconf 85' lang='lat' dir='ltr'>infestis,</span> <span class='ocrx_word' id='word_1_68' title='bbox 714 759 798 789; x_wconf 87' lang='lat' dir='ltr'>tuto</span> <span class='ocrx_word' id='word_1_69' title='bbox 832 765 965 802; x_wconf 78' lang='lat' dir='ltr'>posse3</span> <span class='ocrx_word' id='word_1_70' title='bbox 998 765 1068 788; x_wconf 86' lang='lat' dir='ltr'>nec</span> <span class='ocrx_word' id='word_1_71' title='bbox 1094 753 1218 789; x_wconf 73' lang='lat' dir='ltr'>vivere</span> 
     </span>
     <span class='ocr_line' id='line_1_11' title="bbox 102 816 1218 857; baseline -0.004 -1"><span class='ocrx_word' id='word_1_72' title='bbox 102 820 293 856; x_wconf 70' lang='lat' dir='ltr'>BIarcium</span> <span class='ocrx_word' id='word_1_73' title='bbox 313 820 506 857; x_wconf 87' lang='lat' dir='ltr'>consulem</span> <span class='ocrx_word' id='word_1_74' title='bbox 532 819 622 855; x_wconf 86' lang='lat' dir='ltr'>satis</span> <span class='ocrx_word' id='word_1_75' title='bbox 642 818 821 854; x_wconf 90' lang='lat' dir='ltr'>fidebant.</span> <span class='ocrx_word' id='word_1_76' title='bbox 862 817 971 853; x_wconf 86' lang='lat' dir='ltr'>Alter</span> <span class='ocrx_word' id='word_1_77' title='bbox 993 816 1126 852; x_wconf 87' lang='lat' dir='ltr'>consul</span> <span class='ocrx_word' id='word_1_78' title='bbox 1145 816 1176 852; x_wconf 91' lang='lat' dir='ltr'>F</span> <span class='ocrx_word' id='word_1_79' title='bbox 1178 830 1218 852; x_wconf 80' lang='lat' dir='ltr'>a·</span> 
     </span>
     <span class='ocr_line' id='line_1_12' title="bbox 103 880 1218 934; baseline -0.005 -12"><span class='ocrx_word' id='word_1_80' title='bbox 103 886 187 922; x_wconf 88' lang='lat' dir='ltr'>bius</span> <span class='ocrx_word' id='word_1_81' title='bbox 207 885 365 921; x_wconf 85' lang='lat' dir='ltr'>infestus</span> <span class='ocrx_word' id='word_1_82' title='bbox 392 885 567 934; x_wconf 84' lang='lat' dir='ltr'>privatim</span> <span class='ocrx_word' id='word_1_83' title='bbox 588 884 742 933; x_wconf 86' lang='lat' dir='ltr'>Papirio</span> <span class='ocrx_word' id='word_1_84' title='bbox 762 888 865 918; x_wconf 82' lang='lat' dir='ltr'>erat:</span> <span class='ocrx_word' id='word_1_85' title='bbox 898 895 981 931; x_wconf 84' lang='lat' dir='ltr'>quae</span> <span class='ocrx_word' id='word_1_86' title='bbox 1000 893 1048 917; x_wconf 89' lang='lat' dir='ltr'>ne</span> <span class='ocrx_word' id='word_1_87' title='bbox 1074 882 1130 917; x_wconf 85' lang='lat' dir='ltr'>ira</span> <span class='ocrx_word' id='word_1_88' title='bbox 1149 880 1218 917; x_wconf 91' lang='lat' dir='ltr'>ob-</span> 
     </span>
     <span class='ocr_line' id='line_1_13' title="bbox 106 946 1220 999; baseline -0.004 -13"><span class='ocrx_word' id='word_1_89' title='bbox 106 957 223 986; x_wconf 84' lang='lat' dir='ltr'>staret</span> <span class='ocrx_word' id='word_1_90' title='bbox 241 950 345 986; x_wconf 89' lang='lat' dir='ltr'>bono</span> <span class='ocrx_word' id='word_1_91' title='bbox 365 949 532 999; x_wconf 88' lang='lat' dir='ltr'>publico,</span> <span class='ocrx_word' id='word_1_92' title='bbox 554 949 699 997; x_wconf 87' lang='lat' dir='ltr'>legatos</span> <span class='ocrx_word' id='word_1_93' title='bbox 720 961 766 984; x_wconf 85' lang='lat' dir='ltr'>ex</span> <span class='ocrx_word' id='word_1_94' title='bbox 785 946 1040 983; x_wconf 84' lang='lat' dir='ltr'>consularium</span> <span class='ocrx_word' id='word_1_95' title='bbox 1060 958 1220 982; x_wconf 87' lang='lat' dir='ltr'>numero</span> 
     </span>
     <span class='ocr_line' id='line_1_14' title="bbox 108 1012 1222 1061; baseline -0.004 -11"><span class='ocrx_word' id='word_1_96' title='bbox 108 1014 311 1050; x_wconf 88' lang='lat' dir='ltr'>mittendos</span> <span class='ocrx_word' id='word_1_97' title='bbox 333 1014 378 1050; x_wconf 88' lang='lat' dir='ltr'>ad</span> <span class='ocrx_word' id='word_1_98' title='bbox 405 1026 490 1049; x_wconf 91' lang='lat' dir='ltr'>eum</span> <span class='ocrx_word' id='word_1_99' title='bbox 517 1019 668 1049; x_wconf 88' lang='lat' dir='ltr'>senatus</span> <span class='ocrx_word' id='word_1_100' title='bbox 690 1013 859 1048; x_wconf 87' lang='lat' dir='ltr'>censuit:</span> <span class='ocrx_word' id='word_1_101' title='bbox 892 1012 956 1061; x_wconf 90' lang='lat' dir='ltr'>qui</span> <span class='ocrx_word' id='word_1_102' title='bbox 986 1023 1053 1047; x_wconf 89' lang='lat' dir='ltr'>sua</span> <span class='ocrx_word' id='word_1_103' title='bbox 1071 1023 1222 1060; x_wconf 86' lang='lat' dir='ltr'>qnoque</span> 
     </span>
     <span class='ocr_line' id='line_1_15' title="bbox 108 1077 1225 1128; baseline -0.004 -14"><span class='ocrx_word' id='word_1_104' title='bbox 108 1092 207 1122; x_wconf 86' lang='lat' dir='ltr'>eum,</span> <span class='ocrx_word' id='word_1_105' title='bbox 233 1091 311 1114; x_wconf 84' lang='lat' dir='ltr'>non</span> <span class='ocrx_word' id='word_1_106' title='bbox 342 1078 495 1128; x_wconf 88' lang='lat' dir='ltr'>publica</span> <span class='ocrx_word' id='word_1_107' title='bbox 524 1077 660 1120; x_wconf 87' lang='lat' dir='ltr'>solum,</span> <span class='ocrx_word' id='word_1_108' title='bbox 688 1077 915 1113; x_wconf 86' lang='lat' dir='ltr'>auctoritate</span> <span class='ocrx_word' id='word_1_109' title='bbox 945 1081 1154 1118; x_wconf 85' lang='lat' dir='ltr'>moverent,</span> <span class='ocrx_word' id='word_1_110' title='bbox 1183 1081 1225 1110; x_wconf 88' lang='lat' dir='ltr'>ut</span> 
     </span>
     <span class='ocr_line' id='line_1_16' title="bbox 109 1139 1223 1191; baseline -0.004 -12"><span class='ocrx_word' id='word_1_111' title='bbox 109 1144 329 1179; x_wconf 86' lang='lat' dir='ltr'>memoriam</span> <span class='ocrx_word' id='word_1_112' title='bbox 349 1142 597 1178; x_wconf 84' lang='lat' dir='ltr'>simultatium</span> <span class='ocrx_word' id='word_1_113' title='bbox 626 1142 758 1191; x_wconf 81' lang='lat' dir='ltr'>patriae</span> <span class='ocrx_word' id='word_1_114' title='bbox 785 1141 1006 1176; x_wconf 87' lang='lat' dir='ltr'>remitteret.</span> <span class='ocrx_word' id='word_1_115' title='bbox 1054 1139 1223 1176; x_wconf 87' lang='lat' dir='ltr'>Profecti</span> 
     </span>
     <span class='ocr_line' id='line_1_17' title="bbox 109 1204 1222 1254; baseline -0.003 -12"><span class='ocrx_word' id='word_1_116' title='bbox 109 1207 223 1254; x_wconf 82' lang='lat' dir='ltr'>legati</span> <span class='ocrx_word' id='word_1_117' title='bbox 251 1206 297 1242; x_wconf 86' lang='lat' dir='ltr'>ad</span> <span class='ocrx_word' id='word_1_118' title='bbox 322 1205 482 1241; x_wconf 86' lang='lat' dir='ltr'>Fabium</span> <span class='ocrx_word' id='word_1_119' title='bbox 509 1218 622 1254; x_wconf 84' lang='lat' dir='ltr'>quum</span> <span class='ocrx_word' id='word_1_120' title='bbox 650 1204 1020 1240; x_wconf 85' lang='lat' dir='ltr'>senatusconsultum</span> <span class='ocrx_word' id='word_1_121' title='bbox 1046 1204 1222 1240; x_wconf 79' lang='lat' dir='ltr'>tradidis-</span> 
     </span>
     <span class='ocr_line' id='line_1_18' title="bbox 110 1268 1221 1319; baseline -0.004 -13"><span class='ocrx_word' id='word_1_122' title='bbox 110 1277 207 1313; x_wconf 83' lang='lat' dir='ltr'>sent,</span> <span class='ocrx_word' id='word_1_123' title='bbox 232 1268 529 1319; x_wconf 85' lang='lat' dir='ltr'>adjecissentque</span> <span class='ocrx_word' id='word_1_124' title='bbox 557 1269 768 1304; x_wconf 85' lang='lat' dir='ltr'>orationem</span> <span class='ocrx_word' id='word_1_125' title='bbox 796 1268 1084 1304; x_wconf 83' lang='lat' dir='ltr'>convenientem</span> <span class='ocrx_word' id='word_1_126' title='bbox 1113 1280 1221 1303; x_wconf 89' lang='lat' dir='ltr'>man-</span> 
     </span>
     <span class='ocr_line' id='line_1_19' title="bbox 109 1330 1229 1375; baseline -0.004 -5"><span class='ocrx_word' id='word_1_127' title='bbox 109 1334 220 1375; x_wconf 80' lang='lat' dir='ltr'>datis,</span> <span class='ocrx_word' id='word_1_128' title='bbox 247 1332 393 1374; x_wconf 87' lang='lat' dir='ltr'>consul,</span> <span class='ocrx_word' id='word_1_129' title='bbox 414 1333 582 1367; x_wconf 85' lang='lat' dir='ltr'>demissis</span> <span class='ocrx_word' id='word_1_130' title='bbox 613 1333 652 1367; x_wconf 88' lang='lat' dir='ltr'>in</span> <span class='ocrx_word' id='word_1_131' title='bbox 678 1338 816 1367; x_wconf 81' lang='lat' dir='ltr'>terram</span> <span class='ocrx_word' id='word_1_132' title='bbox 843 1330 976 1374; x_wconf 85' lang='lat' dir='ltr'>oculis,</span> <span class='ocrx_word' id='word_1_133' title='bbox 1004 1331 1141 1367; x_wconf 85' lang='lat' dir='ltr'>tacitus</span> <span class='ocrx_word' id='word_1_134' title='bbox 1173 1331 1229 1367; x_wconf 86' lang='lat' dir='ltr'>ab·</span> 
     </span>
     <span class='ocr_line' id='line_1_20' title="bbox 108 1394 1216 1445; baseline -0.003 -12"><span class='ocrx_word' id='word_1_135' title='bbox 108 1397 274 1439; x_wconf 83' lang='lat' dir='ltr'>incertis,</span> <span class='ocrx_word' id='word_1_136' title='bbox 309 1396 487 1445; x_wconf 82' lang='lat' dir='ltr'>quidnam</span> <span class='ocrx_word' id='word_1_137' title='bbox 525 1402 676 1431; x_wconf 85' lang='lat' dir='ltr'>acturus</span> <span class='ocrx_word' id='word_1_138' title='bbox 714 1401 826 1438; x_wconf 86' lang='lat' dir='ltr'>esset,</span> <span class='ocrx_word' id='word_1_139' title='bbox 864 1394 999 1443; x_wconf 83' lang='lat' dir='ltr'>legatis</span> <span class='ocrx_word' id='word_1_140' title='bbox 1036 1395 1216 1431; x_wconf 87' lang='lat' dir='ltr'>recessit:</span> 
     </span>
     <span class='ocr_line' id='line_1_21' title="bbox 105 1456 1422 1510; baseline -0.002 -12"><span class='ocrx_word' id='word_1_141' title='bbox 105 1468 219 1499; x_wconf 86' lang='lat' dir='ltr'>nocte</span> <span class='ocrx_word' id='word_1_142' title='bbox 252 1461 386 1497; x_wconf 89' lang='lat' dir='ltr'>deinde</span> <span class='ocrx_word' id='word_1_143' title='bbox 423 1461 573 1497; x_wconf 86' lang='lat' dir='ltr'>silentio</span> <span class='ocrx_word' id='word_1_144' title='bbox 615 1463 674 1508; x_wconf 85' lang='lat' dir='ltr'>(ut</span> <span class='ocrx_word' id='word_1_145' title='bbox 711 1473 791 1496; x_wconf 89' lang='lat' dir='ltr'>mos</span> <span class='ocrx_word' id='word_1_146' title='bbox 830 1461 904 1508; x_wconf 81' lang='lat' dir='ltr'>est)</span> <span class='ocrx_word' id='word_1_147' title='bbox 943 1460 991 1497; x_wconf 92' lang='lat' dir='ltr'>L.</span> <span class='ocrx_word' id='word_1_148' title='bbox 1025 1456 1422 1510; x_wconf 65' lang='lat' dir='ltr'>Papirinn1Eabiusl&#39;51-</span> 
     </span>
     <span class='ocr_line' id='line_1_22' title="bbox 109 1501 1439 1574; baseline -0.001 -12"><span class='ocrx_word' id='word_1_149' title='bbox 109 1527 333 1563; x_wconf 85' lang='lat' dir='ltr'>dictatorem</span> <span class='ocrx_word' id='word_1_150' title='bbox 370 1525 487 1561; x_wconf 74' lang='lat' dir='ltr'>dixit:</span> <span class='ocrx_word' id='word_1_151' title='bbox 529 1526 588 1560; x_wconf 92' lang='lat' dir='ltr'>cui</span> <span class='ocrx_word' id='word_1_152' title='bbox 626 1538 739 1574; x_wconf 87' lang='lat' dir='ltr'>quum</span> <span class='ocrx_word' id='word_1_153' title='bbox 777 1525 826 1561; x_wconf 91' lang='lat' dir='ltr'>ob</span> <span class='ocrx_word' id='word_1_154' title='bbox 864 1526 1032 1561; x_wconf 82' lang='lat' dir='ltr'>animum</span> <span class='ocrx_word' id='word_1_155' title='bbox 1070 1526 1219 1574; x_wconf 87' lang='lat' dir='ltr'>egregie</span> <span class='ocrx_word' id='word_1_156' title='bbox 1233 1501 1439 1573; x_wconf 44' lang='lat' dir='ltr'>ffissssgndffi-</span> 
     </span>
     <span class='ocr_line' id='line_1_23' title="bbox 108 1587 1284 1639; baseline -0.001 -12"><span class='ocrx_word' id='word_1_157' title='bbox 108 1592 249 1627; x_wconf 86' lang='lat' dir='ltr'>victum</span> <span class='ocrx_word' id='word_1_158' title='bbox 269 1590 384 1639; x_wconf 83' lang='lat' dir='ltr'>legati</span> <span class='ocrx_word' id='word_1_159' title='bbox 404 1590 543 1639; x_wconf 80' lang='lat' dir='ltr'>gratias</span> <span class='ocrx_word' id='word_1_160' title='bbox 571 1596 741 1638; x_wconf 81' lang='lat' dir='ltr'>agerent,</span> <span class='ocrx_word' id='word_1_161' title='bbox 763 1589 998 1625; x_wconf 83' lang='lat' dir='ltr'>obstinatum</span> <span class='ocrx_word' id='word_1_162' title='bbox 1026 1589 1218 1626; x_wconf 85' lang='lat' dir='ltr'>silentium</span> <span class='ocrx_word' id='word_1_163' title='bbox 1231 1587 1284 1616; x_wconf 88' lang='lat' dir='ltr'>cit.</span> 
     </span>
     <span class='ocr_line' id='line_1_24' title="bbox 107 1653 1219 1703; baseline 0 -13"><span class='ocrx_word' id='word_1_164' title='bbox 107 1655 287 1697; x_wconf 85' lang='lat' dir='ltr'>obtinuit,</span> <span class='ocrx_word' id='word_1_165' title='bbox 309 1667 351 1690; x_wconf 88' lang='lat' dir='ltr'>ac</span> <span class='ocrx_word' id='word_1_166' title='bbox 372 1654 451 1689; x_wconf 86' lang='lat' dir='ltr'>sine</span> <span class='ocrx_word' id='word_1_167' title='bbox 480 1666 663 1703; x_wconf 86' lang='lat' dir='ltr'>responso</span> <span class='ocrx_word' id='word_1_168' title='bbox 684 1666 726 1689; x_wconf 85' lang='lat' dir='ltr'>ac</span> <span class='ocrx_word' id='word_1_169' title='bbox 754 1654 947 1689; x_wconf 83' lang='lat' dir='ltr'>mentione</span> <span class='ocrx_word' id='word_1_170' title='bbox 967 1653 1057 1690; x_wconf 76' lang='lat' dir='ltr'>facti</span> <span class='ocrx_word' id='word_1_171' title='bbox 1089 1654 1146 1689; x_wconf 90' lang='lat' dir='ltr'>sui</span> <span class='ocrx_word' id='word_1_172' title='bbox 1166 1654 1219 1690; x_wconf 88' lang='lat' dir='ltr'>le-</span> 
     </span>
     <span class='ocr_line' id='line_1_25' title="bbox 107 1717 1220 1768; baseline -0.002 -13"><span class='ocrx_word' id='word_1_173' title='bbox 107 1727 216 1768; x_wconf 84' lang='lat' dir='ltr'>gatos</span> <span class='ocrx_word' id='word_1_174' title='bbox 245 1719 401 1760; x_wconf 85' lang='lat' dir='ltr'>dimisit,</span> <span class='ocrx_word' id='word_1_175' title='bbox 434 1727 474 1753; x_wconf 90' lang='lat' dir='ltr'>ut</span> <span class='ocrx_word' id='word_1_176' title='bbox 508 1719 715 1768; x_wconf 81' lang='lat' dir='ltr'>adpareret,</span> <span class='ocrx_word' id='word_1_177' title='bbox 749 1718 935 1765; x_wconf 83' lang='lat' dir='ltr'>insignem</span> <span class='ocrx_word' id='word_1_178' title='bbox 958 1717 1128 1753; x_wconf 83' lang='lat' dir='ltr'>dolorem</span> <span class='ocrx_word' id='word_1_179' title='bbox 1162 1719 1220 1753; x_wconf 89' lang='lat' dir='ltr'>in-</span> 
     </span>
     <span class='ocr_line' id='line_1_26' title="bbox 108 1782 1221 1832; baseline -0.001 -13"><span class='ocrx_word' id='word_1_180' title='bbox 108 1784 211 1832; x_wconf 87' lang='lat' dir='ltr'>genti</span> <span class='ocrx_word' id='word_1_181' title='bbox 233 1783 428 1832; x_wconf 88' lang='lat' dir='ltr'>comprimi</span> <span class='ocrx_word' id='word_1_182' title='bbox 449 1783 588 1818; x_wconf 85' lang='lat' dir='ltr'>animo.</span> <span class='ocrx_word' id='word_1_183' title='bbox 636 1782 809 1832; x_wconf 79' lang='lat' dir='ltr'>Papirius</span> <span class='ocrx_word' id='word_1_184' title='bbox 832 1783 874 1819; x_wconf 89' lang='lat' dir='ltr'>C.</span> <span class='ocrx_word' id='word_1_185' title='bbox 896 1782 1054 1818; x_wconf 79' lang='lat' dir='ltr'>Junium</span> <span class='ocrx_word' id='word_1_186' title='bbox 1076 1782 1221 1818; x_wconf 80' lang='lat' dir='ltr'>Bubul-</span> 
     </span>
     <span class='ocr_line' id='line_1_27' title="bbox 106 1846 1220 1895; baseline -0.001 -12"><span class='ocrx_word' id='word_1_187' title='bbox 106 1860 191 1884; x_wconf 90' lang='lat' dir='ltr'>cum</span> <span class='ocrx_word' id='word_1_188' title='bbox 210 1847 432 1894; x_wconf 85' lang='lat' dir='ltr'>magistrum</span> <span class='ocrx_word' id='word_1_189' title='bbox 460 1847 627 1894; x_wconf 85' lang='lat' dir='ltr'>equitum</span> <span class='ocrx_word' id='word_1_190' title='bbox 648 1846 765 1881; x_wconf 76' lang='lat' dir='ltr'>dixit:</span> <span class='ocrx_word' id='word_1_191' title='bbox 799 1853 911 1895; x_wconf 83' lang='lat' dir='ltr'>atque</span> <span class='ocrx_word' id='word_1_192' title='bbox 937 1847 984 1888; x_wconf 89' lang='lat' dir='ltr'>ei,</span> <span class='ocrx_word' id='word_1_193' title='bbox 1007 1846 1128 1894; x_wconf 82' lang='lat' dir='ltr'>legem</span> <span class='ocrx_word' id='word_1_194' title='bbox 1156 1860 1220 1882; x_wconf 82' lang='lat' dir='ltr'>cu—</span> 
     </span>
     <span class='ocr_line' id='line_1_28' title="bbox 106 1909 1218 1959; baseline 0 -13"><span class='ocrx_word' id='word_1_195' title='bbox 106 1913 239 1947; x_wconf 87' lang='lat' dir='ltr'>riatam</span> <span class='ocrx_word' id='word_1_196' title='bbox 261 1911 307 1946; x_wconf 89' lang='lat' dir='ltr'>de</span> <span class='ocrx_word' id='word_1_197' title='bbox 334 1911 491 1959; x_wconf 86' lang='lat' dir='ltr'>imperio</span> <span class='ocrx_word' id='word_1_198' title='bbox 512 1909 662 1952; x_wconf 85' lang='lat' dir='ltr'>ferenti,</span> <span class='ocrx_word' id='word_1_199' title='bbox 684 1912 790 1946; x_wconf 86' lang='lat' dir='ltr'>triste</span> <span class='ocrx_word' id='word_1_200' title='bbox 819 1923 931 1946; x_wconf 86' lang='lat' dir='ltr'>omen</span> <span class='ocrx_word' id='word_1_201' title='bbox 952 1910 1051 1946; x_wconf 87' lang='lat' dir='ltr'>diem</span> <span class='ocrx_word' id='word_1_202' title='bbox 1071 1911 1218 1953; x_wconf 82' lang='lat' dir='ltr'>diffidit,</span> 
     </span>
     <span class='ocr_line' id='line_1_29' title="bbox 108 1973 1350 2024; baseline -0.002 -15"><span class='ocrx_word' id='word_1_203' title='bbox 108 1974 209 2023; x_wconf 84' lang='lat' dir='ltr'>quod</span> <span class='ocrx_word' id='word_1_204' title='bbox 227 1973 366 2009; x_wconf 87' lang='lat' dir='ltr'>Faucia</span> <span class='ocrx_word' id='word_1_205' title='bbox 395 1975 498 2010; x_wconf 85' lang='lat' dir='ltr'>curia</span> <span class='ocrx_word' id='word_1_206' title='bbox 517 1974 589 2009; x_wconf 82' lang='lat' dir='ltr'>fuit</span> <span class='ocrx_word' id='word_1_207' title='bbox 619 1974 859 2024; x_wconf 72' lang='lat' dir='ltr'>principium,</span> <span class='ocrx_word' id='word_1_208' title='bbox 888 1973 1032 2009; x_wconf 83' lang='lat' dir='ltr'>duabus</span> <span class='ocrx_word' id='word_1_209' title='bbox 1061 1975 1218 2022; x_wconf 76' lang='lat' dir='ltr'>insignis</span> <span class='ocrx_word' id='word_1_210' title='bbox 1235 1981 1350 2010; x_wconf 40' lang='lat' dir='ltr'>Faue}</span> 
     </span>
     <span class='ocr_line' id='line_1_30' title="bbox 110 2033 1332 2086; baseline 0 -14"><span class='ocrx_word' id='word_1_211' title='bbox 110 2036 291 2079; x_wconf 78' lang='lat' dir='ltr'>cladibus,</span> <span class='ocrx_word' id='word_1_212' title='bbox 309 2043 428 2086; x_wconf 84' lang='lat' dir='ltr'>captae</span> <span class='ocrx_word' id='word_1_213' title='bbox 445 2037 560 2079; x_wconf 89' lang='lat' dir='ltr'>urbis,</span> <span class='ocrx_word' id='word_1_214' title='bbox 582 2044 617 2073; x_wconf 89' lang='lat' dir='ltr'>et</span> <span class='ocrx_word' id='word_1_215' title='bbox 636 2037 816 2083; x_wconf 56' lang='lat' dir='ltr'>Caudiuge</span> <span class='ocrx_word' id='word_1_216' title='bbox 837 2037 938 2086; x_wconf 76' lang='lat' dir='ltr'>pacis</span> <span class='ocrx_word' id='word_1_217' title='bbox 955 2052 962 2071; x_wconf 89' lang='lat'>:</span> <span class='ocrx_word' id='word_1_218' title='bbox 996 2037 1096 2085; x_wconf 86' lang='lat' dir='ltr'>quod</span> <span class='ocrx_word' id='word_1_219' title='bbox 1116 2044 1220 2073; x_wconf 82' lang='lat' dir='ltr'>utro·</span> <span class='ocrx_word' id='word_1_220' title='bbox 1234 2033 1332 2053; x_wconf 69' lang='lat' dir='ltr'>cum.</span> 
     </span>
     <span class='ocr_line' id='line_1_31' title="bbox 109 2101 1223 2150; baseline 0.002 -15"><span class='ocrx_word' id='word_1_221' title='bbox 109 2114 180 2149; x_wconf 87' lang='lat' dir='ltr'>que</span> <span class='ocrx_word' id='word_1_222' title='bbox 201 2114 301 2137; x_wconf 84' lang='lat' dir='ltr'>anno</span> <span class='ocrx_word' id='word_1_223' title='bbox 322 2101 450 2137; x_wconf 87' lang='lat' dir='ltr'>eadem</span> <span class='ocrx_word' id='word_1_224' title='bbox 471 2102 574 2137; x_wconf 82' lang='lat' dir='ltr'>curia</span> <span class='ocrx_word' id='word_1_225' title='bbox 592 2101 716 2137; x_wconf 83' lang='lat' dir='ltr'>fuerat</span> <span class='ocrx_word' id='word_1_226' title='bbox 737 2101 974 2150; x_wconf 59' lang='lat' dir='ltr'>principiunh</span> <span class='ocrx_word' id='word_1_227' title='bbox 1004 2101 1137 2137; x_wconf 83' lang='lat' dir='ltr'>Macer</span> <span class='ocrx_word' id='word_1_228' title='bbox 1155 2102 1223 2137; x_wconf 90' lang='lat' dir='ltr'>Li-</span> 
     </span>
     <span class='ocr_line' id='line_1_32' title="bbox 111 2165 1225 2216; baseline 0.003 -17"><span class='ocrx_word' id='word_1_229' title='bbox 111 2166 229 2200; x_wconf 79' lang='lat' dir='ltr'>cinius</span> <span class='ocrx_word' id='word_1_230' title='bbox 250 2167 362 2201; x_wconf 78' lang='lat' dir='ltr'>tertia</span> <span class='ocrx_word' id='word_1_231' title='bbox 381 2167 495 2202; x_wconf 85' lang='lat' dir='ltr'>etiam</span> <span class='ocrx_word' id='word_1_232' title='bbox 515 2165 633 2208; x_wconf 87' lang='lat' dir='ltr'>clade,</span> <span class='ocrx_word' id='word_1_233' title='bbox 655 2179 736 2214; x_wconf 66' lang='lat' dir='ltr'>quse</span> <span class='ocrx_word' id='word_1_234' title='bbox 765 2165 811 2200; x_wconf 90' lang='lat' dir='ltr'>ad</span> <span class='ocrx_word' id='word_1_235' title='bbox 832 2166 1047 2200; x_wconf 63' lang='lat' dir='ltr'>Cremeram</span> <span class='ocrx_word' id='word_1_236' title='bbox 1069 2173 1225 2216; x_wconf 79' lang='lat' dir='ltr'>accepta</span> 
     </span>
     <span class='ocr_line' id='line_1_33' title="bbox 112 2228 886 2271; baseline 0 -8"><span class='ocrx_word' id='word_1_237' title='bbox 112 2236 181 2271; x_wconf 78' lang='lat' dir='ltr'>est,</span> <span class='ocrx_word' id='word_1_238' title='bbox 204 2229 497 2266; x_wconf 83' lang='lat' dir='ltr'>abominandam</span> <span class='ocrx_word' id='word_1_239' title='bbox 517 2242 600 2265; x_wconf 83' lang='lat' dir='ltr'>eam</span> <span class='ocrx_word' id='word_1_240' title='bbox 621 2230 762 2265; x_wconf 86' lang='lat' dir='ltr'>curiam</span> <span class='ocrx_word' id='word_1_241' title='bbox 782 2228 886 2264; x_wconf 77' lang='lat' dir='ltr'>facit.</span> 
     </span>
    </p>

    <p class='ocr_par' dir='ltr' id='par_1_4' title="bbox 165 2292 1224 2343">
     <span class='ocr_line' id='line_1_34' title="bbox 165 2292 1224 2343; baseline -0.005 -14"><span class='ocrx_word' id='word_1_242' title='bbox 165 2292 364 2330; x_wconf 82' lang='lat' dir='ltr'>XXXIX.</span> <span class='ocrx_word' id='word_1_243' title='bbox 406 2293 582 2330; x_wconf 79' lang='lat' dir='ltr'>Dictator</span> <span class='ocrx_word' id='word_1_244' title='bbox 609 2299 762 2343; x_wconf 77' lang='lat' dir='ltr'>postero</span> <span class='ocrx_word' id='word_1_245' title='bbox 784 2293 855 2329; x_wconf 72' lang='lat' dir='ltr'>die».</span> <span class='ocrx_word' id='word_1_246' title='bbox 885 2293 1058 2343; x_wconf 70' lang='lat' dir='ltr'>auspiciis</span> <span class='ocrx_word' id='word_1_247' title='bbox 1089 2295 1224 2342; x_wconf 60' lang='lat' dir='ltr'>regn-:3-</span> 
     </span>
    </p>

    <p class='ocr_par' dir='ltr' id='par_1_5' title="bbox 230 2356 715 2392">
     <span class='ocr_line' id='line_1_35' title="bbox 230 2356 715 2392; baseline -0.004 2"><span class='ocrx_word' id='word_1_248' title='bbox 230 2369 236 2375; x_wconf 83' lang='grc'><strong>’</strong></span> <span class='ocrx_word' id='word_1_249' title='bbox 635 2356 671 2392; x_wconf 76' lang='lat' dir='ltr'>D</span> <span class='ocrx_word' id='word_1_250' title='bbox 694 2356 715 2392; x_wconf 82' lang='lat'>6</span> 
     </span>
    </p>
   </div>
  </div>
 </body>
</html>
