1527 2661
367 184 521 212 LIBER
543 182 652 211 xx1.
686 182 792 210 cAP.
816 182 912 211 ΧΠ.
1108 170 1185 223 167

75 272 182 309 nium
201 271 318 321 longa
337 271 550 315 obsidione,
572 277 609 308 et
642 272 826 308 minuitur
856 271 1091 323 exspectatio
1121 284 1186 308 ex·
1200 282 1293 315 uc,
1311 288 1384 315 534.

73 342 192 372 ternae
220 337 326 387 opis;
359 348 475 385 quum
499 341 578 372 tam
598 335 730 386 procul
748 335 930 379 Romani,
959 336 1070 372 unica
1089 347 1188 387 spes,
1200 327 1241 360 Α·
1257 327 1296 360 C·
1311 333 1386 359 21⁸.

75 400 175 437 circa
203 402 332 437 omnia
358 401 526 437 hostium
553 407 689 437 essent.
739 400 951 452 Paullisper
970 407 1099 437 tamen
1122 401 1188 437 ad-

74 464 195 502 fectos
229 466 376 502 animos
411 458 825 516 recreavit⁷repentina
855 465 1044 515 profectio
1077 464 1188 501 Han-

71 528 208 565 nibalis
245 530 284 566 in
318 530 508 566 Oretanos
541 529 876 579 Carpetanosque:
909 529 973 578 qui
1006 529 1082 565 duo
1118 542 1188 579 po-

71 592 165 644 puli,
192 593 357 631 delectus
391 593 599 630 acerbitate
627 594 875 637 consternati,
907 595 1063 630 retentis
1094 607 1187 630 con-

59 658 332 706 quisitoribus,
382 666 526 695 metum
570 658 793 695 defectionis
839 671 954 707 quum
1003 658 1186 708 praebuis-

70 727 168 764 seut,
190 721 361 772 obpressi
380 722 573 759 celeritate
600 721 845 765 Hannibalis,
867 722 1078 758 omiserunt
1103 735 1187 759 mo-

66 790 107 821 ta
126 797 241 822 arma.

120 849 217 886 XII.
246 849 330 886 Nec
357 850 519 899 Sagunti
538 849 775 901 obpugnatio
801 850 955 898 segnior
981 856 1075 894 erat,
1095 850 1184 887 Μα-

67 913 237 958 harbale,
266 914 497 952 Himilconis
524 914 617 958 filio,
649 915 752 962 (eum
778 913 999 964 praefecerat
1029 914 1183 952 Hanni-

63 978 146 1026 bal)
167 981 221 1017 ita
248 980 397 1032 inpigre
425 993 505 1017 rem
534 986 686 1029 agente,
717 985 759 1015 ut
787 979 922 1016 ducem
951 979 1082 1016 abesse
1111 992 1183 1017 nec

64 1044 178 1088 cives,
199 1058 269 1082 nec
287 1047 417 1083 hostes
438 1046 635 1082 sentirent.
687 1044 726 1080 Is
746 1051 783 1081 et
802 1043 938 1094 proelia
956 1044 1103 1094 aliquot
1123 1058 1181 1082 se·

66 1111 188 1148 cunda
212 1110 318 1155 fecit,
349 1118 387 1148 et
415 1111 537 1148 tribus
568 1109 748 1147 arietibus
775 1108 1054 1159 aliquantulum
1082 1110 1181 1146 muri

63 1174 262 1222 ‹liscussit5
296 1183 489 1226 strataque
519 1177 649 1212 omnia
679 1174 894 1211 recentibus
921 1175 1039 1210 ruinis
1067 1175 1180 1211 adve-

62 1239 184 1276 nienti
211 1239 423 1277 Hannibali
443 1240 622 1277 ostendit.
679 1238 815 1287 Itaque
841 1238 888 1274 ad
906 1238 1025 1289 ipsam
1053 1252 1178 1276 arcem

61 1303 254 1355 extemplo
273 1305 407 1341 ductus
438 1305 639 1347 exercitus,
670 1309 856 1352 atroxque
885 1302 1061 1352 proelium
1091 1316 1177 1340 cum

60 1367 267 1405 multorum
287 1369 476 1419 utrimque
495 1368 596 1405 caede
615 1368 766 1410 initum,
789 1373 826 1402 et
845 1379 930 1416 pars
952 1368 1046 1403 arcis
1064 1375 1176 1417 capta

9 1416 11 1455 ἶ
60 1437 130 1468 est.
177 1432 343 1469 Tentata
362 1433 497 1469 deinde
516 1445 583 1484 per
602 1432 696 1468 duos
717 1437 775 1466 est
794 1431 931 1479 exigua
950 1432 1053 1481 pacis
1074 1444 1173 1482 spes,
1186 1433 1251 1464 Pax
1267 1434 1381 1465 frustra

58 1494 244 1534 Alconem
265 1498 533 1547 Saguntinum,
555 1503 593 1534 et
610 1496 793 1533 Alorcum
821 1495 1051 1545 Hispanum.
1104 1496 1173 1533 Al-
1187 1484 1318 1508 tentata.

60 1572 148 1605 con,
178 1562 306 1599 insciis
339 1563 575 1612 Saguntinis,
607 1561 781 1620 precibus
809 1560 950 1609 aliquid
980 1567 1173 1598 moturum

58 1631 177 1669 ratus,
229 1639 345 1676 quum
393 1626 440 1663 ad
487 1624 748 1662 Hannibalem
793 1630 911 1660 noctu
959 1625 1171 1669 transisset,

55 1696 259 1740 postquam
285 1690 383 1726 nihil
411 1689 575 1727 lacrimae
605 1688 825 1730 movebant,
856 1688 1172 1738 conditionesque

18 1787 19 1790 ,
57 1754 199 1798 tristes,
230 1761 273 1790 ut
304 1755 351 1791 ab
389 1755 487 1791 irato
519 1755 678 1796 victore,
707 1753 942 1796 ferebantur,
973 1752 1173 1802 transfuga

15 1829 19 1877 j
57 1830 104 1855 ex
123 1825 275 1855 oratore
293 1818 431 1862 factus,
452 1819 550 1869 apud
570 1819 721 1854 hostem
747 1818 888 1854 mansit
900 1833 911 1863 3
943 1818 1170 1854 moriturum

16 1893 21 1920 ³
56 1882 273 1926 adfirmans,
294 1884 357 1932 qui
378 1883 446 1920 sub
468 1883 752 1920 conditionibus
771 1883 829 1918 his
851 1883 896 1918 de
915 1894 1008 1932 pace
1027 1888 1169 1932 ageret.

55 1947 327 1984 Postulabatur
346 1954 486 1992 autem,
508 1948 708 1984 redderent
726 1959 784 1983 res
804 1946 1032 1983 Turdetanis
1047 1963 1058 1992 3
1090 1953 1168 1984 tra·

51 2012 207 2062 ditoque
226 2014 330 2050 omni
357 2027 449 2050 auro
470 2020 583 2063 atque
608 2018 782 2061 argento,
804 2013 943 2061 egressi
971 2011 1063 2048 urbe
1082 2025 1169 2050 cum

19 2075 25 2114 l
51 2076 208 2125 singulis
239 2078 472 2114 vestimentis
504 2078 557 2114 ibi
582 2077 813 2120 habitarent,
843 2077 906 2113 ubi
927 2077 1068 2114 Poenus
1081 2077 1166 2127 jus-

19 2134 26 2164 3
53 2141 172 2178 sisset.
230 2141 312 2178 Has
340 2143 443 2192 pacis
474 2141 574 2191 leges
603 2142 794 2178 abnuente
813 2141 960 2178 Alcone
990 2149 1167 2193 acceptu-

54 2216 116 2240 ros
153 2205 401 2255 Saguntinos,
438 2206 616 2249 Alorcus,
654 2206 755 2242 vinci
792 2207 955 2249 animos,
991 2205 1055 2242 ubi
1094 2206 1168 2243 alla

53 2268 267 2312 vincantur,
294 2270 510 2313 adfirmans,
532 2283 571 2306 se
590 2270 693 2320 pacis
719 2269 799 2319 ejus
819 2270 1066 2319 interpretem
1083 2269 1166 2307 fore

51 2332 263 2382 pollicetur.
320 2335 416 2372 Erat
435 2340 562 2371 autem
587 2341 668 2371 tum
688 2334 795 2371 miles
814 2333 1071 2380 Hannibalis5
1104 2347 1165 2371 ce-
