1527 2661
104 329 148 360 U.
161 329 197 360 C.
212 334 285 363 536.

106 374 143 402 Δ.
158 373 194 403 C.
211 379 284 405 216.

297 238 380 283 274
740 239 786 272 τ.
808 239 945 273 mvn

296 331 402 369 bilior
417 331 510 368 alius
533 331 737 369 Trasimeno
756 334 854 369 locus
870 334 998 369 nostris
1016 331 1174 370 cladibus
1191 333 1270 369 erit.
1326 333 1402 371 Nec

294 398 476 446 gloriandi
501 401 635 446 tempus
653 399 820 434 adversus
843 410 953 434 unum
978 402 1054 443 est,·
1081 403 1123 434 ut
1141 410 1218 449 ego,
1246 403 1402 435 contem-

295 463 409 498 nendo
436 463 568 510 potius,
595 474 702 510 quam
734 463 948 510 adpetendo,
971 463 1140 510 gloriam,
1172 465 1317 500 modum
1344 476 1404 500 ex-

297 527 468 562 cesserim.
524 525 598 561 Sed
622 527 676 561 ita
698 538 754 562 res
779 526 906 562 habet:
935 538 1010 562 una
1033 529 1133 563 ratio
1154 528 1237 564 belli
1256 529 1405 576 gerendi

296 592 465 626 adversus
488 589 729 626 Hannibalem
756 596 820 634 est,
848 603 918 640 qua
945 603 1009 639 ego
1031 594 1148 639 gessi:
1173 604 1239 629 mec
1266 599 1408 629 eventus

296 655 400 690 modo
419 654 484 690 hoc
503 654 618 697 docet,
637 655 845 702 (stultorum
858 657 924 691 iste
936 657 1106 704 magister
1123 655 1191 702 est)
1208 657 1269 692 sed
1282 656 1406 692 eadem

296 720 405 761 ratio,
427 717 604 767 quaesitis,
615 718 832 767 futuraque,
854 721 964 756 donec
980 732 1036 756 res
1054 721 1181 757 eaedem
1199 719 1407 762 manebunt,

298 782 516 819 inmutabilis
543 787 604 819 est.
653 783 696 819 In
716 783 829 819 Italia
846 783 975 820 bellum-
997 786 1167 832 gerimus,
1195 786 1233 821 in
1259 784 1340 820 sede
1363 795 1408 820 ac

297 848 372 882 solo
400 851 545 883 nostro:
574 848 693 882 omnia
721 848 815 883 circa
847 849 956 896 plena
992 849 1119 884 civium
1154 860 1199 896 ac
1230 849 1406 884 sociorum

295 915 402 946 sunt:
431 913 553 953 armis,
582 912 681 954 viris,
715 912 822 960 equis,
857 912 1102 948 commeatibus
1121 910 1268 958 juvant,
1292 909 1405 957 juva·

294 975 470 1024 huntque:
499 977 538 1011 id
558 974 640 1021 jam
657 976 751 1024 fidei
779 977 1025 1012 documentum
1054 978 1091 1012 in
1120 977 1275 1012 adversis
1305 975 1406 1011 rebus

291 1043 421 1076 nostris
440 1042 634 1076 dederunt:
665 1042 836 1083 meliores,
861 1043 1126 1089 prudentiores,
1150 1041 1406 1077 constantiores

291 1117 355 1141 nos
382 1111 519 1154 tempus
537 1107 678 1153 diesque
692 1105 805 1153 facit.
853 1107 1040 1142 Hannibal
1059 1111 1180 1142 contra
1206 1108 1243 1142 in
1268 1106 1400 1147 aliena,

292 1171 329 1205 in
343 1170 464 1206 hostili
480 1174 531 1206 est
550 1175 658 1212 terra,
679 1172 771 1206 inter
786 1173 905 1206 omnia
921 1173 1067 1207 inimica
1082 1170 1296 1218 infestaque,
1311 1182 1400 1218 pro-

291 1235 351 1270 cul
368 1234 411 1270 ab
430 1235 546 1277 domo,
563 1235 694 1282 procul
710 1234 753 1270 ab
775 1236 927 1283 patria:
955 1247 1065 1282 neque
1084 1235 1141 1270 illi
1160 1239 1270 1276 terra,
1290 1245 1402 1282 neque

290 1301 384 1335 mari
402 1304 454 1335 est
476 1313 577 1348 pax:
604 1300 712 1335 nullae
737 1312 817 1335 eum
844 1299 947 1335 urbes
965 1301 1159 1348 accipiunt,
1189 1299 1292 1335 nulla
1317 1311 1400 1334 moe-

289 1366 352 1400 nia
364 1381 376 1400 :
403 1364 494 1401 nihil
508 1377 653 1413 usquam
671 1366 726 1401 sui
743 1366 863 1401 videt:
891 1366 927 1400 in
943 1365 1036 1401 diem
1053 1369 1159 1412 rapto
1174 1365 1272 1400 vivit.
1303 1364 1400 1400 Par-

291 1435 361 1466 tem
379 1430 438 1465 vix
457 1431 601 1465 tertiam
618 1430 789 1465 exercitus
806 1427 879 1474 ejus
903 1428 1022 1471 habet,
1043 1440 1143 1476 quem¹
1163 1428 1304 1464 Iberum
1323 1440 1402 1463 am-

289 1507 368 1531 nem
398 1493 562 1541 trajecit:
586 1494 710 1542 plures
728 1493 865 1542 fames,
896 1505 1003 1540 quam
1021 1492 1180 1541 ferrum,
1209 1493 1376 1528 absumsit
1386 1509 1400 1535 ,-

289 1571 353 1596 nec
381 1559 434 1595 his
456 1560 582 1607 paucis
600 1556 682 1604 jam
717 1559 827 1594 victus
853 1557 1066 1605 subpeditat.
1112 1556 1273 1592 Dubitas
1299 1569 1396 1604 ergo,

292 1624 376 1672 quin
405 1623 559 1659 sedendo
592 1623 796 1670 superaturi
822 1623 930 1657 simus
958 1633 1050 1663 eum,
1081 1622 1140 1668 qui
1172 1625 1326 1656 senescat
1362 1622 1399 1656 in

294 1688 401 1724 dies?
427 1699 499 1724 non
527 1690 751 1727 commeatus,
781 1697 851 1721 non
878 1685 1168 1732 subplementam,
1194 1697 1265 1720 non
1288 1696 1400 1732 pecu·

292 1754 393 1788 niam
422 1751 583 1788 habeat?
612 1751 792 1791 Quamdiu
818 1761 885 1797 pro
918 1750 1073 1791 Geronii,
1103 1749 1242 1784 castelli
1259 1749 1405 1796 Apulia>

292 1818 420 1865 inopis,
456 1821 639 1864 tamquam
665 1827 734 1864 pro
764 1814 1003 1861 Karthaginis
1029 1814 1228 1850 maenibus?
1256 1814 1327 1850 Sed
1357 1826 1403 1850 ne

294 1882 460 1917 adversus
480 1886 512 1917 te
531 1881 673 1928 quidem
692 1892 760 1927 ego
772 1879 966 1927 gloriabor.
1017 1878 1079 1914 Cn.
1102 1879 1275 1914 Servilius
1293 1884 1400 1927 atque

293 1947 442 1987 Atilius,
460 1946 618 1993 proximi
636 1945 805 1986 consum,
824 1945 916 1986 vide,
933 1944 1227 1992 quemadmodum
1245 1955 1326 1979 eum
1345 1944 1401 1980 lu-

295 2011 431 2060 dificati
448 2012 530 2045 sint.
562 2010 651 2045 Hcec
669 2022 743 2046 una
761 2010 888 2045 salutis
906 2013 956 2044 est
973 2010 1045 2051 via,
1066 2008 1111 2044 L.
1128 2009 1272 2051 Paulle,
1293 2020 1401 2056 quam

293 2074 476 2123 difficilem
492 2073 726 2122 infestamque
744 2074 832 2109 cives
845 2072 909 2108 sibi
928 2073 1051 2118 magis,
1069 2084 1175 2119 quam
1194 2071 1319 2113 hostes,
1329 2071 1400 2120 fa-

293 2139 400 2174 vient.
446 2138 545 2173 Idem
575 2138 668 2173 enim
697 2138 762 2179 tui,
793 2137 887 2185 quod
910 2135 1062 2171 hostium
1089 2136 1232 2177 milites,
1258 2136 1377 2171 volent
1387 2153 1403 2180 ‚-

293 2203 391 2239 idem
413 2202 539 2245 Varro,
566 2202 687 2238 consul
713 2201 908 2244 Romanus,
936 2202 1031 2250 quod
1054 2200 1249 2243 Hannibal,
1271 2202 1401 2238 Poenus

295 2270 502 2316 imperator,
524 2267 665 2315 cupiet:
691 2266 824 2302 duobus
843 2266 987 2302 ducibus
1005 2277 1095 2302 unus
1118 2267 1271 2308 resistas,
1292 2278 1398 2314 opor-

296 2337 346 2368 tet
359 2349 369 2368 .·
398 2333 533 2368 resistes
551 2335 684 2373 autem,
701 2332 868 2367 adversus
876 2330 1022 2379 famam
1040 2341 1265 2378 rumoresque
1283 2331 1397 2367 homi-

293 2409 377 2432 num
394 2398 424 2433 si
448 2398 535 2433 satis
549 2397 683 2447 firmus
705 2398 867 2433 steteris:
894 2397 978 2433 site
1003 2407 1113 2445 neque
1138 2396 1280 2444 collegae
1305 2408 1400 2432 vana
