<?xml version="1.0" encoding="UTF-8"?>
<!DOCTYPE html PUBLIC "-//W3C//DTD XHTML 1.0 Transitional//EN"
    "http://www.w3.org/TR/xhtml1/DTD/xhtml1-transitional.dtd">
<html xmlns="http://www.w3.org/1999/xhtml" xml:lang="en" lang="en">
 <head>
  <title>
</title>
<meta http-equiv="Content-Type" content="text/html;charset=utf-8" />
  <meta name='ocr-system' content='tesseract 3.04.00' />
  <meta name='ocr-capabilities' content='ocr_page ocr_carea ocr_par ocr_line ocrx_word'/>
</head>
<body>
  <div class='ocr_page' id='page_1' title='image "./historiarumquaes02livyuoft/historiarumquaes02livyuoft_0272.png"; bbox 0 0 1527 2661; ppageno 0'>
   <div class='ocr_carea' id='block_1_1' title="bbox 335 183 989 227">
    <p class='ocr_par' dir='ltr' id='par_1_1' title="bbox 335 183 989 227">
     <span class='ocr_line' id='line_1_1' title="bbox 335 183 989 227; baseline -0.008 0"><span class='ocrx_word' id='word_1_1' title='bbox 335 183 415 227; x_wconf 80' lang='lat'><strong>262</strong></span> <span class='ocrx_word' id='word_1_2' title='bbox 786 194 833 224; x_wconf 71' lang='grc' dir='ltr'><strong>Τ.</strong></span> <span class='ocrx_word' id='word_1_3' title='bbox 857 194 989 224; x_wconf 75' lang='lat' dir='ltr'><strong>uvir</strong></span> 
     </span>
    </p>
   </div>
   <div class='ocr_carea' id='block_1_2' title="bbox 138 280 1438 397">
    <p class='ocr_par' dir='ltr' id='par_1_2' title="bbox 138 280 1438 397">
     <span class='ocr_line' id='line_1_2' title="bbox 138 280 1437 333; baseline 0.002 -14"><span class='ocrx_word' id='word_1_4' title='bbox 138 287 230 320; x_wconf 69' lang='lat' dir='ltr'><strong>uc.</strong></span> <span class='ocrx_word' id='word_1_5' title='bbox 249 281 508 333; x_wconf 77' lang='lat' dir='ltr'><strong>535.vepribus</strong></span> <span class='ocrx_word' id='word_1_6' title='bbox 535 281 686 332; x_wconf 86' lang='lat' dir='ltr'><strong>quidem</strong></span> <span class='ocrx_word' id='word_1_7' title='bbox 718 282 894 318; x_wconf 84' lang='lat' dir='ltr'><strong>vestitum</strong></span> <span class='ocrx_word' id='word_1_8' title='bbox 924 280 1112 318; x_wconf 89' lang='lat' dir='ltr'><strong>habebat:</strong></span> <span class='ocrx_word' id='word_1_9' title='bbox 1146 294 1186 319; x_wconf 87' lang='lat' dir='ltr'><strong>re</strong></span> <span class='ocrx_word' id='word_1_10' title='bbox 1214 283 1297 332; x_wconf 85' lang='lat' dir='ltr'><strong>ipsa</strong></span> <span class='ocrx_word' id='word_1_11' title='bbox 1326 289 1437 321; x_wconf 70' lang='lat' dir='ltr'><strong>natus</strong></span> 
     </span>
     <span class='ocr_line' id='line_1_3' title="bbox 139 331 1438 397; baseline -0.001 -12"><span class='ocrx_word' id='word_1_12' title='bbox 139 333 176 363; x_wconf 65' lang='grc' dir='ltr'><strong>Α·</strong></span> <span class='ocrx_word' id='word_1_13' title='bbox 189 331 228 364; x_wconf 78' lang='lat' dir='ltr'><strong>C·</strong></span> <span class='ocrx_word' id='word_1_14' title='bbox 245 339 502 397; x_wconf 72' lang='lat' dir='ltr'><strong>217‘tegendis</strong></span> <span class='ocrx_word' id='word_1_15' title='bbox 529 347 687 389; x_wconf 83' lang='lat' dir='ltr'><strong>insidiis,</strong></span> <span class='ocrx_word' id='word_1_16' title='bbox 707 359 753 382; x_wconf 93' lang='lat' dir='ltr'><strong>eo</strong></span> <span class='ocrx_word' id='word_1_17' title='bbox 773 347 892 395; x_wconf 88' lang='lat' dir='ltr'><strong>magis</strong></span> <span class='ocrx_word' id='word_1_18' title='bbox 912 346 1014 395; x_wconf 87' lang='lat' dir='ltr'><strong>quod</strong></span> <span class='ocrx_word' id='word_1_19' title='bbox 1039 347 1078 382; x_wconf 88' lang='lat' dir='ltr'><strong>in</strong></span> <span class='ocrx_word' id='word_1_20' title='bbox 1098 347 1200 383; x_wconf 90' lang='lat' dir='ltr'><strong>nuda</strong></span> <span class='ocrx_word' id='word_1_21' title='bbox 1219 346 1315 384; x_wconf 88' lang='lat' dir='ltr'><strong>valle</strong></span> <span class='ocrx_word' id='word_1_22' title='bbox 1334 348 1438 384; x_wconf 89' lang='lat' dir='ltr'><strong>nulla</strong></span> 
     </span>
    </p>
   </div>
   <div class='ocr_carea' id='block_1_3' title="bbox 121 1443 305 1646">
    <p class='ocr_par' dir='ltr' id='par_1_3' title="bbox 121 1443 305 1646">
     <span class='ocr_line' id='line_1_4' title="bbox 124 1443 297 1483; baseline -0.006 -10"><span class='ocrx_word' id='word_1_23' title='bbox 124 1443 236 1483; x_wconf 77' lang='lat' dir='ltr'><strong>Pugna</strong></span> <span class='ocrx_word' id='word_1_24' title='bbox 250 1443 297 1472; x_wconf 84' lang='lat' dir='ltr'><strong>in-</strong></span> 
     </span>
     <span class='ocr_line' id='line_1_5' title="bbox 121 1486 305 1517; baseline -0.011 -1"><span class='ocrx_word' id='word_1_25' title='bbox 121 1494 165 1517; x_wconf 85' lang='lat' dir='ltr'><strong>ter</strong></span> <span class='ocrx_word' id='word_1_26' title='bbox 180 1486 305 1517; x_wconf 80' lang='lat' dir='ltr'><strong>Hanni-</strong></span> 
     </span>
     <span class='ocr_line' id='line_1_6' title="bbox 123 1530 279 1560; baseline -0.006 -1"><span class='ocrx_word' id='word_1_27' title='bbox 123 1530 231 1560; x_wconf 85' lang='lat' dir='ltr'><strong>balem</strong></span> <span class='ocrx_word' id='word_1_28' title='bbox 248 1535 279 1558; x_wconf 86' lang='lat' dir='ltr'><strong>et</strong></span> 
     </span>
     <span class='ocr_line' id='line_1_7' title="bbox 123 1572 236 1602; baseline 0.009 -1"><span class='ocrx_word' id='word_1_29' title='bbox 123 1572 236 1602; x_wconf 82' lang='lat' dir='ltr'><strong>Minu-</strong></span> 
     </span>
     <span class='ocr_line' id='line_1_8' title="bbox 123 1616 223 1646; baseline 0.02 -2"><span class='ocrx_word' id='word_1_30' title='bbox 123 1616 223 1646; x_wconf 80' lang='lat' dir='ltr'><strong>cium.</strong></span> 
     </span>
    </p>
   </div>
   <div class='ocr_carea' id='block_1_4' title="bbox 118 2209 293 2283">
    <p class='ocr_par' dir='ltr' id='par_1_4' title="bbox 118 2209 293 2283">
     <span class='ocr_line' id='line_1_9' title="bbox 122 2209 253 2240; baseline 0.023 -4"><span class='ocrx_word' id='word_1_31' title='bbox 122 2209 253 2240; x_wconf 22' lang='lat' dir='ltr'><strong>:taborat</strong></span> 
     </span>
     <span class='ocr_line' id='line_1_10' title="bbox 118 2251 293 2283; baseline 0.011 -4"><span class='ocrx_word' id='word_1_32' title='bbox 118 2251 293 2283; x_wconf 49' lang='lat' dir='ltr'><strong>lxlinucius.</strong></span> 
     </span>
    </p>
   </div>
   <div class='ocr_carea' id='block_1_5' title="bbox 307 410 1437 2378">
    <p class='ocr_par' dir='ltr' id='par_1_5' title="bbox 307 410 1437 2378">
     <span class='ocr_line' id='line_1_11' title="bbox 328 410 1435 459; baseline -0.002 -11"><span class='ocrx_word' id='word_1_33' title='bbox 328 410 414 448; x_wconf 87' lang='lat' dir='ltr'><strong>talis</strong></span> <span class='ocrx_word' id='word_1_34' title='bbox 434 410 535 446; x_wconf 87' lang='lat' dir='ltr'><strong>fraus</strong></span> <span class='ocrx_word' id='word_1_35' title='bbox 565 410 691 446; x_wconf 88' lang='lat' dir='ltr'><strong>timeri</strong></span> <span class='ocrx_word' id='word_1_36' title='bbox 719 415 892 459; x_wconf 85' lang='lat' dir='ltr'><strong>poterat:</strong></span> <span class='ocrx_word' id='word_1_37' title='bbox 926 417 964 445; x_wconf 86' lang='lat' dir='ltr'><strong>et</strong></span> <span class='ocrx_word' id='word_1_38' title='bbox 991 415 1099 445; x_wconf 86' lang='lat' dir='ltr'><strong>erant</strong></span> <span class='ocrx_word' id='word_1_39' title='bbox 1122 410 1161 446; x_wconf 89' lang='lat' dir='ltr'><strong>in</strong></span> <span class='ocrx_word' id='word_1_40' title='bbox 1190 410 1435 446; x_wconf 84' lang='lat' dir='ltr'>amfractibus</span> 
     </span>
     <span class='ocr_line' id='line_1_12' title="bbox 326 472 1436 524; baseline -0.004 -11"><span class='ocrx_word' id='word_1_41' title='bbox 326 488 428 513; x_wconf 84' lang='lat' dir='ltr'><strong>cavae</strong></span> <span class='ocrx_word' id='word_1_42' title='bbox 447 486 571 524; x_wconf 90' lang='lat' dir='ltr'><strong>rupes,</strong></span> <span class='ocrx_word' id='word_1_43' title='bbox 593 479 635 509; x_wconf 89' lang='lat' dir='ltr'><strong>ut</strong></span> <span class='ocrx_word' id='word_1_44' title='bbox 653 473 822 521; x_wconf 85' lang='lat' dir='ltr'><strong>quaedam</strong></span> <span class='ocrx_word' id='word_1_45' title='bbox 838 484 966 508; x_wconf 89' lang='lat' dir='ltr'><strong>earum</strong></span> <span class='ocrx_word' id='word_1_46' title='bbox 982 472 1146 509; x_wconf 89' lang='lat' dir='ltr'><strong>ducenos</strong></span> <span class='ocrx_word' id='word_1_47' title='bbox 1163 480 1328 510; x_wconf 87' lang='lat' dir='ltr'><strong>armatos</strong></span> <span class='ocrx_word' id='word_1_48' title='bbox 1347 486 1436 524; x_wconf 86' lang='lat' dir='ltr'><strong>pos-</strong></span> 
     </span>
     <span class='ocr_line' id='line_1_13' title="bbox 327 535 1437 587; baseline -0.003 -11"><span class='ocrx_word' id='word_1_49' title='bbox 327 546 411 576; x_wconf 87' lang='lat' dir='ltr'><strong>sent</strong></span> <span class='ocrx_word' id='word_1_50' title='bbox 431 549 575 587; x_wconf 82' lang='lat' dir='ltr'>capere.</span> <span class='ocrx_word' id='word_1_51' title='bbox 633 535 679 571; x_wconf 90' lang='lat' dir='ltr'><strong>In</strong></span> <span class='ocrx_word' id='word_1_52' title='bbox 698 536 765 571; x_wconf 90' lang='lat' dir='ltr'><strong>has</strong></span> <span class='ocrx_word' id='word_1_53' title='bbox 789 535 967 578; x_wconf 84' lang='lat' dir='ltr'><strong>latebras,</strong></span> <span class='ocrx_word' id='word_1_54' title='bbox 988 542 1082 585; x_wconf 92' lang='lat' dir='ltr'><strong>quot</strong></span> <span class='ocrx_word' id='word_1_55' title='bbox 1101 549 1286 585; x_wconf 86' lang='lat' dir='ltr'>quemque</span> <span class='ocrx_word' id='word_1_56' title='bbox 1310 536 1437 573; x_wconf 89' lang='lat' dir='ltr'><strong>locum</strong></span> 
     </span>
     <span class='ocr_line' id='line_1_14' title="bbox 326 598 1436 652; baseline -0.002 -15"><span class='ocrx_word' id='word_1_57' title='bbox 326 608 414 652; x_wconf 85' lang='lat' dir='ltr'><strong>apte</strong></span> <span class='ocrx_word' id='word_1_58' title='bbox 430 601 591 636; x_wconf 79' lang='lat' dir='ltr'><strong>insidere</strong></span> <span class='ocrx_word' id='word_1_59' title='bbox 610 605 802 649; x_wconf 88' lang='lat' dir='ltr'><strong>poterant,</strong></span> <span class='ocrx_word' id='word_1_60' title='bbox 820 599 985 648; x_wconf 87' lang='lat' dir='ltr'><strong>quinque</strong></span> <span class='ocrx_word' id='word_1_61' title='bbox 1004 598 1123 635; x_wconf 90' lang='lat' dir='ltr'><strong>millia</strong></span> <span class='ocrx_word' id='word_1_62' title='bbox 1138 599 1353 636; x_wconf 88' lang='lat' dir='ltr'><strong>conduntur</strong></span> <span class='ocrx_word' id='word_1_63' title='bbox 1370 612 1436 650; x_wconf 89' lang='lat' dir='ltr'><strong>pe-</strong></span> 
     </span>
     <span class='ocr_line' id='line_1_15' title="bbox 325 662 1436 714; baseline -0.003 -12"><span class='ocrx_word' id='word_1_64' title='bbox 325 666 445 702; x_wconf 91' lang='lat' dir='ltr'><strong>ditum</strong></span> <span class='ocrx_word' id='word_1_65' title='bbox 462 664 705 714; x_wconf 85' lang='lat' dir='ltr'><strong>equitumque</strong></span> <span class='ocrx_word' id='word_1_66' title='bbox 720 677 728 697; x_wconf 81' lang='lat' dir='ltr'>z</span> <span class='ocrx_word' id='word_1_67' title='bbox 759 662 894 698; x_wconf 84' lang='lat' dir='ltr'><strong>necubi</strong></span> <span class='ocrx_word' id='word_1_68' title='bbox 913 669 1039 699; x_wconf 89' lang='lat' dir='ltr'><strong>tamen</strong></span> <span class='ocrx_word' id='word_1_69' title='bbox 1056 669 1122 699; x_wconf 84' lang='lat' dir='ltr'><strong>aut</strong></span> <span class='ocrx_word' id='word_1_70' title='bbox 1136 669 1261 699; x_wconf 90' lang='lat' dir='ltr'><strong>motus</strong></span> <span class='ocrx_word' id='word_1_71' title='bbox 1277 662 1436 714; x_wconf 87' lang='lat' dir='ltr'><strong>alicujus</strong></span> 
     </span>
     <span class='ocr_line' id='line_1_16' title="bbox 322 726 1436 778; baseline -0.003 -10"><span class='ocrx_word' id='word_1_72' title='bbox 322 738 465 768; x_wconf 88' lang='lat' dir='ltr'><strong>temere</strong></span> <span class='ocrx_word' id='word_1_73' title='bbox 485 730 639 778; x_wconf 83' lang='lat' dir='ltr'><strong>egressi,</strong></span> <span class='ocrx_word' id='word_1_74' title='bbox 660 734 726 764; x_wconf 90' lang='lat' dir='ltr'><strong>aut</strong></span> <span class='ocrx_word' id='word_1_75' title='bbox 744 727 871 777; x_wconf 86' lang='lat' dir='ltr'>fulgor</span> <span class='ocrx_word' id='word_1_76' title='bbox 890 741 1081 765; x_wconf 85' lang='lat' dir='ltr'><strong>armorum</strong></span> <span class='ocrx_word' id='word_1_77' title='bbox 1095 726 1266 765; x_wconf 86' lang='lat' dir='ltr'><strong>fraudem</strong></span> <span class='ocrx_word' id='word_1_78' title='bbox 1281 729 1320 764; x_wconf 88' lang='lat' dir='ltr'><strong>in</strong></span> <span class='ocrx_word' id='word_1_79' title='bbox 1339 727 1436 765; x_wconf 79' lang='lat' dir='ltr'><strong>valle</strong></span> 
     </span>
     <span class='ocr_line' id='line_1_17' title="bbox 322 792 1435 846; baseline -0.003 -14"><span class='ocrx_word' id='word_1_80' title='bbox 322 802 400 833; x_wconf 86' lang='lat' dir='ltr'><strong>tam</strong></span> <span class='ocrx_word' id='word_1_81' title='bbox 428 800 559 846; x_wconf 88' lang='lat' dir='ltr'><strong>aperta</strong></span> <span class='ocrx_word' id='word_1_82' title='bbox 578 794 794 841; x_wconf 79' lang='lat' dir='ltr'><strong>detegeret3</strong></span> <span class='ocrx_word' id='word_1_83' title='bbox 826 793 949 828; x_wconf 89' lang='lat' dir='ltr'><strong>missis</strong></span> <span class='ocrx_word' id='word_1_84' title='bbox 978 794 1107 843; x_wconf 82' lang='lat' dir='ltr'><strong>paucis</strong></span> <span class='ocrx_word' id='word_1_85' title='bbox 1133 794 1255 843; x_wconf 91' lang='lat' dir='ltr'><strong>prima</strong></span> <span class='ocrx_word' id='word_1_86' title='bbox 1279 792 1362 829; x_wconf 89' lang='lat' dir='ltr'><strong>luce</strong></span> <span class='ocrx_word' id='word_1_87' title='bbox 1387 792 1435 829; x_wconf 90' lang='lat' dir='ltr'><strong>ad</strong></span> 
     </span>
     <span class='ocr_line' id='line_1_18' title="bbox 322 856 1436 910; baseline -0.004 -14"><span class='ocrx_word' id='word_1_88' title='bbox 322 860 560 910; x_wconf 86' lang='lat' dir='ltr'><strong>capiendum,</strong></span> <span class='ocrx_word' id='word_1_89' title='bbox 591 870 702 906; x_wconf 89' lang='lat' dir='ltr'><strong>quem</strong></span> <span class='ocrx_word' id='word_1_90' title='bbox 738 863 827 892; x_wconf 81' lang='lat' dir='ltr'><strong>ante</strong></span> <span class='ocrx_word' id='word_1_91' title='bbox 855 856 1030 900; x_wconf 82' lang='lat' dir='ltr'><strong>diximus,</strong></span> <span class='ocrx_word' id='word_1_92' title='bbox 1061 857 1261 900; x_wconf 89' lang='lat' dir='ltr'><strong>tumulum,</strong></span> <span class='ocrx_word' id='word_1_93' title='bbox 1299 857 1436 893; x_wconf 89' lang='lat' dir='ltr'><strong>avertit</strong></span> 
     </span>
     <span class='ocr_line' id='line_1_19' title="bbox 324 921 1433 971; baseline -0.004 -11"><span class='ocrx_word' id='word_1_94' title='bbox 324 923 454 960; x_wconf 89' lang='lat' dir='ltr'><strong>oculos</strong></span> <span class='ocrx_word' id='word_1_95' title='bbox 474 923 672 958; x_wconf 61' lang='lat' dir='ltr'><strong>hostium:</strong></span> <span class='ocrx_word' id='word_1_96' title='bbox 711 921 841 957; x_wconf 89' lang='lat' dir='ltr'><strong>Primo</strong></span> <span class='ocrx_word' id='word_1_97' title='bbox 861 922 991 957; x_wconf 83' lang='lat' dir='ltr'><strong>statim</strong></span> <span class='ocrx_word' id='word_1_98' title='bbox 1011 927 1218 971; x_wconf 90' lang='lat' dir='ltr'><strong>conspectu</strong></span> <span class='ocrx_word' id='word_1_99' title='bbox 1237 927 1433 957; x_wconf 89' lang='lat' dir='ltr'><strong>contemta</strong></span> 
     </span>
     <span class='ocr_line' id='line_1_20' title="bbox 322 984 1431 1038; baseline -0.003 -15"><span class='ocrx_word' id='word_1_100' title='bbox 322 988 516 1038; x_wconf 86' lang='lat' dir='ltr'><strong>paucitas:</strong></span> <span class='ocrx_word' id='word_1_101' title='bbox 550 999 593 1022; x_wconf 90' lang='lat' dir='ltr'><strong>ac</strong></span> <span class='ocrx_word' id='word_1_102' title='bbox 623 984 694 1020; x_wconf 84' lang='lat' dir='ltr'><strong>sibi</strong></span> <span class='ocrx_word' id='word_1_103' title='bbox 714 986 870 1033; x_wconf 90' lang='lat' dir='ltr'><strong>quisque</strong></span> <span class='ocrx_word' id='word_1_104' title='bbox 894 985 1096 1034; x_wconf 85' lang='lat' dir='ltr'><strong>deposcere</strong></span> <span class='ocrx_word' id='word_1_105' title='bbox 1124 984 1318 1035; x_wconf 86' lang='lat' dir='ltr'><strong>pellendos</strong></span> <span class='ocrx_word' id='word_1_106' title='bbox 1345 984 1431 1020; x_wconf 88' lang='lat' dir='ltr'><strong>inde</strong></span> 
     </span>
     <span class='ocr_line' id='line_1_21' title="bbox 322 1047 1432 1098; baseline -0.005 -10"><span class='ocrx_word' id='word_1_107' title='bbox 322 1053 475 1088; x_wconf 85' lang='lat' dir='ltr'><strong>hostes:</strong></span> <span class='ocrx_word' id='word_1_108' title='bbox 508 1049 555 1086; x_wconf 89' lang='lat' dir='ltr'><strong>ad</strong></span> <span class='ocrx_word' id='word_1_109' title='bbox 584 1049 710 1084; x_wconf 87' lang='lat' dir='ltr'><strong>locum</strong></span> <span class='ocrx_word' id='word_1_110' title='bbox 740 1048 963 1097; x_wconf 87' lang='lat' dir='ltr'><strong>capiendum</strong></span> <span class='ocrx_word' id='word_1_111' title='bbox 989 1048 1063 1084; x_wconf 88' lang='lat' dir='ltr'><strong>dux</strong></span> <span class='ocrx_word' id='word_1_112' title='bbox 1088 1048 1168 1098; x_wconf 91' lang='lat' dir='ltr'><strong>ipse</strong></span> <span class='ocrx_word' id='word_1_113' title='bbox 1197 1048 1296 1084; x_wconf 88' lang='lat' dir='ltr'><strong>inter</strong></span> <span class='ocrx_word' id='word_1_114' title='bbox 1323 1047 1432 1084; x_wconf 89' lang='lat' dir='ltr'><strong>stoli·</strong></span> 
     </span>
     <span class='ocr_line' id='line_1_22' title="bbox 322 1111 1430 1160; baseline -0.005 -9"><span class='ocrx_word' id='word_1_115' title='bbox 322 1116 496 1151; x_wconf 88' lang='lat' dir='ltr'><strong>dissimos</strong></span> <span class='ocrx_word' id='word_1_116' title='bbox 526 1112 855 1160; x_wconf 86' lang='lat' dir='ltr'><strong>ferocissimosque</strong></span> <span class='ocrx_word' id='word_1_117' title='bbox 884 1111 931 1147; x_wconf 91' lang='lat' dir='ltr'><strong>ad</strong></span> <span class='ocrx_word' id='word_1_118' title='bbox 958 1124 1061 1147; x_wconf 85' lang='lat' dir='ltr'><strong>arma</strong></span> <span class='ocrx_word' id='word_1_119' title='bbox 1093 1117 1228 1156; x_wconf 69' lang='lat' dir='ltr'><strong>vocat,</strong></span> <span class='ocrx_word' id='word_1_120' title='bbox 1262 1117 1299 1146; x_wconf 91' lang='lat' dir='ltr'><strong>et</strong></span> <span class='ocrx_word' id='word_1_121' title='bbox 1325 1111 1430 1147; x_wconf 89' lang='lat' dir='ltr'><strong>vanis</strong></span> 
     </span>
     <span class='ocr_line' id='line_1_23' title="bbox 322 1174 1432 1225; baseline -0.005 -10"><span class='ocrx_word' id='word_1_122' title='bbox 322 1179 457 1215; x_wconf 87' lang='lat' dir='ltr'><strong>animis</strong></span> <span class='ocrx_word' id='word_1_123' title='bbox 477 1183 515 1213; x_wconf 92' lang='lat' dir='ltr'><strong>et</strong></span> <span class='ocrx_word' id='word_1_124' title='bbox 539 1177 650 1212; x_wconf 88' lang='lat' dir='ltr'><strong>minis</strong></span> <span class='ocrx_word' id='word_1_125' title='bbox 676 1176 847 1225; x_wconf 86' lang='lat' dir='ltr'><strong>increpat</strong></span> <span class='ocrx_word' id='word_1_126' title='bbox 871 1176 1033 1212; x_wconf 87' lang='lat' dir='ltr'><strong>hostem.</strong></span> <span class='ocrx_word' id='word_1_127' title='bbox 1089 1174 1282 1224; x_wconf 88' lang='lat' dir='ltr'><strong>Principio</strong></span> <span class='ocrx_word' id='word_1_128' title='bbox 1311 1175 1432 1211; x_wconf 87' lang='lat' dir='ltr'><strong>levem</strong></span> 
     </span>
     <span class='ocr_line' id='line_1_24' title="bbox 321 1239 1431 1288; baseline -0.004 -9"><span class='ocrx_word' id='word_1_129' title='bbox 321 1248 550 1279; x_wconf 80' lang='lat' dir='ltr'><strong>armaturam</strong></span> <span class='ocrx_word' id='word_1_130' title='bbox 576 1240 746 1283; x_wconf 83' lang='lat' dir='ltr'><strong>dimittit,</strong></span> <span class='ocrx_word' id='word_1_131' title='bbox 775 1239 907 1275; x_wconf 91' lang='lat' dir='ltr'><strong>deinde</strong></span> <span class='ocrx_word' id='word_1_132' title='bbox 931 1239 1105 1276; x_wconf 84' lang='lat' dir='ltr'><strong>conferto</strong></span> <span class='ocrx_word' id='word_1_133' title='bbox 1134 1240 1285 1288; x_wconf 87' lang='lat' dir='ltr'><strong>agmine</strong></span> <span class='ocrx_word' id='word_1_134' title='bbox 1312 1240 1431 1275; x_wconf 87' lang='lat' dir='ltr'><strong>mittit</strong></span> 
     </span>
     <span class='ocr_line' id='line_1_25' title="bbox 321 1302 1430 1356; baseline -0.005 -13"><span class='ocrx_word' id='word_1_135' title='bbox 321 1307 489 1356; x_wconf 86' lang='lat' dir='ltr'><strong>equites:</strong></span> <span class='ocrx_word' id='word_1_136' title='bbox 522 1310 730 1355; x_wconf 86' lang='lat' dir='ltr'><strong>postremo,</strong></span> <span class='ocrx_word' id='word_1_137' title='bbox 755 1316 870 1352; x_wconf 90' lang='lat' dir='ltr'><strong>quum</strong></span> <span class='ocrx_word' id='word_1_138' title='bbox 894 1303 1069 1340; x_wconf 91' lang='lat' dir='ltr'><strong>hostibus</strong></span> <span class='ocrx_word' id='word_1_139' title='bbox 1089 1315 1238 1352; x_wconf 92' lang='lat' dir='ltr'><strong>quoque</strong></span> <span class='ocrx_word' id='word_1_140' title='bbox 1263 1302 1430 1339; x_wconf 89' lang='lat' dir='ltr'><strong>subsidia</strong></span> 
     </span>
     <span class='ocr_line' id='line_1_26' title="bbox 318 1366 1429 1417; baseline -0.002 -11"><span class='ocrx_word' id='word_1_141' title='bbox 318 1371 420 1406; x_wconf 89' lang='lat' dir='ltr'><strong>mitti</strong></span> <span class='ocrx_word' id='word_1_142' title='bbox 456 1370 613 1412; x_wconf 87' lang='lat' dir='ltr'><strong>videret,</strong></span> <span class='ocrx_word' id='word_1_143' title='bbox 652 1368 845 1404; x_wconf 85' lang='lat' dir='ltr'><strong>instructis</strong></span> <span class='ocrx_word' id='word_1_144' title='bbox 886 1366 1100 1416; x_wconf 89' lang='lat' dir='ltr'><strong>legionibus</strong></span> <span class='ocrx_word' id='word_1_145' title='bbox 1137 1367 1320 1417; x_wconf 84' lang='lat' dir='ltr'><strong>procedit.</strong></span> <span class='ocrx_word' id='word_1_146' title='bbox 1376 1368 1429 1404; x_wconf 87' lang='lat' dir='ltr'><strong>Et</strong></span> 
     </span>
     <span class='ocr_line' id='line_1_27' title="bbox 318 1431 1428 1481; baseline -0.004 -10"><span class='ocrx_word' id='word_1_147' title='bbox 318 1433 529 1477; x_wconf 85' lang='lat' dir='ltr'><strong>Hannibal,</strong></span> <span class='ocrx_word' id='word_1_148' title='bbox 560 1431 821 1469; x_wconf 83' lang='lat' dir='ltr'><strong>laborantibus</strong></span> <span class='ocrx_word' id='word_1_149' title='bbox 855 1432 930 1467; x_wconf 90' lang='lat' dir='ltr'><strong>suis</strong></span> <span class='ocrx_word' id='word_1_150' title='bbox 964 1431 1038 1467; x_wconf 88' lang='lat' dir='ltr'><strong>alia</strong></span> <span class='ocrx_word' id='word_1_151' title='bbox 1070 1438 1182 1481; x_wconf 91' lang='lat' dir='ltr'><strong>atque</strong></span> <span class='ocrx_word' id='word_1_152' title='bbox 1212 1431 1299 1475; x_wconf 87' lang='lat' dir='ltr'><strong>alia,</strong></span> <span class='ocrx_word' id='word_1_153' title='bbox 1328 1444 1428 1468; x_wconf 91' lang='lat' dir='ltr'><strong>cres-</strong></span> 
     </span>
     <span class='ocr_line' id='line_1_28' title="bbox 317 1494 1426 1544; baseline -0.005 -9"><span class='ocrx_word' id='word_1_154' title='bbox 317 1504 426 1535; x_wconf 87' lang='lat' dir='ltr'><strong>cente</strong></span> <span class='ocrx_word' id='word_1_155' title='bbox 452 1496 672 1538; x_wconf 86' lang='lat' dir='ltr'><strong>certamine,</strong></span> <span class='ocrx_word' id='word_1_156' title='bbox 693 1496 847 1531; x_wconf 88' lang='lat' dir='ltr'><strong>mittens</strong></span> <span class='ocrx_word' id='word_1_157' title='bbox 876 1494 1017 1530; x_wconf 78' lang='lat' dir='ltr'><strong>auxilia</strong></span> <span class='ocrx_word' id='word_1_158' title='bbox 1043 1495 1212 1544; x_wconf 87' lang='lat' dir='ltr'><strong>peditum</strong></span> <span class='ocrx_word' id='word_1_159' title='bbox 1238 1494 1426 1543; x_wconf 87' lang='lat' dir='ltr'><strong>equitum-</strong></span> 
     </span>
     <span class='ocr_line' id='line_1_29' title="bbox 316 1558 1423 1612; baseline -0.003 -15"><span class='ocrx_word' id='word_1_160' title='bbox 316 1574 402 1612; x_wconf 90' lang='lat' dir='ltr'><strong>que,</strong></span> <span class='ocrx_word' id='word_1_161' title='bbox 416 1560 499 1611; x_wconf 87' lang='lat' dir='ltr'><strong>jam</strong></span> <span class='ocrx_word' id='word_1_162' title='bbox 512 1559 656 1610; x_wconf 88' lang='lat' dir='ltr'><strong>justam</strong></span> <span class='ocrx_word' id='word_1_163' title='bbox 679 1558 893 1610; x_wconf 83' lang='lat' dir='ltr'><strong>expleverat</strong></span> <span class='ocrx_word' id='word_1_164' title='bbox 909 1559 1041 1602; x_wconf 88' lang='lat' dir='ltr'><strong>aciem,</strong></span> <span class='ocrx_word' id='word_1_165' title='bbox 1059 1571 1102 1594; x_wconf 88' lang='lat' dir='ltr'><strong>ac</strong></span> <span class='ocrx_word' id='word_1_166' title='bbox 1121 1559 1213 1595; x_wconf 89' lang='lat' dir='ltr'><strong>totis</strong></span> <span class='ocrx_word' id='word_1_167' title='bbox 1234 1559 1423 1607; x_wconf 88' lang='lat' dir='ltr'><strong>utrimque</strong></span> 
     </span>
     <span class='ocr_line' id='line_1_30' title="bbox 315 1621 1423 1661; baseline -0.003 0"><span class='ocrx_word' id='word_1_168' title='bbox 315 1624 457 1661; x_wconf 89' lang='lat' dir='ltr'><strong>viribus</strong></span> <span class='ocrx_word' id='word_1_169' title='bbox 478 1623 705 1660; x_wconf 85' lang='lat' dir='ltr'><strong>certabatur.</strong></span> <span class='ocrx_word' id='word_1_170' title='bbox 762 1621 890 1658; x_wconf 90' lang='lat' dir='ltr'><strong>Prima</strong></span> <span class='ocrx_word' id='word_1_171' title='bbox 908 1621 998 1657; x_wconf 87' lang='lat' dir='ltr'><strong>levis</strong></span> <span class='ocrx_word' id='word_1_172' title='bbox 1016 1628 1206 1658; x_wconf 88' lang='lat' dir='ltr'><strong>armatura</strong></span> <span class='ocrx_word' id='word_1_173' title='bbox 1224 1621 1423 1658; x_wconf 83' lang='lat' dir='ltr'><strong>Romano-</strong></span> 
     </span>
     <span class='ocr_line' id='line_1_31' title="bbox 314 1686 1423 1738; baseline -0.002 -13"><span class='ocrx_word' id='word_1_174' title='bbox 314 1702 413 1732; x_wconf 89' lang='lat' dir='ltr'><strong>rum,</strong></span> <span class='ocrx_word' id='word_1_175' title='bbox 433 1693 739 1738; x_wconf 76' lang='lat' dir='ltr'><strong>przeoccupatum</strong></span> <span class='ocrx_word' id='word_1_176' title='bbox 762 1686 941 1723; x_wconf 88' lang='lat' dir='ltr'><strong>inferiore</strong></span> <span class='ocrx_word' id='word_1_177' title='bbox 960 1686 1046 1723; x_wconf 90' lang='lat' dir='ltr'><strong>loco</strong></span> <span class='ocrx_word' id='word_1_178' title='bbox 1067 1687 1268 1723; x_wconf 87' lang='lat' dir='ltr'><strong>succedens</strong></span> <span class='ocrx_word' id='word_1_179' title='bbox 1295 1693 1423 1723; x_wconf 90' lang='lat' dir='ltr'><strong>tumu-</strong></span> 
     </span>
     <span class='ocr_line' id='line_1_32' title="bbox 314 1752 1423 1804; baseline -0.001 -14"><span class='ocrx_word' id='word_1_180' title='bbox 314 1754 407 1797; x_wconf 84' lang='lat' dir='ltr'><strong>lum,</strong></span> <span class='ocrx_word' id='word_1_181' title='bbox 427 1753 534 1804; x_wconf 87' lang='lat' dir='ltr'><strong>pulsa</strong></span> <span class='ocrx_word' id='word_1_182' title='bbox 555 1753 780 1800; x_wconf 86' lang='lat' dir='ltr'><strong>detrusaque</strong></span> <span class='ocrx_word' id='word_1_183' title='bbox 805 1757 988 1788; x_wconf 84' lang='lat' dir='ltr'><strong>terrorem</strong></span> <span class='ocrx_word' id='word_1_184' title='bbox 1014 1754 1052 1788; x_wconf 90' lang='lat' dir='ltr'><strong>in</strong></span> <span class='ocrx_word' id='word_1_185' title='bbox 1083 1752 1345 1789; x_wconf 84' lang='lat' dir='ltr'><strong>succedentem</strong></span> <span class='ocrx_word' id='word_1_186' title='bbox 1364 1754 1423 1789; x_wconf 90' lang='lat' dir='ltr'><strong>in-</strong></span> 
     </span>
     <span class='ocr_line' id='line_1_33' title="bbox 313 1816 1422 1866; baseline -0.002 -12"><span class='ocrx_word' id='word_1_187' title='bbox 313 1818 401 1854; x_wconf 84' lang='lat' dir='ltr'><strong>tulit</strong></span> <span class='ocrx_word' id='word_1_188' title='bbox 430 1818 608 1866; x_wconf 88' lang='lat' dir='ltr'><strong>equitem,</strong></span> <span class='ocrx_word' id='word_1_189' title='bbox 637 1822 674 1852; x_wconf 90' lang='lat' dir='ltr'><strong>et</strong></span> <span class='ocrx_word' id='word_1_190' title='bbox 693 1816 740 1852; x_wconf 88' lang='lat' dir='ltr'><strong>ad</strong></span> <span class='ocrx_word' id='word_1_191' title='bbox 769 1816 877 1865; x_wconf 86' lang='lat' dir='ltr'><strong>signa</strong></span> <span class='ocrx_word' id='word_1_192' title='bbox 900 1816 1094 1866; x_wconf 89' lang='lat' dir='ltr'><strong>legionum</strong></span> <span class='ocrx_word' id='word_1_193' title='bbox 1122 1816 1284 1865; x_wconf 86' lang='lat' dir='ltr'><strong>refugit:</strong></span> <span class='ocrx_word' id='word_1_194' title='bbox 1316 1817 1422 1866; x_wconf 91' lang='lat' dir='ltr'><strong>pedi-</strong></span> 
     </span>
     <span class='ocr_line' id='line_1_34' title="bbox 311 1880 1420 1931; baseline 0.001 -14"><span class='ocrx_word' id='word_1_195' title='bbox 311 1890 393 1918; x_wconf 85' lang='lat' dir='ltr'><strong>tum</strong></span> <span class='ocrx_word' id='word_1_196' title='bbox 413 1882 511 1917; x_wconf 81' lang='lat' dir='ltr'><strong>acies</strong></span> <span class='ocrx_word' id='word_1_197' title='bbox 531 1882 631 1916; x_wconf 85' lang='lat' dir='ltr'><strong>inter</strong></span> <span class='ocrx_word' id='word_1_198' title='bbox 649 1880 840 1930; x_wconf 89' lang='lat' dir='ltr'><strong>perculsos</strong></span> <span class='ocrx_word' id='word_1_199' title='bbox 860 1882 1035 1931; x_wconf 81' lang='lat' dir='ltr'><strong>inpavida</strong></span> <span class='ocrx_word' id='word_1_200' title='bbox 1052 1881 1133 1917; x_wconf 87' lang='lat' dir='ltr'><strong>sola</strong></span> <span class='ocrx_word' id='word_1_201' title='bbox 1152 1887 1245 1924; x_wconf 89' lang='lat' dir='ltr'><strong>erat,</strong></span> <span class='ocrx_word' id='word_1_202' title='bbox 1266 1881 1420 1918; x_wconf 87' lang='lat' dir='ltr'><strong>videba-</strong></span> 
     </span>
     <span class='ocr_line' id='line_1_35' title="bbox 310 1943 1418 1994; baseline 0.001 -14"><span class='ocrx_word' id='word_1_203' title='bbox 310 1951 461 1993; x_wconf 84' lang='lat' dir='ltr'><strong>turque,</strong></span> <span class='ocrx_word' id='word_1_204' title='bbox 482 1945 513 1979; x_wconf 89' lang='lat' dir='ltr'><strong>si</strong></span> <span class='ocrx_word' id='word_1_205' title='bbox 525 1943 633 1993; x_wconf 86' lang='lat' dir='ltr'><strong>justa</strong></span> <span class='ocrx_word' id='word_1_206' title='bbox 651 1950 717 1979; x_wconf 86' lang='lat' dir='ltr'><strong>aut</strong></span> <span class='ocrx_word' id='word_1_207' title='bbox 742 1945 774 1978; x_wconf 88' lang='lat' dir='ltr'><strong>si</strong></span> <span class='ocrx_word' id='word_1_208' title='bbox 792 1951 895 1979; x_wconf 88' lang='lat' dir='ltr'><strong>recta</strong></span> <span class='ocrx_word' id='word_1_209' title='bbox 923 1957 1052 1994; x_wconf 85' lang='lat' dir='ltr'><strong>pugna</strong></span> <span class='ocrx_word' id='word_1_210' title='bbox 1081 1951 1192 1987; x_wconf 84' lang='lat' dir='ltr'><strong>esset,</strong></span> <span class='ocrx_word' id='word_1_211' title='bbox 1223 1944 1418 1994; x_wconf 87' lang='lat' dir='ltr'><strong>haudqua-</strong></span> 
     </span>
     <span class='ocr_line' id='line_1_36' title="bbox 311 2006 1418 2057; baseline 0 -14"><span class='ocrx_word' id='word_1_212' title='bbox 311 2020 423 2057; x_wconf 89' lang='lat' dir='ltr'><strong>quam</strong></span> <span class='ocrx_word' id='word_1_213' title='bbox 442 2007 551 2057; x_wconf 88' lang='lat' dir='ltr'><strong>inpar</strong></span> <span class='ocrx_word' id='word_1_214' title='bbox 569 2006 719 2042; x_wconf 91' lang='lat' dir='ltr'><strong>futura:</strong></span> <span class='ocrx_word' id='word_1_215' title='bbox 751 2013 901 2042; x_wconf 86' lang='lat' dir='ltr'><strong>tantum</strong></span> <span class='ocrx_word' id='word_1_216' title='bbox 920 2008 1132 2043; x_wconf 81' lang='lat' dir='ltr'><strong>animorum</strong></span> <span class='ocrx_word' id='word_1_217' title='bbox 1151 2007 1292 2043; x_wconf 90' lang='lat' dir='ltr'><strong>fecerat</strong></span> <span class='ocrx_word' id='word_1_218' title='bbox 1310 2020 1418 2057; x_wconf 90' lang='lat' dir='ltr'><strong>pros-</strong></span> 
     </span>
     <span class='ocr_line' id='line_1_37' title="bbox 309 2070 1418 2122; baseline 0 -15"><span class='ocrx_word' id='word_1_219' title='bbox 309 2084 397 2122; x_wconf 86' lang='lat' dir='ltr'><strong>pere</strong></span> <span class='ocrx_word' id='word_1_220' title='bbox 416 2078 504 2107; x_wconf 89' lang='lat' dir='ltr'><strong>ante</strong></span> <span class='ocrx_word' id='word_1_221' title='bbox 523 2082 663 2120; x_wconf 86' lang='lat' dir='ltr'><strong>paucos</strong></span> <span class='ocrx_word' id='word_1_222' title='bbox 684 2070 760 2105; x_wconf 89' lang='lat' dir='ltr'><strong>dies</strong></span> <span class='ocrx_word' id='word_1_223' title='bbox 781 2083 838 2105; x_wconf 89' lang='lat' dir='ltr'><strong>res</strong></span> <span class='ocrx_word' id='word_1_224' title='bbox 859 2077 976 2119; x_wconf 85' lang='lat' dir='ltr'><strong>gesta.</strong></span> <span class='ocrx_word' id='word_1_225' title='bbox 1034 2071 1106 2107; x_wconf 90' lang='lat' dir='ltr'><strong>Sed</strong></span> <span class='ocrx_word' id='word_1_226' title='bbox 1122 2072 1244 2107; x_wconf 83' lang='lat' dir='ltr'><strong>exorti</strong></span> <span class='ocrx_word' id='word_1_227' title='bbox 1263 2078 1418 2121; x_wconf 88' lang='lat' dir='ltr'><strong>repente</strong></span> 
     </span>
     <span class='ocr_line' id='line_1_38' title="bbox 308 2133 1416 2184; baseline 0 -13"><span class='ocrx_word' id='word_1_228' title='bbox 308 2135 548 2171; x_wconf 85' lang='lat' dir='ltr'><strong>insidiatores</strong></span> <span class='ocrx_word' id='word_1_229' title='bbox 578 2146 663 2169; x_wconf 90' lang='lat' dir='ltr'><strong>eum</strong></span> <span class='ocrx_word' id='word_1_230' title='bbox 692 2133 896 2170; x_wconf 89' lang='lat' dir='ltr'><strong>tumultum</strong></span> <span class='ocrx_word' id='word_1_231' title='bbox 925 2140 1195 2184; x_wconf 91' lang='lat' dir='ltr'><strong>terroremque,</strong></span> <span class='ocrx_word' id='word_1_232' title='bbox 1229 2135 1268 2170; x_wconf 88' lang='lat' dir='ltr'><strong>in</strong></span> <span class='ocrx_word' id='word_1_233' title='bbox 1298 2134 1416 2172; x_wconf 86' lang='lat' dir='ltr'><strong>latera</strong></span> 
     </span>
     <span class='ocr_line' id='line_1_39' title="bbox 307 2198 1415 2246; baseline 0 -11"><span class='ocrx_word' id='word_1_234' title='bbox 307 2200 497 2246; x_wconf 87' lang='lat' dir='ltr'><strong>utrimque</strong></span> <span class='ocrx_word' id='word_1_235' title='bbox 522 2198 569 2234; x_wconf 81' lang='lat' dir='ltr'><strong>ab</strong></span> <span class='ocrx_word' id='word_1_236' title='bbox 589 2204 773 2246; x_wconf 87' lang='lat' dir='ltr'><strong>tergoque</strong></span> <span class='ocrx_word' id='word_1_237' title='bbox 802 2199 1051 2242; x_wconf 83' lang='lat' dir='ltr'><strong>incursantes,</strong></span> <span class='ocrx_word' id='word_1_238' title='bbox 1072 2198 1255 2243; x_wconf 87' lang='lat' dir='ltr'><strong>fecerunt,</strong></span> <span class='ocrx_word' id='word_1_239' title='bbox 1277 2204 1318 2234; x_wconf 85' lang='lat' dir='ltr'><strong>ut</strong></span> <span class='ocrx_word' id='word_1_240' title='bbox 1348 2212 1415 2236; x_wconf 89' lang='lat' dir='ltr'><strong>ne-</strong></span> 
     </span>
     <span class='ocr_line' id='line_1_40' title="bbox 308 2261 1413 2313; baseline 0 -15"><span class='ocrx_word' id='word_1_241' title='bbox 308 2276 380 2312; x_wconf 92' lang='lat' dir='ltr'><strong>que</strong></span> <span class='ocrx_word' id='word_1_242' title='bbox 410 2262 555 2298; x_wconf 85' lang='lat' dir='ltr'><strong>animus</strong></span> <span class='ocrx_word' id='word_1_243' title='bbox 582 2261 628 2297; x_wconf 86' lang='lat' dir='ltr'><strong>ad</strong></span> <span class='ocrx_word' id='word_1_244' title='bbox 655 2274 835 2312; x_wconf 87' lang='lat' dir='ltr'><strong>pugnam,</strong></span> <span class='ocrx_word' id='word_1_245' title='bbox 857 2275 977 2313; x_wconf 88' lang='lat' dir='ltr'><strong>neque</strong></span> <span class='ocrx_word' id='word_1_246' title='bbox 1003 2262 1047 2298; x_wconf 89' lang='lat' dir='ltr'><strong>ad</strong></span> <span class='ocrx_word' id='word_1_247' title='bbox 1076 2262 1204 2311; x_wconf 87' lang='lat' dir='ltr'><strong>fugam</strong></span> <span class='ocrx_word' id='word_1_248' title='bbox 1231 2275 1312 2313; x_wconf 84' lang='lat' dir='ltr'><strong>spes</strong></span> <span class='ocrx_word' id='word_1_249' title='bbox 1335 2264 1413 2299; x_wconf 80' lang='lat' dir='ltr'><strong>cui-</strong></span> 
     </span>
     <span class='ocr_line' id='line_1_41' title="bbox 307 2331 659 2378; baseline -0.003 -17"><span class='ocrx_word' id='word_1_250' title='bbox 307 2339 419 2375; x_wconf 85' lang='lat' dir='ltr'><strong>quam</strong></span> <span class='ocrx_word' id='word_1_251' title='bbox 438 2331 659 2378; x_wconf 79' lang='lat' dir='ltr'><strong>superesset.</strong></span> 
     </span>
    </p>
   </div>
  </div>
 </body>
</html>
