1527 2661
294 201 449 231 LIBER
472 202 621 231 xxlv.
653 199 762 230 CM).
785 201 928 230 XXXI·
1075 201 1158 244 409

47 287 239 328 haberent:
267 304 405 328 omnem
421 304 458 328 se
476 303 556 328 cum
575 291 648 327 illis
656 289 851 339 fortunam
869 289 1055 327 subituros.
1089 290 1155 328 In·
1169 287 1210 318 U·
1235 286 1272 317 C·
1290 292 1362 317 ⁵³⁶·

47 358 105 390 ter
125 354 198 391 hoc
213 355 458 405 conloquium
473 356 583 403 signa
599 354 862 396 constiterant,
880 353 1156 405 tenebaturque
1168 332 1209 362 A'
1233 330 1269 362 ς’
1284 337 1357 363 κη’

50 428 210 465 agmenx
241 419 416 462 necdum,
437 432 518 468 quae
544 431 659 454 morae
686 429 819 453 caussa
837 416 950 460 foret,
978 431 1159 468 pervene-

50 490 109 520 rat
123 484 175 520 ad
193 483 304 520 duces
321 498 329 518 τ
361 490 563 534 postquam
583 473 859 532 Hippocratem
888 487 1001 530 atque
1020 482 1162 534 Epicy-

51 547 136 584 dem
155 547 284 584 adesse
304 547 467 597 pervasit
487 558 628 588 rumor,
644 545 891 593 fremitusque
911 550 995 581 toto
1012 548 1165 595 agmine

55 618 135 648 erat
166 612 269 648 haud
300 611 412 647 dubie
446 609 739 661 adprobantium
772 609 976 646 adventum
1007 623 1163 657 eorum;

55 675 247 726 extemplo
266 681 446 726 praetores
471 674 595 710 citatis
617 674 720 722 equis
740 672 788 709 ad
808 674 928 723 prima
949 674 1058 722 signa
1083 688 1168 725 per-

58 746 250 783 rexerunt,
273 740 344 780 Qui
363 751 435 775 mos
459 739 534 781 ille,
556 750 632 786 quoe
657 738 802 773 licentia
829 737 1045 774 Cretensium
1069 745 1168 783 esset,

59 804 284 852 rogitantes,
319 805 509 851 conloquia
539 802 679 839 serendi
714 814 795 838 cum
827 801 935 843 hoste,
970 801 1172 852 injussuque

55 872 252 917 praetorum
284 868 455 904 miscendi
486 878 543 904 eos
573 867 710 914 agmini
739 866 837 901 saw.9
891 865 1174 916 Comprehendi

62 930 242 982 injicique
277 938 430 969 catenas
457 929 655 982 jusserunt
692 929 944 980 Hippocrati:
977 931 1024 966 ad
1059 943 1172 981 quam

62 1011 193 1036 vocem
219 1004 347 1035 tantus
378 997 570 1049 extemplo
590 997 752 1048 primum
782 1009 805 1032 a
825 995 1002 1033 Cretibus
1028 997 1176 1035 clamor

63 1069 121 1100 est
139 1069 259 1107 ortus,
280 1063 415 1100 deinde
434 1068 611 1112 exceptus
633 1060 679 1097 ab
700 1060 797 1104 aliis,
818 1067 860 1096 ut
878 1060 1003 1105 facile,
1025 1062 1055 1097 si
1076 1062 1177 1099 ultra

66 1127 278 1170 tenderent,
303 1126 512 1176 adpareret,
543 1125 595 1161 eis
625 1125 835 1160 timendum
864 1137 956 1161 esse.
1014 1125 1177 1162 Solliciti

66 1190 274 1239 incertique
302 1202 427 1226 rerum
463 1201 615 1225 suarum
642 1184 856 1237 RIegaram,
886 1189 984 1224 unde
1016 1189 1179 1239 profecti

68 1261 189 1297 erant,
210 1253 340 1290 referri
355 1254 465 1302 signa
479 1251 631 1303 jubent,
648 1252 881 1301 nunciosque
897 1252 942 1288 de
962 1258 1064 1289 statu
1083 1266 1178 1304 prae-

68 1318 166 1353 senti
193 1317 395 1366 Syracusas
415 1317 585 1352 mittunt.
641 1315 673 1351 F
675 1315 827 1351 faudem
847 1327 997 1365 quoque
1026 1316 1178 1368 Hippo·
1192 1324 1289 1354 Fraus
1306 1321 1387 1363 Hip=

70 1388 191 1418 crates
218 1381 336 1424 addit,
358 1379 547 1417 inclinatis
578 1380 624 1416 ad
643 1392 795 1416 omnem
824 1381 1078 1430 suspicionem
1097 1383 1179 1418 ani·
1193 1367 1336 1407 *merati*

70 1446 155 1488 mis,
176 1451 227 1488 et,
249 1444 488 1481 Cretensium
506 1443 732 1493 quibusdam
759 1443 803 1479 ad
824 1443 961 1479 itinera
985 1444 1181 1484 insidenda

69 1509 206 1551 missis,
225 1507 329 1544 velut
347 1508 576 1557 interceptas
599 1506 742 1549 literas,
763 1519 854 1555 quas
880 1507 960 1556 ipse
980 1519 1182 1558 composu-

72 1580 166 1616 erat,
184 1573 340 1609 recitat:
375 1573 553 1608 P-raetores
572 1572 791 1619 Syracusani
821 1572 955 1607 consuli
984 1572 1184 1611 Marcello.-

73 1638 277 1674 secundum
298 1636 471 1679 salutem,
494 1643 534 1672 ut
553 1635 714 1678 adsolet,
736 1636 919 1685 scriptum
939 1642 1041 1672 erat:
1076 1637 1186 1676 Recte

72 1715 153 1739 eum
171 1707 277 1750 atque
291 1702 414 1737 ordine
421 1700 567 1749 fecisse,
584 1701 679 1748 quod
697 1702 734 1735 in
750 1699 933 1736 Leontinis
947 1701 1041 1736 nulli
1054 1714 1184 1751 peper-

73 1770 183 1804 cisset.
241 1765 314 1801 Sed
335 1765 493 1800 omnium
518 1765 813 1799 mercenariorum
842 1765 998 1801 militum
1027 1769 1188 1804 eamdem

73 1844 145 1868 esse
169 1841 342 1871 caussam,
372 1816 436 1864 nec
459 1839 630 1875 umquam
650 1827 845 1875 Syracusas
864 1830 1056 1876 quieturas,
1077 1832 1188 1869 donec

76 1897 273 1944 quidquam
293 1897 516 1928 externorum
540 1892 767 1934 auxiliorum,
788 1897 853 1927 aut
879 1894 914 1927 in
940 1894 1036 1936 urbe,
1057 1900 1123 1931 aut
1151 1897 1189 1932 in

78 1961 234 1997 exercitu
261 1970 336 1999 suo,
368 1961 478 1992 esset:
506 1957 628 2004 itaque
652 1957 753 1992 daret
781 1969 940 2004 operam,
960 1963 1000 1994 ut
1032 1971 1101 2002 eos,
1128 1962 1191 2008 qui

77 2037 158 2061 cum
184 2025 255 2060 suz's
279 2021 490 2070 praetoribus
517 2025 636 2056 castra
662 2022 712 2056 ad
731 2021 923 2068 Megaram
951 2021 1132 2066 haberent,
1154 2025 1191 2059 in

76 2100 177 2125 suam
193 2090 408 2134 potestatem
426 2085 615 2131 redigeret,
633 2097 675 2120 ac
691 2086 866 2132 supplicio
885 2097 1007 2121 eorum
1022 2086 1189 2123 liberaret

81 2151 223 2187 tandem
243 2149 448 2196 Syracusas.
506 2146 600 2183 Haec
620 2160 734 2196 quum
754 2149 911 2184 recitata
940 2156 1078 2191 esseut,
1104 2162 1189 2187 cum

83 2224 192 2253 tanto
217 2213 381 2251 clamore
410 2212 457 2249 ad
486 2225 589 2248 arina
608 2212 816 2249 discursum
845 2219 916 2255 est,
938 2219 979 2248 ut
1008 2219 1188 2262 praetores

82 2280 181 2316 inter
199 2276 402 2313 tumultum
422 2276 547 2327 pavidi
573 2275 874 2324 adequitaverint
894 2276 1095 2325 Syracusas
1112 2292 1119 2312 z
1152 2283 1191 2313 et

79 2356 129 2390 ne
146 2342 239 2391 fuga
257 2341 406 2391 quidem
434 2353 563 2378 eorum
584 2340 719 2376 seditio
749 2352 965 2391 compressa
991 2346 1062 2384 est,
1083 2341 1192 2392 inpe-

139 2406 171 2441 V
176 2418 237 2442 οι,
259 2406 311 2443 ΙΙ,
623 2404 657 2440 T
