1527 2661
390 169 543 200 Lmen
569 171 614 199 x.
648 170 754 199 CAP.
779 168 873 198 ΧΠ.
1132 156 1182 213 89

69 272 162 309 gere.
194 260 342 297 Lucano
358 263 494 310 populo
508 263 595 298 satis
613 273 788 310 superque
803 266 960 298 erratum
978 263 1155 309 quondam
1171 278 1181 298 .·
1196 263 1236 293 U·
1250 262 1285 293 C·
1304 269 1378 295 4:⁸14·

69 338 163 361 nunc
181 327 234 361 ita
252 326 444 362 obstinatos
463 328 600 362 animos
618 338 700 369 esse,
722 331 762 361 ut
781 328 903 362 omnia
918 325 1024 374 ferre
1042 339 1085 362 ac
1102 326 1183 375 pati
1194 308 1233 337 Α·
1250 307 1287 338 C‘
1304 314 1378 339 ⁹⁹⁸⁶

70 391 289 426 tolerabilius
318 392 464 433 ducant,
496 404 602 439 quam
631 396 672 426 ut
708 403 878 439 umquam
902 395 1028 439 postea
1056 403 1184 427 nomen

68 453 272 490 Romanum
289 455 434 492 violent.
487 456 600 490 Orare
620 455 760 496 Patres,
782 460 823 490 ut
849 460 883 490 et
902 454 1068 490 Lucanos
1088 455 1182 503 infi-

66 518 146 554 dem
164 520 354 566 accipiant,
376 524 410 554 et
434 520 504 554 vim
530 524 637 566 atque
656 517 827 564 injuriam
847 519 889 554 ab
907 531 943 554 se
962 519 1183 566 Samnitium

66 587 224 618 arceant.
246 583 305 625 Se,
320 595 550 631 quamquam,
565 583 654 618 bello
669 595 748 618 cum
764 582 987 618 Samnitibus
1003 587 1177 629 suscepto,

64 648 261 682 necessaria
270 644 351 691 jam
360 645 472 694 facta
491 647 660 682 adversus
678 646 858 682 Romanos
863 647 962 695 fides
973 647 1038 688 sit,
1060 650 1178 681 tamen

62 708 195 744 obsides
214 710 301 744 dare
318 714 466 757 paratos
484 721 565 745 esse.
1003 718 1007 720 ·

115 771 212 809 XII.
250 772 382 809 Brevis
413 772 643 809 consultatio
675 779 827 810 senatus
856 772 952 809 fuit:
985 773 1031 809 ad
1061 784 1177 808 unum

59 849 188 873 omnes
201 835 440 887 jungendum
460 837 582 875 foedus
611 851 696 874 cum
714 838 895 880 Lucanis,
916 849 1050 885 resque
1068 849 1175 886 repe·
1191 842 1307 873 Foedus

59 901 191 936 tendas
212 900 258 937 ab
280 900 527 944 Samnitibus,
550 907 718 938 censent.
749 900 924 949 Benigne
950 911 1173 949 responsum
1189 887 1348 959 {³135}sp

59 965 239 1008 Lucanis,
263 966 455 1014 ictumque
473 965 608 1002 foedus.
653 965 820 1001 Feciales
842 965 960 1007 missi,
982 965 1044 1013 qui
1067 965 1175 1000 Sam-

58 1031 175 1066 nitem
195 1030 373 1066 decedere
401 1043 493 1078 agro
520 1031 725 1073 sociorum,
747 1043 790 1066 ac
817 1030 1001 1065 deducere
1030 1029 1174 1064 exerci-

58 1100 140 1130 tum
159 1094 295 1130 finibus
315 1094 481 1130 Lucanis
503 1094 709 1145 juberent:
742 1094 877 1143 quibus
899 1093 1049 1129 obviam
1069 1093 1175 1128 missi

59 1157 105 1194 ab
127 1158 372 1201 Samnitibus,
395 1159 458 1207 qui
477 1159 764 1201 denunciarent,
787 1159 829 1194 Si
848 1159 942 1206 quod
961 1159 1118 1194 adissent
1138 1159 1175 1193 in

58 1224 206 1258 Samnio
221 1224 422 1266 concilium,
443 1224 541 1258 haud
558 1225 745 1259 inviolatos
760 1224 926 1258 abituros.
957 1222 1052 1258 Haec
1067 1228 1172 1271 post-

57 1299 168 1335 quam
189 1286 316 1322 audita
342 1293 429 1322 sunt
448 1286 598 1329 Romae,
619 1286 760 1322 bellum
781 1285 1014 1321 Samnitibus
1042 1293 1081 1321 et
1099 1286 1172 1321 Pa-

57 1355 131 1385 tres
152 1356 392 1392 censuerunt,
414 1356 452 1386 et
475 1349 636 1399 populus
649 1349 779 1400 jussit.
811 1349 994 1385 Consules
1015 1350 1116 1385 inter
1134 1361 1173 1385 se

55 1413 267 1463 provincias
304 1414 435 1462 partiti
473 1421 583 1448 sunt:
624 1414 795 1462 Scipioni
831 1413 999 1455 Etruria,
1037 1412 1173 1448 Fulvio

56 1477 242 1513 Samnites
269 1476 529 1522 obvenerunt3
562 1477 786 1525 diversique,
812 1477 858 1512 ad
885 1489 994 1513 suum
1013 1477 1172 1526 quisque

54 1540 208 1584 bellum,
236 1540 538 1590 proficiscuntur.
595 1542 781 1592 Scipioni,
813 1554 929 1590 segne
960 1541 1104 1588 bellum
1130 1548 1168 1577 et

55 1605 176 1641 simile
208 1605 343 1655 prioris
376 1606 466 1641 anni
495 1604 641 1641 militiae
674 1607 924 1655 exspectanti,
959 1606 1088 1641 hostes
1122 1605 1166 1641 ad

54 1668 272 1704 Volaterras
308 1669 496 1704 instructo
533 1670 684 1717 agmine
713 1670 975 1705 obcurrerunt.
1014 1669 1166 1717 Pugna-
1182 1682 1292 1720 Pugna
1307 1687 1386 1710 cum

52 1738 134 1768 tum
153 1730 296 1781 majore
321 1738 429 1780 parte
449 1731 536 1774 diei,
557 1745 695 1780 magna
722 1734 910 1780 utrimque
930 1732 1054 1768 caede:
1086 1745 1169 1769 nox
1182 1724 1332 1756 Etruscis.

54 1796 221 1838 incertis,
239 1808 314 1844 qua
332 1796 421 1831 data
446 1796 606 1832 victoria
633 1802 745 1838 esset,
768 1796 993 1831 intervenit:
1026 1796 1092 1832 lux
1110 1797 1168 1832 in-

40 1871 212 1908 sequens
233 1860 414 1894 victorem
433 1859 649 1908 victumque
668 1860 847 1895 ostendit.
895 1859 996 1895 Nam
1016 1859 1169 1896 Etrusci

54 1923 205 1959 silentio
226 1923 348 1959 noctis
370 1929 492 1959 castra
518 1923 762 1972 reliquerunt.
807 1923 1020 1966 Romanus,
1041 1936 1168 1972 egres-

54 1999 114 2022 sus
146 1987 185 2022 in
221 1987 353 2030 aciem,
385 1986 450 2022 ubi
478 1987 715 2036 profectione
744 1989 911 2040 hostium
949 2001 1167 2026 concessam

53 2051 250 2087 victoriam
279 2051 393 2094 videt,
424 2064 643 2102 progressus
678 2053 725 2088 ad
759 2059 895 2095 castra,
924 2053 1049 2089 vacuis
1081 2066 1167 2089 cum

52 2114 213 2164 plurima
240 2115 366 2166 praeda
388 2117 494 2163 (nam
521 2122 560 2152 et
590 2117 727 2152 stativa
755 2117 899 2167 trepide
919 2117 1066 2152 deserta
1084 2117 1166 2153 fue-

53 2179 155 2225 rant)
187 2181 355 2229 potitur:
388 2180 474 2216 inde
505 2181 543 2216 in
570 2180 758 2216 Faliscum
792 2194 924 2230 agrum
958 2183 1075 2229 copii:
1107 2194 1165 2216 n:-

53 2241 189 2286 ductis,
209 2256 325 2292 quum
344 2244 603 2293 inpedimenta
617 2243 775 2280 Faleriis
793 2257 877 2280 cum
898 2244 1049 2279 modico
1070 2257 1165 2293 prae»

53 2306 148 2343 sidio
178 2306 403 2358 reliquisset,
431 2308 608 2359 expedito
635 2310 784 2358 agmine
811 2310 858 2346 ad
880 2307 1165 2360 depopulandos
