1527 2661
327 198 482 227 LIBER
507 194 653 225 XXVI.
686 194 794 223 CAP.
819 193 926 222 xxl.
1099 189 1184 235 529

68 294 228 339 guntum
247 287 474 326 hibernavit.
503 284 667 326 AEstatis
683 282 763 334 ejus
777 288 962 325 extremo,
980 294 1055 331 quo
1073 288 1183 333 capta
1196 286 1238 318 U.
1252 287 1288 318 C.
1308 293 1379 317 541.

68 360 127 390 est
142 353 288 404 Capua,
304 358 342 389 et
358 351 486 402 Scipio
503 351 542 386 in
558 348 786 400 Hispaniam
797 347 915 390 venit,
930 347 1075 384 Punica
1089 346 1186 384 clas-
1196 333 1237 362 A·
1250 331 1287 362 C·
1302 337 1336 360 ‘²¹
1348 336 1373 359 ι·

70 418 135 460 sis,
152 430 200 454 ex
219 416 348 453 Sicilia
365 416 575 453 Tarentum
590 414 716 452 adcita
735 412 782 450 ad
797 413 978 450 arcendos
998 424 1188 449 commea-

70 488 131 518 tus
157 481 322 532 praesidii
350 480 533 524 Romani,
554 479 656 530 quod
684 480 723 516 in
752 490 838 515 arce
856 477 1066 514 Tarentina
1093 483 1188 520 erat,

73 544 259 582 clauserat
274 545 424 595 quidem
441 557 571 581 omnes
589 544 637 581 ad
656 555 780 580 arcem
801 555 823 579 a
837 542 931 578 mari
947 541 1069 578 aditus
1083 557 1093 587 3
1126 540 1192 578 sed

74 610 280 647 adsidendo
309 609 449 646 diutius
487 610 667 646 artiorem
701 620 893 644 annonam
922 606 1049 650 sociis,
1079 618 1193 655 quam

74 674 191 718 hosti,
211 673 400 711 faciebat:
432 686 510 710 non
530 673 632 709 enim
651 677 800 709 tantum
821 671 977 708 subvehi
994 670 1193 721 oppidanis

73 752 142 790 per
159 745 298 790 pacata
313 738 429 776 litora
447 745 673 789 apertosque
691 743 823 788 portus
845 736 1022 787 praesidio
1040 736 1194 772 navium

76 803 305 840 Punicarum
334 810 499 854 poterat,
531 809 717 853 quantum
745 801 923 838 frumenti
956 799 1085 837 classis
1114 801 1197 851 ipsa

77 867 190 904 turba
215 866 339 904 navali
363 868 483 904 mixta
511 879 558 903 ex
577 867 682 902 omni
702 878 839 915 genere
858 865 1054 901 hominum
1085 864 1198 901 absu-

78 931 230 968 mebat:
264 938 306 968 ut
324 932 420 970 arcis
446 931 664 981 praesidium
683 930 798 966 etiam
818 929 899 965 sine
918 930 1070 965 invecto
1093 929 1200 978 (quia

78 996 190 1045 pauci
218 996 344 1043 erant)
373 1007 418 1032 ex
448 1001 538 1032 ante
565 1000 779 1045 praeparato
808 994 1013 1029 sustentari
1042 1000 1195 1043 posset3

81 1058 299 1096 Tarentinis
327 1059 514 1109 classique
532 1072 581 1096 ne
604 1060 797 1095 invectum
815 1058 966 1107 quidem
986 1058 1199 1095 subficeret.

81 1123 253 1161 Tandem
272 1124 417 1175 majore
436 1125 574 1174 gratia,
595 1136 708 1173 quam
734 1129 902 1167 venerat,
923 1122 1052 1159 classis
1074 1123 1200 1160 dimis-

83 1201 125 1226 sa
149 1194 230 1226 est:
263 1202 416 1228 annona
443 1189 546 1226 haud
577 1188 739 1225 multum
767 1187 983 1225 laxaverat:
1016 1189 1118 1237 quia,
1146 1200 1204 1225 rc-

85 1259 191 1291 moto
224 1255 416 1292 maritimo
452 1254 643 1305 praesidio,
674 1253 832 1292 subvehi
860 1253 1093 1290 frumentum
1127 1266 1205 1290 non

83 1325 246 1370 poterat.

137 1383 256 1422 XXI.
285 1382 467 1434 Ejusdem
484 1384 624 1421 aestatis
645 1383 762 1426 exitu,
782 1382 840 1420 M.
853 1382 1060 1419 Marcellus
1081 1395 1126 1420 ex
1147 1382 1204 1419 Si·
1219 1388 1391 1420 Marcellus·

85 1447 173 1486 cilia
200 1450 397 1499 provincia
415 1462 531 1499 quum
562 1449 608 1485 ad
639 1448 772 1485 urbem
792 1448 969 1491 venisset,
1001 1461 1023 1484 a
1060 1447 1206 1485 C.Cal-
1219 1443 1382 1508 ζιεῗέςίῃιιζ

83 1514 221 1564 pumio
250 1519 412 1564 praetore
441 1519 594 1549 senatus
624 1514 658 1549 ei
679 1513 726 1549 ad
755 1512 874 1549 aedem
902 1511 1073 1549 Bellonae
1093 1512 1204 1549 datus

85 1583 166 1614 est:
197 1577 251 1613 ibi
271 1589 386 1626 quum
406 1577 452 1613 de
471 1577 582 1613 rebus
604 1589 626 1613 a
645 1589 684 1613 se
702 1577 818 1626 gestis
839 1576 1091 1619 disseruisset,
1113 1589 1204 1626 que-

84 1649 162 1679 stus
183 1643 320 1680 leniter
339 1656 416 1680 non
437 1655 545 1680 suam
572 1643 710 1692 magis,
732 1655 847 1691 quam
866 1641 1047 1685 militum,
1070 1642 1203 1685 vicem,

86 1707 187 1756 quod
206 1707 403 1757 provincia
421 1706 598 1743 confecta
616 1707 823 1744 exercitum
845 1705 1045 1756 deportare
1064 1719 1143 1743 non
1160 1706 1204 1742 li-

89 1772 242 1816 cuisset,
263 1770 484 1822 postulavit,
506 1778 548 1808 ut
573 1770 827 1822 triumphanti
846 1770 977 1807 urbem
998 1771 1093 1807 inire
1115 1770 1206 1808 lice-

85 1843 165 1873 ret:
199 1837 237 1873 id
255 1848 334 1873 non
363 1836 579 1887 inpetravit.
634 1835 764 1876 Quum
784 1834 911 1871 multis
932 1834 1055 1872 verbis
1079 1842 1206 1873 actum

87 1908 199 1946 esset,
221 1908 347 1938 utrum
367 1902 489 1938 minus
510 1901 744 1943 conveniret,
764 1899 871 1950 cujus
894 1901 1050 1937 nomine
1069 1900 1205 1938 absen-

86 1968 149 2010 tis,
177 1965 227 2003 ob
256 1979 314 2002 res
343 1978 523 2018 prospere
552 1965 668 2004 ductu
696 1964 776 2015 ejus
806 1970 947 2013 gestas,
978 1965 1205 2016 supplicatio

87 2032 238 2069 decreta
256 2030 370 2074 foret,
392 2037 430 2068 et
448 2030 535 2066 Diis
553 2029 818 2067 inmortalibus
838 2029 990 2066 habitus
1010 2031 1150 2072 honos,
1171 2031 1204 2066 ei

86 2097 264 2149 praesenti
289 2108 429 2146 negare
453 2096 710 2147 triumphum:
743 2108 806 2137 an,
825 2107 938 2144 quem
963 2093 1112 2130 tradere
1138 2107 1203 2131 ex—

90 2162 249 2198 ercitum
268 2161 477 2197 successori
489 2158 707 2210 jussissent,
727 2159 859 2209 (quod,
876 2158 950 2194 nisi
969 2164 1146 2194 manente
1165 2159 1204 2194 in

90 2226 287 2278 provincia
306 2224 421 2268 bello,
445 2237 524 2261 non
543 2224 824 2270 decerneretur)
846 2235 931 2259 eum
952 2223 1058 2271 quasi
1079 2223 1202 2259 debel-

91 2290 171 2327 lato
189 2290 438 2340 triumphare,
459 2302 574 2340 quum
594 2290 797 2332 exercitus,
816 2289 924 2325 testis
952 2288 1075 2324 meriti
1095 2295 1208 2337 atque

90 2354 255 2390 inmeriti
273 2354 471 2405 triumphi,
488 2353 659 2400 abesset;
692 2352 855 2389 medium
874 2353 1008 2392 visum.
1031 2358 1071 2388 ut
1091 2363 1206 2388 ovans

146 2418 181 2452 V
185 2430 247 2454 οι..
278 2417 331 2455 II.
640 2418 674 2453 A
694 2430 716 2453 a
