1527 2661
11 2047 14 2073 l

322 176 475 205 LIBER
500 173 636 202 xxu.
669 173 778 201 CAP.
800 173 939 203 XLVI.
1098 159 1176 203 281

75 268 148 303 suis
176 265 412 316 adjungunt:
445 270 557 312 atque
578 262 633 297 ita
656 261 841 297 instructa
859 260 954 303 acie,
980 259 1020 295 in
1045 256 1280 296 dext1·0U·C·
1299 259 1373 286 536,

74 344 191 368 cornu
210 330 264 378 (id
279 337 363 366 erat
381 328 524 365 flumini
544 310 718 377 propius)
739 323 936 362 Romanos
957 325 1102 374 equites
1121 324 1179 361 lo·
1191 303 1230 334 Α·
1243 300 1281 332 C‘
1299 305 1374 331 Ἠῶ

74 404 175 440 cant,
195 396 328 432 deinde
353 395 522 445 pedites:
554 392 688 429 laevum
711 403 827 426 cornu
854 389 1008 426 extremi
1037 389 1180 438 equites

72 461 275 503 sociorum,
291 460 391 495 intra
410 458 568 508 pediteS,
585 456 631 492 ad
646 455 810 491 medium
823 453 951 504 juncti
965 451 1180 502 legionibus

71 524 256 560 Romanis
285 529 489 560 tenuerunt
510 521 766 571 jaculatores:
807 531 850 554 ex
881 518 1014 554 ceteris
1042 516 1182 554 levium

72 601 262 625 armorum
281 588 430 624 auxiliis
455 587 577 637 prima
601 585 699 622 acies
718 583 832 620 facta.
889 581 1072 619 Consules
1094 594 1180 618 cor-

71 664 148 689 nua
182 659 387 689 tenuerunt
402 668 413 697 3
461 650 664 688 Terentius
697 648 846 692 laevum,
875 646 1053 684 AEmilius
1091 646 1182 683 dex-

71 723 183 753 trum.
240 715 403 753 Gemino
424 714 584 751 Servilio
603 714 731 750 media
749 726 879 764 pugna
895 712 1037 749 tuenda
1055 712 1156 748 data.

124 779 271 817 XLVI.
301 778 499 816 Hannibal
523 778 606 814 luce
625 778 760 828 prima,
796 776 1008 813 Baliaribus
1035 776 1182 825 levique
1196 779 1360 829 Hannibal

68 844 144 882 alia
179 850 370 881 armatura
405 843 613 894 praemissa,
653 848 908 890 transgressus
947 841 1101 883 flumen,
1142 846 1183 876 ut
1194 833 1297 898 ἓξὲξ
1313 833 1362 853 ¹¹²⁸

67 922 236 960 quosque
270 908 503 952 traduxerat,
540 909 595 944 ita
629 907 669 943 in
709 906 789 943 acie
825 905 990 943 locabat.
1047 904 1181 941 Gallos

68 974 340 1027 Hispanosque
355 974 500 1024 equites
521 985 641 1024 prope
662 972 784 1022 ripam
803 970 898 1007 laevo
920 972 959 1007 in
980 983 1100 1007 cornu
1119 969 1184 1007 ad-

65 1052 194 1077 versus
213 1039 433 1077 Romanum
453 1038 682 1088 equitatum:
715 1037 888 1073 dextrum
908 1048 1027 1073 cornu
1044 1034 1185 1071 Numi-

66 1104 123 1141 dis
149 1104 338 1154 equitibus
367 1105 511 1147 datum,
535 1102 660 1139 media
684 1102 766 1138 acie
792 1099 981 1152 peditibus
1008 1099 1182 1145 firmata3

68 1169 138 1213 ita,
169 1175 211 1205 ut
237 1168 420 1205 Afrorum
445 1173 604 1216 utraque
630 1175 773 1203 cornua
799 1171 938 1209 essent,
964 1165 1186 1215 interpone-

68 1238 200 1270 rentur
217 1232 275 1269 his
295 1232 409 1268 medii
428 1230 529 1268 Galli
549 1237 662 1279 atque
681 1229 858 1279 Hispani.
903 1227 1019 1265 Afros
1039 1227 1186 1264 Roma-

68 1310 158 1336 nam
189 1310 330 1347 magna
361 1310 409 1334 ex
440 1303 548 1348 parte
580 1296 748 1332 crederes
782 1295 923 1332 aciem:
963 1295 1019 1330 ita
1050 1293 1188 1331 armati

67 1368 191 1407 erant,
212 1362 324 1399 armis
344 1367 383 1398 et
401 1361 449 1398 ad
471 1359 663 1404 Trebiam,
686 1366 852 1396 ceterum
875 1371 1013 1407 magna
1032 1371 1079 1395 ex
1097 1370 1186 1409 par-

66 1432 107 1463 te
125 1426 172 1463 ad
189 1426 453 1463 Trasimenum
473 1425 605 1476 captis.
656 1423 778 1460 Gallis
797 1422 1057 1473 Hispanisque
1077 1428 1186 1459 scuta

67 1489 236 1542 ejusdem
267 1490 399 1527 formae
431 1489 510 1526 fere
544 1494 674 1526 erant:
715 1489 879 1538 dispares
907 1500 952 1524 ac
984 1485 1184 1524 dissimiles

66 1555 205 1605 gladii:
237 1554 357 1592 Gallis
386 1553 570 1606 praelongi
599 1567 642 1590 ac
671 1553 753 1589 sine
781 1552 1050 1589 mucronibus:
1087 1551 1182 1588 His·

65 1632 181 1670 pane,
207 1620 377 1670 punctim
404 1619 539 1667 magiS,
561 1630 673 1667 quam
699 1617 839 1659 caesim,
868 1616 1027 1652 adsueto
1051 1622 1184 1665 petere

67 1683 231 1726 hostem,
250 1683 436 1719 brevitate
457 1681 602 1718 habiles
623 1687 660 1716 et
683 1693 768 1716 cum
787 1679 1032 1716 mucronibus
1051 1694 1059 1715 ε
1092 1684 1183 1715 ante

69 1752 215 1783 ceteros
244 1746 395 1783 habitus
433 1746 604 1794 gentium
636 1746 771 1781 harum
804 1751 886 1780 tum
922 1743 1183 1793 magnitudine

67 1823 282 1860 corporum,
308 1816 389 1846 tum
421 1810 544 1860 specie
573 1808 750 1845 terribilis
782 1815 874 1844 erat.
931 1806 1032 1844 Galli
1066 1818 1180 1858 super

8 1882 12 1925 J¹
70 1874 289 1911 umbilicum
321 1880 428 1910 erant
463 1873 576 1909 nudi:
627 1873 793 1922 Hispani
824 1872 948 1908 linteis
986 1872 1181 1922 praetextis

70 1951 235 1989 purpura
254 1938 406 1980 tunicis,
428 1937 588 1974 candore
611 1937 707 1973 miro
726 1936 975 1985 fulgentibus,
996 1937 1180 1973 constite-

69 2009 167 2039 rant.
221 2001 412 2038 Numerus
446 2001 615 2037 omnium
646 2000 828 2051 peditum,
859 2001 920 2050 qui
954 2006 1035 2036 tum
1064 2006 1180 2037 stete-

11 2080 14 2115 g
68 2073 157 2102 runt
176 2067 214 2102 in
240 2066 333 2108 acie,
354 2064 512 2101 millium
540 2064 614 2100 fuit
633 2063 896 2113 quadraginta,
924 2064 1052 2100 decem
1073 2063 1179 2112 equi-

69 2137 161 2167 tum.
216 2130 344 2166 Duces
374 2129 551 2166 cornibus
579 2136 787 2178 praeerant:
825 2130 979 2165 sinistro
1005 2129 1178 2166 Hasdru-

66 2192 143 2236 bal,
163 2194 296 2230 dextro
315 2192 534 2229 Maharbal:
565 2193 723 2229 mediam
742 2193 860 2229 aciem
881 2192 1078 2230 Hannibal
1097 2193 1178 2242 ipse

68 2270 153 2294 cnm
181 2257 297 2294 fratre
324 2254 494 2306 Blagone
522 2258 657 2294 tenuit.
714 2257 793 2301 Sol,
823 2270 889 2293 sen
918 2258 962 2293 dc
992 2257 1178 2293 industria

15 2341 17 2351 =
70 2321 124 2360 ita
142 2320 289 2365 locatis,
313 2333 377 2358 seu
396 2321 497 2372 quod
515 2320 614 2358 forte
633 2321 687 2356 ita
712 2327 869 2370 fiarent,
896 2326 1177 2372 peropportune
