1527 2661
107 285 150 317 U.
163 287 199 318 C.
218 293 290 320 536,

105 330 145 362 A.
159 330 196 362 C.
212 336 285 363 216.

114 920 220 961 Legati

115 964 251 1003 Campa-

116 1017 232 1037 norum

117 1051 154 1079 ad
171 1059 235 1080 cos.

117 1093 211 1123 Rom.

126 1644 266 1683 Respon-

124 1698 199 1718 sum
216 1695 291 1716 con-

124 1731 213 1762 suus.

296 179 378 234 308
745 197 790 224 T.
814 197 946 226 L1v11

302 287 420 317 esset:
446 282 491 318 ad
505 289 735 320 contemtum
750 284 887 333 legum,
904 286 1204 334 magistratuum,
1222 291 1386 328 senatus,

301 346 457 381 accessit
474 352 569 389 tum,
589 353 674 396 post
695 348 931 384 Cannensem
951 348 1106 393 cladem,
1128 355 1182 393 ut,
1198 347 1303 398 cujus
1323 348 1391 385 alj-

300 421 373 460 qua
400 416 479 445 erat
506 411 741 455 verecundia,
775 411 989 448 Romanum
1019 426 1166 461 quoque
1196 413 1393 463 imperium

299 479 539 522 spernerent:
571 475 608 509 id
627 475 738 510 niodo
759 482 838 511 erat
857 476 894 511 in
914 489 1032 519 mora,
1051 489 1099 512 ne
1119 476 1308 527 extemplo
1329 476 1393 512 de-

298 536 465 580 ficerent,
487 538 585 585 quod
616 538 844 574 connubium
865 546 1051 575 vetustum
1079 539 1214 576 multas
1234 539 1394 577 familias

300 599 417 636 claras
454 614 496 637 ac
534 608 706 651 potentes
742 602 924 639 Romanis
961 605 1182 640 miscuerat:
1214 610 1252 640 et
1280 603 1394 653 quod,

300 677 414 713 quum
439 664 644 702 militarent
669 666 812 716 aliquot
836 668 935 717 apud
956 667 1166 711 Romanos,
1192 668 1398 705 maximum

301 729 490 766 vinculum
517 738 623 767 erant
647 733 807 768 trecenti
833 733 988 781 equites,
1015 732 1270 769 nobilissimus
1297 732 1398 781 quis-

303 807 373 844 que
390 795 682 844 Campanorum,
698 797 736 832 in
755 797 927 846 praesidia
943 797 1151 834 Sicularum
1171 797 1319 834 urbium
1331 796 1396 834 de-

302 858 391 896 lecti
410 859 456 896 ab
476 860 659 897 Romanis
680 874 722 897 ac
742 861 858 899 missi.

356 925 403 961 V.
433 925 581 962 Horum
601 933 771 976 parentes
792 927 1018 976 cognatique
1033 940 1130 976 aegre
1148 926 1399 977 pervicerunt,

305 995 347 1026 ut
374 989 488 1038 legati
515 991 561 1026 ad
592 991 782 1027 consulem
801 991 1018 1028 Romanum
1045 992 1296 1028 mitterentur.
1351 990 1400 1034 Ii,

306 1055 474 1091 nondum
512 1055 715 1092 Canusium
749 1056 973 1106 profectum,
1011 1056 1075 1092 sed
1106 1056 1281 1092 Venusiae
1319 1067 1405 1096 cum

307 1121 435 1171 paucis
461 1133 503 1156 ac
530 1120 785 1157 semiermibus
816 1120 1006 1157 consulem
1034 1122 1270 1163 invenerunt,
1293 1132 1406 1168 quam

306 1191 457 1236 poterat
481 1186 642 1221 maxime
667 1185 914 1222 miserabilem
934 1186 1043 1221 bonis
1070 1186 1180 1221 sociis
1194 1201 1204 1230 3
1237 1183 1406 1234 superbis

309 1255 420 1298 atque
452 1248 676 1291 infidelibus,
708 1255 748 1284 ut
780 1257 886 1285 erant
915 1249 1112 1299 Campani,
1146 1247 1407 1298 spernendum.

308 1315 361 1352 Et
391 1316 496 1352 auxit
524 1328 646 1352 rerum
673 1328 822 1351 suarum
855 1316 984 1364 suique
1017 1320 1249 1351 contemtum
1278 1311 1411 1350 consul

311 1381 421 1416 nimis
448 1379 655 1428 detegendo
682 1379 824 1415 cladem
849 1379 1111 1427 nudandoque.
1166 1378 1268 1414 Nam
1295 1389 1409 1426 quum

311 1444 440 1494 legati,
463 1457 559 1492 aegre
577 1444 674 1480 ferre
694 1451 863 1480 senatum
883 1443 1137 1494 populumque
1158 1443 1407 1492 Campanum,

314 1509 456 1545 adversi
490 1509 688 1557 quidquam
722 1510 888 1544 evenisse
920 1508 1118 1550 Romanis,
1152 1507 1409 1551 nunciassent,

314 1572 653 1623 pollicerenturque
669 1573 808 1615 omnia,
825 1585 906 1621 quae
927 1573 973 1609 ad
992 1572 1131 1608 bellum
1151 1584 1244 1621 opus
1260 1576 1407 1616 essent3

316 1638 456 1674 Morem
483 1639 608 1685 mugiS,
639 1637 772 1685 inquit,
805 1638 967 1685 loquendi
996 1649 1075 1672 cum
1106 1638 1208 1672 sociis
1237 1636 1412 1678 ser-vastis,

318 1702 504 1751 Campani,
524 1700 700 1747 jubentes,
721 1714 795 1749 quae
817 1715 903 1749 opus
930 1706 1039 1737 essent
1067 1701 1114 1736 od
1132 1701 1274 1742 bellum,
1303 1701 1415 1747 impe—

316 1779 410 1810 rare,
431 1780 537 1815 quam
560 1769 800 1803 convenienter
819 1767 866 1802 ad
882 1770 1086 1813 praesentem
1103 1764 1266 1814 fortuna?
1289 1768 1418 1800 nostroe

315 1838 448 1870 statum
464 1833 573 1868 locuti
587 1833 681 1867 estis-
720 1832 815 1872 Quid
830 1832 919 1866 enim
935 1831 1030 1866 nobis
1043 1831 1091 1865 ad
1105 1829 1244 1865 Cannas
1257 1829 1419 1864 relictum

318 1903 381 1940 est,
402 1903 454 1939 ut,
476 1899 573 1945 quasi
594 1897 731 1944 aliquid
755 1896 954 1936 bohemum,
978 1896 1026 1937 id,
1048 1895 1141 1942 quod
1160 1895 1264 1935 deest,
1286 1893 1418 1941 expleri

319 1963 362 1999 ab
385 1963 487 1998 sociis
514 1962 690 1997 velimus?
720 1962 861 1996 Pedites
881 1961 971 1995 vobis
995 1961 1215 2008 imperemus,
1237 1964 1419 2005 tamquam

321 2029 454 2075 equites
474 2026 660 2062 habeamus
673 2026 693 2060 :9
717 2027 903 2073 pecuniam
920 2026 1031 2060 deesse
1050 2027 1220 2065 dicamus,
1239 2028 1417 2069 tamquam

323 2103 367 2127 ea
386 2095 521 2126 tantum
544 2091 630 2125 desit
643 2092 663 2125 .9
692 2089 807 2131 Nihil,
829 2102 871 2125 ne
891 2090 982 2137 quod
1005 2089 1244 2136 suppleremus
1263 2086 1417 2134 quidem,

324 2156 421 2192 vobis
434 2156 577 2203 reliquit
582 2154 735 2202 fortuna
750 2171 761 2190 .·
791 2155 951 2201 legiones,
970 2155 1156 2201 equitatus,
1173 2162 1287 2192 arma,
1303 2151 1418 2197 signa,

326 2221 407 2268 equi
423 2221 570 2267 virique,
588 2220 751 2266 pecunia,
770 2223 993 2260 commeatus,
1010 2222 1073 2253 aut
1092 2219 1126 2252 in
1144 2217 1232 2257 acie,
1253 2219 1317 2250 aut
1335 2214 1423 2250 binis

323 2289 465 2333 postero
484 2285 539 2320 die
557 2285 690 2319 amissis
708 2285 831 2319 castris
846 2284 1040 2331 perierunt.
1094 2281 1220 2328 Itaque
1239 2291 1306 2314 non
1316 2276 1420 2324 juve·

330 2350 375 2385 tis
391 2361 452 2384 nos
476 2350 510 2384 in
529 2348 618 2384 bello
637 2352 786 2396 oportet,
811 2347 995 2395 Campani,
1015 2345 1077 2382 sed
1097 2356 1187 2393 pene
1204 2344 1331 2380 bellum
1352 2353 1420 2391 pro

1487 221 1514 269 ;-ἰ,
1486 0 1514 212 *ἐν’-Μ
