<?xml version="1.0" encoding="UTF-8"?>
<!DOCTYPE html PUBLIC "-//W3C//DTD XHTML 1.0 Transitional//EN"
    "http://www.w3.org/TR/xhtml1/DTD/xhtml1-transitional.dtd">
<html xmlns="http://www.w3.org/1999/xhtml" xml:lang="en" lang="en">
 <head>
  <title>
</title>
<meta http-equiv="Content-Type" content="text/html;charset=utf-8" />
  <meta name='ocr-system' content='tesseract 3.04.00' />
  <meta name='ocr-capabilities' content='ocr_page ocr_carea ocr_par ocr_line ocrx_word'/>
</head>
<body>
  <div class='ocr_page' id='page_1' title='image "./historiarumquaes02livyuoft/historiarumquaes02livyuoft_0365.png"; bbox 0 0 1527 2661; ppageno 0'>
   <div class='ocr_carea' id='block_1_1' title="bbox 0 0 15 337">
    <p class='ocr_par' dir='ltr' id='par_1_1' title="bbox 0 0 15 337">
     <span class='ocr_line' id='line_1_1' title="bbox 0 0 15 337; baseline 0 2324"><span class='ocrx_word' id='word_1_1' title='bbox 0 0 15 337; x_wconf 95' lang='lat' dir='ltr'> </span> 
     </span>
    </p>
   </div>
   <div class='ocr_carea' id='block_1_2' title="bbox 297 197 1186 239">
    <p class='ocr_par' dir='ltr' id='par_1_2' title="bbox 297 197 1186 239">
     <span class='ocr_line' id='line_1_2' title="bbox 297 197 1186 239; baseline -0.004 -12"><span class='ocrx_word' id='word_1_2' title='bbox 297 200 449 227; x_wconf 88' lang='lat' dir='ltr'>LIBER</span> <span class='ocrx_word' id='word_1_3' title='bbox 476 198 632 226; x_wconf 82' lang='lat' dir='ltr'>XXIII.</span> <span class='ocrx_word' id='word_1_4' title='bbox 664 198 771 225; x_wconf 78' lang='lat' dir='ltr'><strong>CAP.</strong></span> <span class='ocrx_word' id='word_1_5' title='bbox 796 198 975 224; x_wconf 82' lang='lat' dir='ltr'><strong>xxxlx.</strong></span> <span class='ocrx_word' id='word_1_6' title='bbox 1104 197 1186 239; x_wconf 76' lang='grc'>355</span> 
     </span>
    </p>
   </div>
   <div class='ocr_carea' id='block_1_3' title="bbox 75 284 1406 2298">
    <p class='ocr_par' dir='ltr' id='par_1_3' title="bbox 75 284 1406 2298">
     <span class='ocr_line' id='line_1_3' title="bbox 80 284 1383 337; baseline 0.002 -15"><span class='ocrx_word' id='word_1_7' title='bbox 80 286 276 335; x_wconf 64' lang='lat' dir='ltr'>praefectus</span> <span class='ocrx_word' id='word_1_8' title='bbox 307 293 478 337; x_wconf 85' lang='lat' dir='ltr'>praeerat,</span> <span class='ocrx_word' id='word_1_9' title='bbox 510 286 644 334; x_wconf 77' lang='lat' dir='ltr'>viginti</span> <span class='ocrx_word' id='word_1_10' title='bbox 673 291 821 334; x_wconf 84' lang='lat' dir='ltr'>paratas</span> <span class='ocrx_word' id='word_1_11' title='bbox 855 284 944 320; x_wconf 89' lang='lat' dir='ltr'>alias</span> <span class='ocrx_word' id='word_1_12' title='bbox 970 285 1290 325; x_wconf 88' lang='lat' dir='ltr'>decernunt.U.C.</span> <span class='ocrx_word' id='word_1_13' title='bbox 1311 300 1383 329; x_wconf 70' lang='lat'>5¹37.</span> 
     </span>
     <span class='ocr_line' id='line_1_4' title="bbox 78 337 1383 401; baseline 0.001 -17"><span class='ocrx_word' id='word_1_14' title='bbox 78 349 151 385; x_wconf 92' lang='lat' dir='ltr'>His</span> <span class='ocrx_word' id='word_1_15' title='bbox 181 352 406 401; x_wconf 86' lang='lat' dir='ltr'>comparatis</span> <span class='ocrx_word' id='word_1_16' title='bbox 427 351 685 397; x_wconf 85' lang='lat' dir='ltr'>deductisque,</span> <span class='ocrx_word' id='word_1_17' title='bbox 706 355 744 384; x_wconf 88' lang='lat' dir='ltr'>et</span> <span class='ocrx_word' id='word_1_18' title='bbox 769 348 903 384; x_wconf 83' lang='lat' dir='ltr'>additis</span> <span class='ocrx_word' id='word_1_19' title='bbox 924 349 1089 397; x_wconf 83' lang='lat' dir='ltr'>quinque</span> <span class='ocrx_word' id='word_1_20' title='bbox 1119 362 1186 386; x_wconf 87' lang='lat' dir='ltr'>ua-</span> <span class='ocrx_word' id='word_1_21' title='bbox 1200 340 1239 368; x_wconf 68' lang='lat' dir='ltr'>A·</span> <span class='ocrx_word' id='word_1_22' title='bbox 1256 337 1293 368; x_wconf 65' lang='lat' dir='ltr'>C*</span> <span class='ocrx_word' id='word_1_23' title='bbox 1311 343 1383 367; x_wconf 67' lang='lat'>2¹⁵¹</span> 
     </span>
     <span class='ocr_line' id='line_1_5' title="bbox 83 412 1189 462; baseline 0.002 -15"><span class='ocrx_word' id='word_1_24' title='bbox 83 413 204 456; x_wconf 79' lang='lat' dir='ltr'>vibuS,</span> <span class='ocrx_word' id='word_1_25' title='bbox 243 427 324 462; x_wconf 85' lang='lat' dir='ltr'>quae</span> <span class='ocrx_word' id='word_1_26' title='bbox 364 414 591 449; x_wconf 83' lang='lat' dir='ltr'>advexerant</span> <span class='ocrx_word' id='word_1_27' title='bbox 629 413 796 462; x_wconf 80' lang='lat' dir='ltr'>captivos</span> <span class='ocrx_word' id='word_1_28' title='bbox 833 412 994 460; x_wconf 82' lang='lat' dir='ltr'>legatos,</span> <span class='ocrx_word' id='word_1_29' title='bbox 1032 413 1189 461; x_wconf 82' lang='lat' dir='ltr'>triginta</span> 
     </span>
     <span class='ocr_line' id='line_1_6' title="bbox 76 474 1188 524; baseline 0.001 -13"><span class='ocrx_word' id='word_1_30' title='bbox 76 488 189 519; x_wconf 81' lang='lat' dir='ltr'>naves</span> <span class='ocrx_word' id='word_1_31' title='bbox 224 477 270 512; x_wconf 90' lang='lat' dir='ltr'>ab</span> <span class='ocrx_word' id='word_1_32' title='bbox 302 477 412 512; x_wconf 84' lang='lat' dir='ltr'>Ostia</span> <span class='ocrx_word' id='word_1_33' title='bbox 444 477 653 512; x_wconf 83' lang='lat' dir='ltr'>Tarentum</span> <span class='ocrx_word' id='word_1_34' title='bbox 688 475 889 524; x_wconf 85' lang='lat' dir='ltr'>profectae:</span> <span class='ocrx_word' id='word_1_35' title='bbox 915 474 1120 524; x_wconf 86' lang='lat' dir='ltr'>jussusque</span> <span class='ocrx_word' id='word_1_36' title='bbox 1145 476 1188 512; x_wconf 93' lang='lat' dir='ltr'>P.</span> 
     </span>
     <span class='ocr_line' id='line_1_7' title="bbox 78 539 1188 588; baseline 0.002 -14"><span class='ocrx_word' id='word_1_37' title='bbox 78 539 264 583; x_wconf 84' lang='lat' dir='ltr'>Valerius,</span> <span class='ocrx_word' id='word_1_38' title='bbox 292 541 475 576; x_wconf 84' lang='lat' dir='ltr'>militibus</span> <span class='ocrx_word' id='word_1_39' title='bbox 497 540 757 581; x_wconf 85' lang='lat' dir='ltr'>Varronianis,</span> <span class='ocrx_word' id='word_1_40' title='bbox 785 539 920 587; x_wconf 90' lang='lat' dir='ltr'>quibus</span> <span class='ocrx_word' id='word_1_41' title='bbox 947 539 992 575; x_wconf 92' lang='lat' dir='ltr'>L.</span> <span class='ocrx_word' id='word_1_42' title='bbox 1006 540 1188 588; x_wconf 88' lang='lat' dir='ltr'>Apustius</span> 
     </span>
     <span class='ocr_line' id='line_1_8' title="bbox 77 602 1189 654; baseline 0.002 -16"><span class='ocrx_word' id='word_1_43' title='bbox 77 602 223 651; x_wconf 88' lang='lat' dir='ltr'>legatus</span> <span class='ocrx_word' id='word_1_44' title='bbox 240 605 396 640; x_wconf 82' lang='lat' dir='ltr'>Tarenti</span> <span class='ocrx_word' id='word_1_45' title='bbox 417 611 588 654; x_wconf 81' lang='lat' dir='ltr'>praeerat,</span> <span class='ocrx_word' id='word_1_46' title='bbox 606 605 643 639; x_wconf 91' lang='lat' dir='ltr'>in</span> <span class='ocrx_word' id='word_1_47' title='bbox 665 615 776 639; x_wconf 84' lang='lat' dir='ltr'>naves</span> <span class='ocrx_word' id='word_1_48' title='bbox 797 603 986 651; x_wconf 84' lang='lat' dir='ltr'>inpositis,</span> <span class='ocrx_word' id='word_1_49' title='bbox 1004 604 1189 652; x_wconf 88' lang='lat' dir='ltr'>quinqua-</span> 
     </span>
     <span class='ocr_line' id='line_1_9' title="bbox 78 666 1190 715; baseline 0.003 -14"><span class='ocrx_word' id='word_1_50' title='bbox 78 667 186 715; x_wconf 84' lang='lat' dir='ltr'>ginta</span> <span class='ocrx_word' id='word_1_51' title='bbox 201 669 353 703; x_wconf 89' lang='lat' dir='ltr'>navium</span> <span class='ocrx_word' id='word_1_52' title='bbox 369 667 485 704; x_wconf 85' lang='lat' dir='ltr'>classe</span> <span class='ocrx_word' id='word_1_53' title='bbox 504 680 583 703; x_wconf 90' lang='lat' dir='ltr'>non</span> <span class='ocrx_word' id='word_1_54' title='bbox 602 668 699 703; x_wconf 88' lang='lat' dir='ltr'>tueri</span> <span class='ocrx_word' id='word_1_55' title='bbox 715 667 828 702; x_wconf 84' lang='lat' dir='ltr'>modo</span> <span class='ocrx_word' id='word_1_56' title='bbox 850 666 969 702; x_wconf 76' lang='lat' dir='ltr'>Italiae</span> <span class='ocrx_word' id='word_1_57' title='bbox 990 680 1108 709; x_wconf 86' lang='lat' dir='ltr'>oram,</span> <span class='ocrx_word' id='word_1_58' title='bbox 1127 668 1190 704; x_wconf 89' lang='lat' dir='ltr'>sed</span> 
     </span>
     <span class='ocr_line' id='line_1_10' title="bbox 77 729 1189 779; baseline 0.001 -14"><span class='ocrx_word' id='word_1_59' title='bbox 77 729 273 779; x_wconf 84' lang='lat' dir='ltr'>explorare</span> <span class='ocrx_word' id='word_1_60' title='bbox 293 732 337 767; x_wconf 92' lang='lat' dir='ltr'>de</span> <span class='ocrx_word' id='word_1_61' title='bbox 366 731 620 767; x_wconf 88' lang='lat' dir='ltr'>Macedonico</span> <span class='ocrx_word' id='word_1_62' title='bbox 649 731 772 766; x_wconf 87' lang='lat' dir='ltr'>bello:</span> <span class='ocrx_word' id='word_1_63' title='bbox 806 731 836 765; x_wconf 90' lang='lat' dir='ltr'>si</span> <span class='ocrx_word' id='word_1_64' title='bbox 866 732 1115 778; x_wconf 77' lang='lat' dir='ltr'>congruentia</span> <span class='ocrx_word' id='word_1_65' title='bbox 1143 731 1189 766; x_wconf 91' lang='lat' dir='ltr'>li-</span> 
     </span>
     <span class='ocr_line' id='line_1_11' title="bbox 78 794 1190 843; baseline 0.002 -15"><span class='ocrx_word' id='word_1_66' title='bbox 78 794 166 828; x_wconf 86' lang='lat' dir='ltr'>teris</span> <span class='ocrx_word' id='word_1_67' title='bbox 197 794 484 843; x_wconf 81' lang='lat' dir='ltr'>legatorumque</span> <span class='ocrx_word' id='word_1_68' title='bbox 510 795 657 831; x_wconf 86' lang='lat' dir='ltr'>indiciis</span> <span class='ocrx_word' id='word_1_69' title='bbox 679 794 844 843; x_wconf 89' lang='lat' dir='ltr'>Philippi</span> <span class='ocrx_word' id='word_1_70' title='bbox 864 794 1022 829; x_wconf 90' lang='lat' dir='ltr'>consilia</span> <span class='ocrx_word' id='word_1_71' title='bbox 1051 801 1190 838; x_wconf 85' lang='lat' dir='ltr'>essent,</span> 
     </span>
     <span class='ocr_line' id='line_1_12' title="bbox 77 855 1188 907; baseline 0.001 -15"><span class='ocrx_word' id='word_1_72' title='bbox 77 862 119 892; x_wconf 87' lang='lat' dir='ltr'>ut</span> <span class='ocrx_word' id='word_1_73' title='bbox 136 855 194 893; x_wconf 92' lang='lat' dir='ltr'>M.</span> <span class='ocrx_word' id='word_1_74' title='bbox 207 857 399 893; x_wconf 88' lang='lat' dir='ltr'>Valerium</span> <span class='ocrx_word' id='word_1_75' title='bbox 429 864 629 907; x_wconf 77' lang='lat' dir='ltr'>praetorem</span> <span class='ocrx_word' id='word_1_76' title='bbox 658 856 775 892; x_wconf 86' lang='lat' dir='ltr'>literis</span> <span class='ocrx_word' id='word_1_77' title='bbox 806 857 1004 892; x_wconf 85' lang='lat' dir='ltr'>certiorem</span> <span class='ocrx_word' id='word_1_78' title='bbox 1023 856 1188 893; x_wconf 86' lang='lat' dir='ltr'>faceret:</span> 
     </span>
     <span class='ocr_line' id='line_1_13' title="bbox 79 920 1191 972; baseline 0 -16"><span class='ocrx_word' id='word_1_79' title='bbox 79 920 198 969; x_wconf 88' lang='lat' dir='ltr'>isque,</span> <span class='ocrx_word' id='word_1_80' title='bbox 219 921 264 957; x_wconf 92' lang='lat' dir='ltr'>L.</span> <span class='ocrx_word' id='word_1_81' title='bbox 279 922 444 972; x_wconf 90' lang='lat' dir='ltr'>Apustio</span> <span class='ocrx_word' id='word_1_82' title='bbox 464 921 592 970; x_wconf 83' lang='lat' dir='ltr'>legato</span> <span class='ocrx_word' id='word_1_83' title='bbox 609 921 791 956; x_wconf 76' lang='lat' dir='ltr'>exercitui</span> <span class='ocrx_word' id='word_1_84' title='bbox 811 921 1028 969; x_wconf 69' lang='lat' dir='ltr'>praeposito,</span> <span class='ocrx_word' id='word_1_85' title='bbox 1047 920 1191 956; x_wconf 90' lang='lat' dir='ltr'>Taren-</span> 
     </span>
     <span class='ocr_line' id='line_1_14' title="bbox 78 986 1191 1036; baseline 0.002 -16"><span class='ocrx_word' id='word_1_86' title='bbox 78 991 158 1021; x_wconf 90' lang='lat' dir='ltr'>tum</span> <span class='ocrx_word' id='word_1_87' title='bbox 177 986 224 1022; x_wconf 90' lang='lat' dir='ltr'>ad</span> <span class='ocrx_word' id='word_1_88' title='bbox 244 986 401 1023; x_wconf 84' lang='lat' dir='ltr'>classem</span> <span class='ocrx_word' id='word_1_89' title='bbox 420 986 628 1036; x_wconf 83' lang='lat' dir='ltr'>profectuS,</span> <span class='ocrx_word' id='word_1_90' title='bbox 649 987 771 1036; x_wconf 90' lang='lat' dir='ltr'>primo</span> <span class='ocrx_word' id='word_1_91' title='bbox 788 998 937 1034; x_wconf 88' lang='lat' dir='ltr'>quoque</span> <span class='ocrx_word' id='word_1_92' title='bbox 960 992 1132 1035; x_wconf 87' lang='lat' dir='ltr'>tempore</span> <span class='ocrx_word' id='word_1_93' title='bbox 1151 987 1191 1022; x_wconf 93' lang='lat' dir='ltr'>in</span> 
     </span>
     <span class='ocr_line' id='line_1_15' title="bbox 76 1047 1192 1098; baseline 0 -13"><span class='ocrx_word' id='word_1_94' title='bbox 76 1047 344 1090; x_wconf 87' lang='lat' dir='ltr'>Macedoniam</span> <span class='ocrx_word' id='word_1_95' title='bbox 384 1051 682 1086; x_wconf 85' lang='lat' dir='ltr'>transmitteret:</span> <span class='ocrx_word' id='word_1_96' title='bbox 725 1049 903 1097; x_wconf 80' lang='lat' dir='ltr'>daretque</span> <span class='ocrx_word' id='word_1_97' title='bbox 942 1062 1110 1098; x_wconf 82' lang='lat' dir='ltr'>operam,</span> <span class='ocrx_word' id='word_1_98' title='bbox 1150 1056 1192 1086; x_wconf 90' lang='lat' dir='ltr'>ut</span> 
     </span>
     <span class='ocr_line' id='line_1_16' title="bbox 77 1111 1191 1162; baseline 0.001 -15"><span class='ocrx_word' id='word_1_99' title='bbox 77 1111 296 1162; x_wconf 86' lang='lat' dir='ltr'>Philippum</span> <span class='ocrx_word' id='word_1_100' title='bbox 322 1114 362 1149; x_wconf 91' lang='lat' dir='ltr'>in</span> <span class='ocrx_word' id='word_1_101' title='bbox 391 1126 510 1162; x_wconf 86' lang='lat' dir='ltr'>regno</span> <span class='ocrx_word' id='word_1_102' title='bbox 541 1114 766 1149; x_wconf 87' lang='lat' dir='ltr'>contineret.</span> <span class='ocrx_word' id='word_1_103' title='bbox 823 1112 990 1148; x_wconf 89' lang='lat' dir='ltr'>Pecunia</span> <span class='ocrx_word' id='word_1_104' title='bbox 1020 1114 1065 1149; x_wconf 92' lang='lat' dir='ltr'>ad</span> <span class='ocrx_word' id='word_1_105' title='bbox 1095 1113 1191 1149; x_wconf 89' lang='lat' dir='ltr'>clas-</span> 
     </span>
     <span class='ocr_line' id='line_1_17' title="bbox 79 1176 1191 1226; baseline 0.002 -15"><span class='ocrx_word' id='word_1_106' title='bbox 79 1187 157 1211; x_wconf 86' lang='lat' dir='ltr'>sem</span> <span class='ocrx_word' id='word_1_107' title='bbox 185 1177 367 1212; x_wconf 88' lang='lat' dir='ltr'>tuendam</span> <span class='ocrx_word' id='word_1_108' title='bbox 394 1176 610 1226; x_wconf 87' lang='lat' dir='ltr'>bellumque</span> <span class='ocrx_word' id='word_1_109' title='bbox 637 1176 931 1212; x_wconf 76' lang='lat' dir='ltr'>Macedonicum</span> <span class='ocrx_word' id='word_1_110' title='bbox 968 1189 1012 1212; x_wconf 87' lang='lat' dir='ltr'>ea</span> <span class='ocrx_word' id='word_1_111' title='bbox 1041 1177 1191 1213; x_wconf 84' lang='lat' dir='ltr'>decreta</span> 
     </span>
     <span class='ocr_line' id='line_1_18' title="bbox 78 1240 1190 1290; baseline 0.002 -16"><span class='ocrx_word' id='word_1_112' title='bbox 78 1246 149 1282; x_wconf 87' lang='lat' dir='ltr'>est,</span> <span class='ocrx_word' id='word_1_113' title='bbox 171 1253 253 1289; x_wconf 81' lang='lat' dir='ltr'>quae</span> <span class='ocrx_word' id='word_1_114' title='bbox 273 1241 346 1290; x_wconf 89' lang='lat' dir='ltr'>Ap.</span> <span class='ocrx_word' id='word_1_115' title='bbox 361 1241 521 1277; x_wconf 89' lang='lat' dir='ltr'>Claudio</span> <span class='ocrx_word' id='word_1_116' title='bbox 545 1241 586 1277; x_wconf 91' lang='lat' dir='ltr'>in</span> <span class='ocrx_word' id='word_1_117' title='bbox 606 1240 772 1276; x_wconf 82' lang='lat' dir='ltr'>Siciliam</span> <span class='ocrx_word' id='word_1_118' title='bbox 792 1240 906 1275; x_wconf 79' lang='lat' dir='ltr'>missa</span> <span class='ocrx_word' id='word_1_119' title='bbox 925 1246 1019 1282; x_wconf 87' lang='lat' dir='ltr'>erat,</span> <span class='ocrx_word' id='word_1_120' title='bbox 1041 1248 1082 1276; x_wconf 89' lang='lat' dir='ltr'>ut</span> <span class='ocrx_word' id='word_1_121' title='bbox 1108 1241 1190 1276; x_wconf 90' lang='lat' dir='ltr'>red·</span> 
     </span>
     <span class='ocr_line' id='line_1_19' title="bbox 77 1301 1191 1353; baseline 0.003 -16"><span class='ocrx_word' id='word_1_122' title='bbox 77 1301 228 1339; x_wconf 88' lang='lat' dir='ltr'>deretur</span> <span class='ocrx_word' id='word_1_123' title='bbox 257 1303 420 1340; x_wconf 87' lang='lat' dir='ltr'>Hieroni</span> <span class='ocrx_word' id='word_1_124' title='bbox 448 1305 551 1352; x_wconf 87' lang='lat' dir='ltr'>regi:</span> <span class='ocrx_word' id='word_1_125' title='bbox 584 1317 628 1340; x_wconf 88' lang='lat' dir='ltr'>ea</span> <span class='ocrx_word' id='word_1_126' title='bbox 647 1317 713 1353; x_wconf 87' lang='lat' dir='ltr'>per</span> <span class='ocrx_word' id='word_1_127' title='bbox 731 1303 777 1339; x_wconf 86' lang='lat' dir='ltr'>L.</span> <span class='ocrx_word' id='word_1_128' title='bbox 790 1303 995 1352; x_wconf 89' lang='lat' dir='ltr'>Apustium</span> <span class='ocrx_word' id='word_1_129' title='bbox 1023 1303 1191 1352; x_wconf 87' lang='lat' dir='ltr'>legatum</span> 
     </span>
     <span class='ocr_line' id='line_1_20' title="bbox 75 1364 1191 1404; baseline 0.003 -3"><span class='ocrx_word' id='word_1_130' title='bbox 75 1364 285 1403; x_wconf 86' lang='lat' dir='ltr'>Tarentum</span> <span class='ocrx_word' id='word_1_131' title='bbox 312 1373 368 1403; x_wconf 91' lang='lat' dir='ltr'>est</span> <span class='ocrx_word' id='word_1_132' title='bbox 388 1368 566 1404; x_wconf 91' lang='lat' dir='ltr'>devecta:</span> <span class='ocrx_word' id='word_1_133' title='bbox 599 1367 711 1403; x_wconf 87' lang='lat' dir='ltr'>simul</span> <span class='ocrx_word' id='word_1_134' title='bbox 730 1367 776 1402; x_wconf 90' lang='lat' dir='ltr'>ab</span> <span class='ocrx_word' id='word_1_135' title='bbox 798 1366 969 1402; x_wconf 83' lang='lat' dir='ltr'>Hierone</span> <span class='ocrx_word' id='word_1_136' title='bbox 988 1368 1103 1403; x_wconf 85' lang='lat' dir='ltr'>missa</span> <span class='ocrx_word' id='word_1_137' title='bbox 1122 1368 1191 1404; x_wconf 90' lang='lat' dir='ltr'>du-</span> 
     </span>
     <span class='ocr_line' id='line_1_21' title="bbox 76 1430 1056 1473; baseline 0.002 -8"><span class='ocrx_word' id='word_1_138' title='bbox 76 1435 187 1465; x_wconf 86' lang='lat' dir='ltr'>centa</span> <span class='ocrx_word' id='word_1_139' title='bbox 205 1430 324 1466; x_wconf 89' lang='lat' dir='ltr'>millia</span> <span class='ocrx_word' id='word_1_140' title='bbox 343 1431 512 1466; x_wconf 68' lang='lat' dir='ltr'>modium</span> <span class='ocrx_word' id='word_1_141' title='bbox 531 1431 662 1473; x_wconf 88' lang='lat' dir='ltr'>tritici,</span> <span class='ocrx_word' id='word_1_142' title='bbox 684 1437 721 1466; x_wconf 91' lang='lat' dir='ltr'>et</span> <span class='ocrx_word' id='word_1_143' title='bbox 740 1430 873 1465; x_wconf 87' lang='lat' dir='ltr'>hordei</span> <span class='ocrx_word' id='word_1_144' title='bbox 893 1436 1056 1467; x_wconf 88' lang='lat' dir='ltr'>centum.</span> 
     </span>
     <span class='ocr_line' id='line_1_22' title="bbox 127 1492 1406 1542; baseline 0.002 -14"><span class='ocrx_word' id='word_1_145' title='bbox 127 1492 328 1530; x_wconf 90' lang='lat' dir='ltr'>XXXIX.</span> <span class='ocrx_word' id='word_1_146' title='bbox 357 1493 461 1530; x_wconf 92' lang='lat' dir='ltr'>Dum</span> <span class='ocrx_word' id='word_1_147' title='bbox 481 1494 561 1529; x_wconf 82' lang='lat' dir='ltr'>haec</span> <span class='ocrx_word' id='word_1_148' title='bbox 579 1492 747 1529; x_wconf 84' lang='lat' dir='ltr'>Romani</span> <span class='ocrx_word' id='word_1_149' title='bbox 767 1500 902 1542; x_wconf 89' lang='lat' dir='ltr'>parant</span> <span class='ocrx_word' id='word_1_150' title='bbox 921 1500 1127 1542; x_wconf 86' lang='lat' dir='ltr'>aguntque,</span> <span class='ocrx_word' id='word_1_151' title='bbox 1145 1494 1191 1530; x_wconf 91' lang='lat' dir='ltr'>ad</span> <span class='ocrx_word' id='word_1_152' title='bbox 1204 1507 1346 1537; x_wconf 81' lang='lat' dir='ltr'>Alteram</span> <span class='ocrx_word' id='word_1_153' title='bbox 1362 1507 1406 1537; x_wconf 66' lang='lat' dir='ltr'>le-</span> 
     </span>
     <span class='ocr_line' id='line_1_23' title="bbox 78 1552 1393 1622; baseline 0.002 -30"><span class='ocrx_word' id='word_1_154' title='bbox 78 1555 297 1606; x_wconf 86' lang='lat' dir='ltr'>Philippum</span> <span class='ocrx_word' id='word_1_155' title='bbox 326 1558 476 1607; x_wconf 86' lang='lat' dir='ltr'>captiva</span> <span class='ocrx_word' id='word_1_156' title='bbox 504 1558 623 1600; x_wconf 89' lang='lat' dir='ltr'>navis,</span> <span class='ocrx_word' id='word_1_157' title='bbox 653 1570 729 1592; x_wconf 90' lang='lat' dir='ltr'>una</span> <span class='ocrx_word' id='word_1_158' title='bbox 757 1570 803 1593; x_wconf 87' lang='lat' dir='ltr'>ex</span> <span class='ocrx_word' id='word_1_159' title='bbox 832 1558 892 1600; x_wconf 86' lang='lat' dir='ltr'>iis,</span> <span class='ocrx_word' id='word_1_160' title='bbox 913 1570 996 1605; x_wconf 85' lang='lat' dir='ltr'>quae</span> <span class='ocrx_word' id='word_1_161' title='bbox 1026 1557 1190 1594; x_wconf 86' lang='lat' dir='ltr'>Romam</span> <span class='ocrx_word' id='word_1_162' title='bbox 1203 1552 1393 1622; x_wconf 47' lang='grc' dir='ltr'>ΞὶῑίῑέἓῖἷἚὶ-</span> 
     </span>
     <span class='ocr_line' id='line_1_24' title="bbox 77 1620 1364 1673; baseline 0.003 -19"><span class='ocrx_word' id='word_1_163' title='bbox 77 1620 200 1656; x_wconf 89' lang='lat' dir='ltr'>missae</span> <span class='ocrx_word' id='word_1_164' title='bbox 220 1627 339 1664; x_wconf 87' lang='lat' dir='ltr'>erant,</span> <span class='ocrx_word' id='word_1_165' title='bbox 362 1634 408 1657; x_wconf 86' lang='lat' dir='ltr'>ex</span> <span class='ocrx_word' id='word_1_166' title='bbox 427 1634 538 1657; x_wconf 87' lang='lat' dir='ltr'>cursu</span> <span class='ocrx_word' id='word_1_167' title='bbox 558 1621 699 1669; x_wconf 82' lang='lat' dir='ltr'>refugit</span> <span class='ocrx_word' id='word_1_168' title='bbox 716 1635 723 1655; x_wconf 80' lang='lat' dir='ltr'><em>z</em></span> <span class='ocrx_word' id='word_1_169' title='bbox 756 1621 843 1657; x_wconf 88' lang='lat' dir='ltr'>inde</span> <span class='ocrx_word' id='word_1_170' title='bbox 872 1622 1023 1664; x_wconf 89' lang='lat' dir='ltr'>scitum,</span> <span class='ocrx_word' id='word_1_171' title='bbox 1044 1621 1190 1670; x_wconf 87' lang='lat' dir='ltr'>legatos</span> <span class='ocrx_word' id='word_1_172' title='bbox 1203 1635 1308 1673; x_wconf 87' lang='lat' dir='ltr'>lippus</span> <span class='ocrx_word' id='word_1_173' title='bbox 1324 1635 1364 1664; x_wconf 87' lang='lat' dir='ltr'>ad</span> 
     </span>
     <span class='ocr_line' id='line_1_25' title="bbox 81 1678 1332 1750; baseline 0.002 -33"><span class='ocrx_word' id='word_1_174' title='bbox 81 1695 165 1718; x_wconf 90' lang='lat' dir='ltr'>cum</span> <span class='ocrx_word' id='word_1_175' title='bbox 185 1683 302 1719; x_wconf 90' lang='lat' dir='ltr'>literis</span> <span class='ocrx_word' id='word_1_176' title='bbox 323 1691 467 1733; x_wconf 86' lang='lat' dir='ltr'>captos.</span> <span class='ocrx_word' id='word_1_177' title='bbox 524 1684 659 1733; x_wconf 88' lang='lat' dir='ltr'>Itaque</span> <span class='ocrx_word' id='word_1_178' title='bbox 685 1685 838 1732; x_wconf 90' lang='lat' dir='ltr'>ignarus</span> <span class='ocrx_word' id='word_1_179' title='bbox 859 1684 904 1719; x_wconf 90' lang='lat' dir='ltr'>de</span> <span class='ocrx_word' id='word_1_180' title='bbox 924 1678 1086 1732; x_wconf 33' lang='lat' dir='ltr'>iis,&#39;quae</span> <span class='ocrx_word' id='word_1_181' title='bbox 1106 1698 1190 1720; x_wconf 90' lang='lat' dir='ltr'>cum</span> <span class='ocrx_word' id='word_1_182' title='bbox 1204 1678 1332 1750; x_wconf 53' lang='grc' dir='ltr'>ξῗῃῃί·</span> 
     </span>
     <span class='ocr_line' id='line_1_26' title="bbox 81 1729 1322 1796; baseline 0.002 -14"><span class='ocrx_word' id='word_1_183' title='bbox 81 1746 300 1783; x_wconf 85' lang='lat' dir='ltr'>Hannibale</span> <span class='ocrx_word' id='word_1_184' title='bbox 325 1747 459 1796; x_wconf 84' lang='lat' dir='ltr'>legatis</span> <span class='ocrx_word' id='word_1_185' title='bbox 486 1749 561 1783; x_wconf 84' lang='lat' dir='ltr'>suis</span> <span class='ocrx_word' id='word_1_186' title='bbox 591 1749 870 1790; x_wconf 69' lang='lat' dir='ltr'>convenissent,</span> <span class='ocrx_word' id='word_1_187' title='bbox 892 1761 1049 1796; x_wconf 84' lang='lat' dir='ltr'>quaeque</span> <span class='ocrx_word' id='word_1_188' title='bbox 1075 1748 1191 1796; x_wconf 84' lang='lat' dir='ltr'>legati</span> <span class='ocrx_word' id='word_1_189' title='bbox 1226 1729 1322 1749; x_wconf 68' lang='lat' dir='ltr'>aem&#39;</span> 
     </span>
     <span class='ocr_line' id='line_1_27' title="bbox 80 1808 1191 1859; baseline 0.003 -14"><span class='ocrx_word' id='word_1_190' title='bbox 80 1808 161 1859; x_wconf 86' lang='lat' dir='ltr'>ejus</span> <span class='ocrx_word' id='word_1_191' title='bbox 191 1811 236 1846; x_wconf 84' lang='lat' dir='ltr'>ad</span> <span class='ocrx_word' id='word_1_192' title='bbox 267 1823 306 1846; x_wconf 90' lang='lat' dir='ltr'>se</span> <span class='ocrx_word' id='word_1_193' title='bbox 335 1810 494 1847; x_wconf 87' lang='lat' dir='ltr'>adlaturi</span> <span class='ocrx_word' id='word_1_194' title='bbox 513 1810 687 1853; x_wconf 90' lang='lat' dir='ltr'>fuissent,</span> <span class='ocrx_word' id='word_1_195' title='bbox 708 1810 937 1859; x_wconf 87' lang='lat' dir='ltr'>legationem</span> <span class='ocrx_word' id='word_1_196' title='bbox 968 1811 1079 1847; x_wconf 87' lang='lat' dir='ltr'>aliam</span> <span class='ocrx_word' id='word_1_197' title='bbox 1106 1825 1191 1848; x_wconf 90' lang='lat' dir='ltr'>cum</span> 
     </span>
     <span class='ocr_line' id='line_1_28' title="bbox 81 1872 1193 1922; baseline 0.002 -14"><span class='ocrx_word' id='word_1_198' title='bbox 81 1872 221 1908; x_wconf 90' lang='lat' dir='ltr'>eisdem</span> <span class='ocrx_word' id='word_1_199' title='bbox 257 1874 444 1909; x_wconf 84' lang='lat' dir='ltr'>mandatis</span> <span class='ocrx_word' id='word_1_200' title='bbox 482 1875 613 1910; x_wconf 89' lang='lat' dir='ltr'>mittit.</span> <span class='ocrx_word' id='word_1_201' title='bbox 675 1874 811 1922; x_wconf 83' lang='lat' dir='ltr'>Legati</span> <span class='ocrx_word' id='word_1_202' title='bbox 849 1874 895 1909; x_wconf 88' lang='lat' dir='ltr'>ad</span> <span class='ocrx_word' id='word_1_203' title='bbox 933 1873 1193 1911; x_wconf 87' lang='lat' dir='ltr'>Hannibalem</span> 
     </span>
     <span class='ocr_line' id='line_1_29' title="bbox 78 1936 1192 1986; baseline 0.004 -16"><span class='ocrx_word' id='word_1_204' title='bbox 78 1936 197 1979; x_wconf 89' lang='lat' dir='ltr'>missi,</span> <span class='ocrx_word' id='word_1_205' title='bbox 235 1936 467 1981; x_wconf 88' lang='lat' dir='ltr'>Heraclitus,</span> <span class='ocrx_word' id='word_1_206' title='bbox 498 1939 558 1974; x_wconf 88' lang='lat' dir='ltr'>cui</span> <span class='ocrx_word' id='word_1_207' title='bbox 591 1938 748 1974; x_wconf 88' lang='lat' dir='ltr'>Scotino</span> <span class='ocrx_word' id='word_1_208' title='bbox 778 1950 991 1986; x_wconf 85' lang='lat' dir='ltr'>cognomen</span> <span class='ocrx_word' id='word_1_209' title='bbox 1030 1948 1124 1981; x_wconf 80' lang='lat' dir='ltr'>erat,</span> <span class='ocrx_word' id='word_1_210' title='bbox 1155 1947 1192 1975; x_wconf 90' lang='lat' dir='ltr'>et</span> 
     </span>
     <span class='ocr_line' id='line_1_30' title="bbox 83 1999 1195 2051; baseline 0.003 -17"><span class='ocrx_word' id='word_1_211' title='bbox 83 1999 191 2034; x_wconf 90' lang='lat' dir='ltr'>Crito</span> <span class='ocrx_word' id='word_1_212' title='bbox 211 1999 417 2043; x_wconf 84' lang='lat' dir='ltr'>Beroeaeus,</span> <span class='ocrx_word' id='word_1_213' title='bbox 439 2008 476 2037; x_wconf 89' lang='lat' dir='ltr'>et</span> <span class='ocrx_word' id='word_1_214' title='bbox 496 2001 690 2036; x_wconf 87' lang='lat' dir='ltr'>Sositheus</span> <span class='ocrx_word' id='word_1_215' title='bbox 710 2000 885 2050; x_wconf 69' lang='lat' dir='ltr'>Blagnes.</span> <span class='ocrx_word' id='word_1_216' title='bbox 942 2001 996 2036; x_wconf 89' lang='lat' dir='ltr'>Hi</span> <span class='ocrx_word' id='word_1_217' title='bbox 1016 2014 1195 2051; x_wconf 82' lang='lat' dir='ltr'>prospere</span> 
     </span>
     <span class='ocr_line' id='line_1_31' title="bbox 79 2063 1194 2115; baseline 0.003 -16"><span class='ocrx_word' id='word_1_218' title='bbox 79 2063 248 2100; x_wconf 86' lang='lat' dir='ltr'>tulerunt</span> <span class='ocrx_word' id='word_1_219' title='bbox 268 2078 310 2100; x_wconf 89' lang='lat' dir='ltr'>ac</span> <span class='ocrx_word' id='word_1_220' title='bbox 340 2065 549 2101; x_wconf 88' lang='lat' dir='ltr'>retulerunt</span> <span class='ocrx_word' id='word_1_221' title='bbox 577 2066 776 2102; x_wconf 88' lang='lat' dir='ltr'>mandata:</span> <span class='ocrx_word' id='word_1_222' title='bbox 811 2067 874 2101; x_wconf 88' lang='lat' dir='ltr'>sed</span> <span class='ocrx_word' id='word_1_223' title='bbox 894 2067 994 2115; x_wconf 85' lang='lat' dir='ltr'>prius</span> <span class='ocrx_word' id='word_1_224' title='bbox 1016 2079 1055 2102; x_wconf 89' lang='lat' dir='ltr'>se</span> <span class='ocrx_word' id='word_1_225' title='bbox 1085 2074 1194 2102; x_wconf 83' lang='lat' dir='ltr'>aestas</span> 
     </span>
     <span class='ocr_line' id='line_1_32' title="bbox 79 2127 1196 2178; baseline 0.004 -16"><span class='ocrx_word' id='word_1_226' title='bbox 79 2127 314 2176; x_wconf 86' lang='lat' dir='ltr'>circumegit,</span> <span class='ocrx_word' id='word_1_227' title='bbox 345 2141 456 2177; x_wconf 89' lang='lat' dir='ltr'>quam</span> <span class='ocrx_word' id='word_1_228' title='bbox 486 2141 636 2165; x_wconf 84' lang='lat' dir='ltr'>movere</span> <span class='ocrx_word' id='word_1_229' title='bbox 672 2142 715 2164; x_wconf 88' lang='lat' dir='ltr'>ac</span> <span class='ocrx_word' id='word_1_230' title='bbox 744 2129 869 2164; x_wconf 90' lang='lat' dir='ltr'>moliri</span> <span class='ocrx_word' id='word_1_231' title='bbox 897 2129 1101 2178; x_wconf 86' lang='lat' dir='ltr'>quidquam</span> <span class='ocrx_word' id='word_1_232' title='bbox 1131 2142 1196 2166; x_wconf 86' lang='lat' dir='ltr'>rex</span> 
     </span>
     <span class='ocr_line' id='line_1_33' title="bbox 82 2191 1189 2241; baseline 0.001 -15"><span class='ocrx_word' id='word_1_233' title='bbox 82 2197 232 2240; x_wconf 86' lang='lat' dir='ltr'>posset:</span> <span class='ocrx_word' id='word_1_234' title='bbox 265 2197 413 2227; x_wconf 87' lang='lat' dir='ltr'>tantum</span> <span class='ocrx_word' id='word_1_235' title='bbox 443 2193 548 2227; x_wconf 85' lang='lat' dir='ltr'>navis</span> <span class='ocrx_word' id='word_1_236' title='bbox 580 2205 655 2227; x_wconf 84' lang='lat' dir='ltr'>una</span> <span class='ocrx_word' id='word_1_237' title='bbox 685 2199 795 2241; x_wconf 87' lang='lat' dir='ltr'>capta</span> <span class='ocrx_word' id='word_1_238' title='bbox 827 2204 911 2227; x_wconf 88' lang='lat' dir='ltr'>cum</span> <span class='ocrx_word' id='word_1_239' title='bbox 943 2191 1075 2239; x_wconf 86' lang='lat' dir='ltr'>legatis</span> <span class='ocrx_word' id='word_1_240' title='bbox 1107 2205 1189 2228; x_wconf 89' lang='lat' dir='ltr'>mo·</span> 
     </span>
     <span class='ocr_line' id='line_1_34' title="bbox 82 2254 1191 2298; baseline 0.002 -9"><span class='ocrx_word' id='word_1_241' title='bbox 82 2255 200 2290; x_wconf 79' lang='lat' dir='ltr'>menti</span> <span class='ocrx_word' id='word_1_242' title='bbox 219 2254 323 2298; x_wconf 86' lang='lat' dir='ltr'>fecit,</span> <span class='ocrx_word' id='word_1_243' title='bbox 345 2255 391 2291; x_wconf 87' lang='lat' dir='ltr'>ad</span> <span class='ocrx_word' id='word_1_244' title='bbox 411 2255 631 2292; x_wconf 86' lang='lat' dir='ltr'>dilationem</span> <span class='ocrx_word' id='word_1_245' title='bbox 662 2257 880 2292; x_wconf 86' lang='lat' dir='ltr'>inminentis</span> <span class='ocrx_word' id='word_1_246' title='bbox 906 2256 1091 2291; x_wconf 86' lang='lat' dir='ltr'>Romanis</span> <span class='ocrx_word' id='word_1_247' title='bbox 1111 2255 1191 2291; x_wconf 87' lang='lat' dir='ltr'>bel-</span> 
     </span>
    </p>
   </div>
   <div class='ocr_carea' id='block_1_4' title="bbox 84 2317 1192 2369">
    <p class='ocr_par' dir='ltr' id='par_1_4' title="bbox 84 2317 1192 2369">
     <span class='ocr_line' id='line_1_35' title="bbox 84 2317 1192 2369; baseline 0.002 -16"><span class='ocrx_word' id='word_1_248' title='bbox 84 2317 125 2354; x_wconf 89' lang='lat' dir='ltr'>li.</span> <span class='ocrx_word' id='word_1_249' title='bbox 178 2318 230 2354; x_wconf 84' lang='lat' dir='ltr'>Et</span> <span class='ocrx_word' id='word_1_250' title='bbox 250 2320 348 2355; x_wconf 89' lang='lat' dir='ltr'>circa</span> <span class='ocrx_word' id='word_1_251' title='bbox 369 2320 553 2369; x_wconf 83' lang='lat' dir='ltr'>Capuam,</span> <span class='ocrx_word' id='word_1_252' title='bbox 575 2327 809 2368; x_wconf 78' lang='lat' dir='ltr'>transgresso</span> <span class='ocrx_word' id='word_1_253' title='bbox 826 2319 1054 2355; x_wconf 83' lang='lat' dir='ltr'>Vulturnum</span> <span class='ocrx_word' id='word_1_254' title='bbox 1072 2319 1192 2355; x_wconf 88' lang='lat' dir='ltr'>Fabio</span> 
     </span>
    </p>
   </div>
  </div>
 </body>
</html>
