1527 2661
353 212 506 243 LIBER
527 211 661 241 xxu.
693 210 800 241 CAP.
821 211 952 241 XLII·
1124 208 1206 255 277

100 310 256 353 tumque
270 303 419 339 hostem
435 301 677 352 obprimeret.
737 301 870 338 Crebri
884 300 1006 338 relicti
1021 300 1060 337 in
1073 302 1205 339 castris
1219 311 1261 343 U.
1272 309 1309 386 g.
1327 316 1408 343 53⁶,

1217 357 1258 388 A.
1302 377 1311 386 .
1326 360 1404 387 216.

98 368 221 418 ignes,
240 374 284 404 ut
302 367 392 404 fides
415 365 535 410 fieret,
556 366 645 403 dum
663 367 744 417 ipse
761 365 911 417 longius
932 366 1097 417 spatium
1115 366 1209 417 fuga

96 433 332 484 praeciperet,
361 431 459 470 falsa
486 432 652 481 imagine
680 438 890 470 castrorum
912 432 1027 481 (sicut
1045 430 1208 468 Fabium

97 499 225 551 priore
245 511 347 536 anno
366 498 567 536 frustratus
583 498 699 547 esset)
716 505 847 536 tenere
866 499 906 536 in
924 497 1018 536 locis
1032 497 1209 535 consules

97 563 274 601 voluisse.

150 627 284 665 XLII.
314 626 393 664 Ubi
408 625 560 670 inluxit,
578 626 771 664 subductae
789 626 912 678 primo
928 627 1126 671 stationes,
1142 627 1209 664 de·

98 691 185 728 inde
204 692 358 743 propius
379 690 603 727 adeuntibus
621 690 815 727 insolitum
835 690 1026 728 silentium
1045 691 1210 728 admira·

95 757 241 792 tionem
259 756 362 792 fecit.
407 756 495 792 Jam
515 756 604 792 satis
622 761 814 806 comperta
828 755 1046 800 solitudine,
1065 757 1106 793 in
1125 768 1209 793 cas-

93 821 160 857 tris
177 833 385 857 concursus
398 820 441 856 fit
458 821 504 857 ad
521 821 701 871 praetoria
716 819 928 863 consulum,
941 820 1206 857 nunciantium

94 885 224 935 fugam
241 886 410 922 hostium
426 886 520 922 adeo
535 885 736 936 trepidam,
752 891 807 928 ut,
826 883 1080 921 tabernaculis
1101 890 1207 921 stan-

93 949 208 993 tibus,
230 955 352 987 castra
376 948 620 999 reliquerint:
652 961 802 998 quoque
819 948 911 998 fuga
930 948 1128 984 obscurior
1146 960 1208 985 es-

91 1020 161 1058 set,
178 1013 328 1051 crebros
347 1014 462 1050 etiam
476 1013 626 1049 relictos
648 1014 765 1062 ignes.
814 1013 967 1050 Clamor
979 1013 1067 1049 inde
1081 1019 1203 1056 ortus,

93 1084 135 1114 ut
168 1079 276 1127 signa
305 1079 465 1128 proferri
490 1077 684 1128 juberent,
716 1078 969 1126 ducerentque
1001 1077 1048 1113 ad
1076 1090 1204 1128 perse-

93 1143 261 1191 quendos
289 1143 432 1186 hostes,
461 1156 503 1179 ac
528 1143 700 1193 protinus
724 1148 846 1178 castra
875 1142 1094 1192 diripienda.
1151 1141 1203 1178 Et

95 1207 226 1243 consul
246 1207 340 1246 alter
359 1208 461 1244 velut
486 1221 580 1244 unus
603 1207 722 1244 turbae
748 1206 919 1243 militaris
940 1213 1031 1244 erat.
1087 1206 1201 1243 Paul-

94 1271 150 1307 lus
181 1273 295 1308 etiam
322 1280 433 1321 atque
463 1274 576 1309 etiam
606 1273 741 1315 dicere,
762 1271 1033 1321 providendum
1059 1284 1201 1322 praeca-

92 1336 327 1385 vendumque
347 1349 446 1373 esse:
478 1344 684 1387 postremo,
706 1350 820 1385 quum
839 1336 948 1372 aliter
962 1349 1084 1385 noque
1103 1336 1203 1373 sedi-

90 1401 234 1437 tionem
254 1414 375 1450 neque
395 1402 525 1438 ducem
541 1402 736 1437 seditionis
757 1402 940 1437 sustinere
955 1407 1096 1450 posset,
1113 1401 1201 1438 Ma·

90 1464 187 1501 rium
207 1464 397 1501 Statilium
413 1465 632 1515 praefectum
649 1478 734 1501 cum
753 1470 876 1500 turma
891 1464 1048 1500 Lucana
1068 1465 1199 1515 explo-

90 1536 213 1567 ratum
233 1532 351 1567 mittit
368 1547 375 1567 :
408 1532 486 1581 qui,
506 1532 571 1568 ubi
591 1531 821 1581 adequitavit
841 1532 974 1581 portis,
995 1531 1200 1569 subsistere

90 1601 198 1631 extra
228 1596 463 1632 munimenta
494 1597 626 1632 ceteris
657 1594 788 1645 jussis,
821 1596 901 1645 ipse
933 1608 1018 1631 cum
1050 1596 1197 1633 duobus

91 1658 278 1706 equitibus
298 1658 437 1695 vallum
456 1660 628 1695 intravit:
659 1659 945 1708 speculatusque
965 1660 1092 1695 omnia
1111 1673 1196 1696 cum

90 1735 180 1758 cura
197 1724 407 1766 renunciat,
424 1723 577 1759 insidias
597 1723 769 1772 profecto
785 1736 883 1759 esse:
905 1724 1012 1771 ignes
1032 1724 1070 1759 in
1090 1732 1198 1773 parte

90 1792 314 1830 castrorum,
335 1800 417 1836 quae
437 1793 568 1835 vergat
586 1788 624 1823 in
644 1788 807 1830 hostem,
827 1787 997 1824 relictos:
1021 1788 1197 1825 taberna-

91 1850 176 1887 cula
194 1859 337 1901 aperta,
359 1857 396 1888 et
415 1852 542 1888 omnia
558 1865 643 1888 cara
662 1852 700 1887 in
721 1858 872 1901 promtu
890 1852 1039 1888 relicta:
1063 1865 1197 1901 argen-

90 1922 170 1951 tum
187 1915 408 1964 quibusdam
428 1916 519 1952 locis
535 1923 675 1952 temere
695 1930 760 1966 per
774 1918 866 1959 vias,
884 1916 985 1952 velut
1005 1915 1196 1966 objectum

88 1980 133 2015 ad
154 1980 330 2029 praedam,
350 1981 497 2017 vidisse.
553 1981 647 2020 Quae
668 1982 714 2017 ad
741 1981 978 2017 deterrendos
1009 1994 1031 2017 a
1050 1982 1196 2032 cupidi-

87 2050 167 2080 tate
186 2045 331 2080 animos
350 2045 530 2081 nunciata
544 2053 665 2089 erant,
686 2059 730 2082 ea
748 2047 1018 2091 accenderunt3
1046 2053 1096 2090 et,
1117 2047 1195 2083 cla-

85 2120 191 2144 more
209 2115 295 2144 orto
324 2122 343 2144 a
366 2108 560 2152 militibus,
582 2112 621 2146 ni
646 2111 783 2158 signum
811 2111 927 2153 detur,
947 2112 1022 2146 sine
1051 2111 1195 2147 ducibus

85 2173 211 2215 ituros,
229 2172 519 2221 haudquaquam
538 2173 613 2209 dux
626 2173 763 2210 defuit:
785 2187 874 2209 nam
893 2173 1082 2224 extemplo
1096 2174 1194 2210 Var-

88 2247 131 2271 ro
150 2236 298 2285 signum
314 2237 416 2273 dedit
434 2238 706 2287 proficiscendi.
763 2237 931 2281 Paullus,
947 2251 1060 2287 quum
1077 2239 1110 2274 ei
1127 2251 1195 2274 sua

80 2306 221 2349 ,sponte
239 2303 431 2337 cunctanti
458 2302 548 2351 pulli
570 2315 719 2351 quoque
746 2304 914 2354 auspicio
934 2316 1011 2340 non
1031 2303 1195 2340 addixis-

86 2367 184 2408 sent,
198 2363 508 2415 obnuneiarijam
524 2365 691 2403 efferenti
704 2374 814 2418 porta
828 2367 935 2416 signa
949 2364 1194 2418 collegaejus·
