1527 2661
286 227 440 256 LIBER
463 225 626 254 XXIII.
659 223 766 253 CAP.
791 223 968 252 xxxlv.
1094 220 1178 265 349

68 315 225 352 ‘tradunt
250 328 289 352 se
317 315 517 359 Romanis,
549 319 587 349 et
617 312 664 349 ad
698 311 917 362 praefectum
947 309 1074 346 classis
1112 309 1177 346 ad-
1191 313 1370 349 U.C.⁵37.

71 380 197 416 ducti:
228 393 340 428 quum
368 385 565 429 quaereret,
597 379 670 426 qui,
699 382 734 412 et
759 377 864 417 unde,
895 380 930 411 et
959 387 1027 422 quo
1058 374 1178 410 tende-
1190 357 1371 390 A‘C·⁹¹⁵·

70 449 152 480 rent
175 446 349 480 cursum?
376 442 635 492 Xenophanes
666 441 802 490 primo,
835 438 924 475 satis
948 437 1031 488 jam
1064 436 1179 473 semel

68 508 176 551 felix,
196 508 433 545 mendacium
459 514 616 549 struere,
637 519 660 542 a
679 505 853 553 Philippo
877 516 913 539 se
931 505 980 539 ad
1000 503 1181 539 Romanos

69 574 228 615 missum,
255 574 305 608 ad
322 573 376 608 M.
402 572 598 613 Valerium,
626 571 676 605 ad
705 581 805 617 quem
829 580 941 604 unum
969 569 1037 603 iter
1062 571 1181 603 tutum

60 635 195 685 fuerit,
214 638 420 685 pervenisse.
476 636 708 684 Campaniam
728 645 895 682 superare
911 633 1080 680 nequisse,
1100 644 1180 680 sep·-

72 706 146 736 tam
177 702 327 737 hostiam
352 702 539 749 praesidiis.
596 699 759 741 Deinde,
791 704 832 733 ut
860 697 1024 733 Punicus
1056 696 1177 732 cultus

68 764 296 813 habitusque
326 772 520 814 suspectos
550 763 696 812 legatos
722 762 814 798 fecit
845 760 1087 803 Hannibalis,
1118 761 1178 796 in-

68 834 357 877 terrogatosque
374 841 496 864 sermo
512 827 678 877 prodidit
693 842 700 862 ;
732 833 814 862 tum
830 825 1031 861 comitibus
1049 838 1180 862 eorum

29 894 32 896 ⁷
70 892 247 936 seductis,
268 905 311 928 ac
333 898 436 928 metu
463 892 618 933 territis,
644 890 762 927 literae
783 903 933 938 quoque
958 889 1005 926 ab
1028 889 1180 925 Hanni-

70 956 155 993 bale
182 956 228 992 ad
262 955 480 1005 Philippum
508 955 685 996 inventae,
717 961 754 989 et
784 960 896 1004 pacta
923 955 1023 989 inter
1052 965 1181 1001 regem

69 1021 325 1058 Macedonum
346 1020 582 1068 Poenumque
601 1019 746 1055 ducem.
803 1018 951 1058 Quibus
980 1018 1069 1054 satis
1090 1031 1182 1068 cog-

67 1086 172 1128 nitis,
204 1085 388 1133 optimum
407 1084 528 1119 visum
558 1090 628 1125 est,
659 1083 827 1132 captivos
857 1084 1089 1131 comitesque
1116 1096 1181 1119 eo-

69 1162 152 1184 rum
170 1148 335 1183 Romam
361 1148 407 1182 ad
435 1153 620 1189 senatum,
636 1153 706 1191 ,aut
735 1146 781 1182 ad
801 1146 988 1188 consules,
1010 1146 1181 1183 ubicum-

73 1225 145 1261 que
164 1219 302 1254 essent,
324 1224 433 1260 quam
461 1211 622 1260 primum
643 1211 862 1261 deportare:
896 1211 941 1247 ad
966 1211 1003 1246 id
1029 1211 1179 1247 celerri-

71 1289 141 1312 mae
161 1276 327 1324 quinque
356 1287 468 1310 naves
499 1274 667 1317 delectae,
703 1288 746 1310 ac
771 1274 818 1311 L.
835 1273 1006 1311 Valerius
1027 1276 1178 1318 Antias,

72 1340 137 1388 qui
162 1344 352 1388 praeesset,
384 1338 541 1373 missus:
574 1338 682 1386 eique
712 1338 944 1381 mandatum,
966 1347 1007 1375 ut
1036 1341 1075 1376 in
1095 1354 1177 1377 om-

70 1416 135 1440 nes
167 1414 279 1437 naves
300 1402 446 1449 legatos
468 1402 669 1451 separatim
690 1403 958 1438 custodiendos
978 1405 1175 1450 divideret,

69 1467 247 1514 daretque
267 1477 434 1514 operam,
464 1477 512 1500 ne
532 1464 633 1513 quod
662 1465 706 1499 iis
732 1465 975 1514 conloquium
1004 1470 1103 1505 inter
1123 1483 1176 1514 se,

69 1541 162 1566 neve
191 1541 273 1577 quae
304 1528 598 1563 communicatio
629 1528 777 1563 consilii
807 1537 916 1566 esset.
973 1532 1047 1568 Per
1078 1534 1177 1570 idem

66 1600 216 1641 tempus
252 1590 388 1627 Romae
425 1604 538 1639 quum
568 1591 615 1626 A.
633 1591 831 1627 Cornelius
868 1593 1093 1639 Mammula,
1132 1613 1178 1636 ex
1191 1593 1346 1627 sardinia»

71 1656 242 1691 Sardinia
273 1655 468 1703 provincia
496 1655 693 1696 decedens,
726 1655 929 1700 retulisset,
963 1661 1026 1707 qui
1057 1669 1177 1700 status
1189 1647 1300 1672 status.

71 1731 194 1754 rerum
214 1718 252 1752 in
272 1717 395 1752 insula
413 1723 525 1759 esset,
545 1717 686 1752 bellum
712 1731 754 1753 ac
775 1719 1025 1758 defectionem
1047 1737 1178 1763 omnes

72 1788 239 1830 spectare
255 1796 263 1823 3
286 1780 333 1818 Q.
347 1779 533 1821 Mucium,
551 1780 614 1828 qui
634 1783 874 1817 successisset
889 1784 974 1827 sibi,
992 1789 1178 1834 gravitate

73 1844 159 1880 coeli
189 1855 444 1892 aquarumque
473 1843 734 1880 advenientem
758 1854 971 1896 exceptum,
1001 1863 1080 1887 non
1100 1860 1178 1890 tam

73 1910 112 1944 in
132 1907 398 1957 periculosum,
420 1919 532 1955 quam
556 1907 727 1956 longum,
748 1911 921 1947 morbum
948 1914 1176 1964 inplicitum,

74 1973 135 2007 diu
163 1972 209 2007 ad
228 1971 316 2007 belli
337 1973 412 2007 vim
440 1972 697 2008 sustinendam
728 1974 899 2011 inutilem
918 1976 1013 2021 fore,
1035 1983 1178 2018 exerci-

71 2041 226 2082 tumque
246 2034 298 2069 ibi
320 2040 361 2069 ut
379 2035 468 2069 satis
490 2034 636 2070 firmum
655 2044 798 2084 pacatae
818 2040 1021 2087 provinciae
1048 2046 1178 2091 praesi-

72 2098 133 2133 dio
154 2110 248 2139 esse,
265 2098 319 2132 ita
337 2110 468 2146 parum
488 2097 601 2140 bello,
620 2100 720 2147 quod
739 2108 884 2137 motum
904 2104 949 2138 iri
965 2105 1152 2143 videretur
1168 2123 1175 2143 ε

71 2162 315 2197 decreverunt
340 2160 485 2204 Patres,
518 2168 558 2196 ut
587 2162 635 2200 Q.
656 2162 808 2199 Fulvius
837 2164 993 2202 Flaccus
1014 2170 1180 2219 quinque

70 2225 187 2261 millia
203 2224 385 2274 peditum,
399 2226 693 2274 quadringentos
711 2229 854 2276 equites
870 2231 1064 2276 scriberet,
1079 2246 1182 2272 eam-

65 2301 143 2337 *que
162 2288 351 2336 legionem
376 2290 498 2338 primo
525 2303 674 2338 quoque
701 2298 872 2342 tempore
901 2294 939 2329 in
969 2296 1182 2336 Sardiniam

70 2350 329 2402 trajiciendam
348 2359 510 2396 curaret,
526 2354 766 2403 mitteretque
783 2368 868 2393 cum
880 2358 1053 2408 imperio,
1071 2374 1183 2410 quem
