1527 2661
359 231 513 261 LIBER
537 230 668 258 xxu.
701 229 807 258 CAP.
831 230 938 258 XVI.
1124 225 1203 269 247

103 319 265 355 duntur:
296 318 411 354 ceteri
440 317 558 353 effuso
586 325 712 352 rursus
746 328 857 352 cursu
886 315 996 351 Cales
1028 315 1204 364 primum,
1219 313 1260 344 U·
1271 312 1308 344 C·
1327 319 1399 344 ⁵3⁵·

103 385 190 421 inde
208 393 325 434 prope
339 384 449 420 inviis
469 383 624 420 callibus
645 383 692 418 ad
705 382 927 418 dictatorem
949 381 1206 430 perfugerunt.
1218 357 1257 387 A'
1270 355 1307 386 C’
1325 362 1397 390 ⁹¹7'

102 448 163 485 Eo
181 448 279 484 forte
299 448 357 484 die
376 447 569 483 Minucius
590 459 629 482 se
648 445 898 495 conjunxerat
915 444 1051 488 Fabio,
1072 445 1206 480 missus

100 511 149 548 ad
175 510 398 547 firmandum
423 510 599 561 praesidio
627 510 777 552 saltum,
804 509 867 558 qui
893 520 1004 558 super
1032 507 1207 544 Tarraci-

102 587 206 617 nam,
227 576 265 610 in
291 581 390 611 artas
417 581 570 611 coactus
589 574 730 618 fauces,
758 574 919 610 inminet
946 572 1055 615 mari,
1074 584 1123 608 ne
1148 572 1206 607 in-

103 639 251 675 munito
265 639 399 688 Appiae
414 638 535 676 limite
553 638 694 675 Poenus
709 637 904 688 pervenire
919 637 958 673 in
974 649 1105 685 agrum
1123 635 1207 672 Ro-

103 715 257 739 manum
283 709 422 753 posset.
480 702 704 752 Conjunctis
731 701 958 739 exercitibus
978 700 1142 737 dictator
1164 713 1207 737 ac

103 768 283 815 magister
326 768 494 815 equitum
530 773 653 803 castra
696 767 734 802 in
772 767 871 802 viam
908 764 1095 809 deferunt,
1134 776 1208 813 qua

103 830 301 866 Hannibal
338 830 515 866 ducturus
551 836 654 866 erat:
687 829 762 866 duo
799 830 888 866 inde
923 828 1042 866 millia
1076 829 1206 866 hostes

103 894 273 931 aberant.

156 957 267 994 XVI.
296 956 456 995 Postero
487 957 547 995 die
582 956 707 1001 Poeni,
737 956 839 1006 quod
880 956 950 993 vite
985 956 1084 993 inter
1119 956 1211 993 bina

107 1027 232 1058 castra
247 1026 341 1064 erat,
359 1021 514 1070 agmine
530 1020 777 1070 complevere.
815 1021 944 1060 Quum
958 1019 1125 1057 Romani
1141 1019 1210 1057 sub

101 1085 187 1136 ipso
217 1085 477 1122 constitissent
498 1084 612 1129 vallo,
641 1085 743 1121 haud
772 1085 884 1122 dubie
915 1085 1077 1134 aequiore
1106 1084 1208 1128 loco,

101 1150 283 1186 successit
306 1155 434 1185 tamen
452 1149 593 1185 Poenus
614 1162 698 1186 cum
725 1150 908 1199 expeditis
926 1149 1129 1198 equitibus,
1149 1154 1208 1185 at·

105 1226 178 1262 que
198 1213 244 1250 ad
263 1213 521 1250 lacessendum
540 1214 690 1250 hostem
710 1214 868 1264 carptim
889 1220 927 1251 et
950 1213 1208 1264 procursando

103 1277 394 1327 recipiendoque
409 1288 490 1313 sese
509 1289 746 1328 pugnavere:
778 1277 918 1314 restitit
937 1289 1006 1313 suo
1021 1276 1108 1313 loco
1126 1275 1209 1312 Ro·

104 1353 218 1379 mana
242 1341 363 1378 acies:
395 1340 498 1378 lenta
533 1354 664 1393 pugna
691 1347 729 1378 et
766 1355 812 1379 ex
841 1341 1037 1378 dictatoris
1072 1341 1210 1390 magis,

104 1418 218 1455 quam
242 1405 487 1449 Hannibalis,
513 1405 587 1441 fuit
615 1404 835 1442 voluntate:
868 1405 1020 1442 ducenti
1052 1405 1098 1441 ab
1128 1405 1212 1441 Ro-

104 1470 239 1512 manis,
260 1469 474 1518 octingenti
503 1469 671 1505 hostium
691 1470 868 1507 cecidere.
926 1468 1098 1506 Inclusus
1124 1469 1212 1506 inde

104 1533 222 1570 videri
250 1532 461 1578 Hannibal,
490 1534 552 1571 via
579 1534 626 1570 ad
649 1534 858 1570 Casilinum
887 1533 1063 1570 obsessa:
1097 1546 1212 1582 quum

106 1597 238 1647 Capua
257 1604 295 1634 et
315 1597 524 1641 Samnium,
544 1603 583 1634 et
601 1604 750 1634 tantum
769 1597 816 1633 ab
836 1604 946 1645 tergo
965 1597 1124 1633 divitum
1149 1609 1211 1633 so-

103 1662 247 1698 ciorum
290 1661 476 1698 Romanis
514 1668 745 1698 commeatus
782 1661 1007 1698 subveheret
1019 1677 1030 1706 ;
1070 1661 1211 1697 Poenus

104 1730 239 1761 contra
263 1725 362 1761 inter
379 1724 585 1761 Formiana
609 1737 701 1761 saxa
719 1737 762 1760 ac
781 1724 930 1760 Literni
956 1736 1088 1760 arenas
1109 1729 1211 1772 stag-

101 1802 225 1837 naque
243 1789 461 1838 perhorrida
476 1790 550 1825 situ
564 1789 830 1825 hibernaturus
846 1794 955 1825 esset.
997 1788 1081 1825 Nec
1100 1787 1209 1825 Han-
1224 1789 1372 1838 Inclusus

104 1851 268 1888 nibalem
286 1852 435 1895 fefellit,
463 1853 538 1888 suis
566 1865 605 1888 se
626 1852 770 1889 artibus
797 1853 876 1902 peti
893 1867 900 1888 :
932 1853 1073 1902 itaque,
1094 1865 1210 1902 quum
1221 1832 1408 1916 ἔξλέχᾜῖἷὲὲῑ

105 1927 171 1965 per
185 1915 391 1952 Casilinum
408 1915 562 1951 evadere
574 1927 652 1951 non
666 1921 808 1965 posset,
823 1915 1048 1966 petendique
1060 1921 1208 1952 montes
1222 1925 1299 1950 arte.

107 1986 143 2015 et
166 1978 303 2028 jugum
324 1978 514 2015 Calliculae
542 1979 794 2029 superandum
827 1986 939 2023 esset,
963 1979 1099 2017 necubi
1127 1979 1210 2017 Ro-

107 2055 238 2078 manus
269 2043 455 2079 inclusum
484 2042 643 2079 vallibus
669 2056 805 2092 agmen
832 2043 1119 2092 adgrederetur3
1152 2043 1210 2080 lu-

106 2105 269 2142 dibrium
296 2106 506 2150 oculorum,
532 2107 656 2156 specie
681 2107 862 2150 terribile,
890 2107 937 2144 ad
955 2107 1212 2144 frustrandum

106 2170 255 2206 hostem
284 2178 533 2213 commentus,
565 2171 752 2221 principio
778 2172 901 2208 noctis
924 2171 1054 2207 furtim
1081 2184 1210 2207 succe-

106 2232 193 2269 dere
212 2233 258 2270 ad
278 2240 424 2270 montes
445 2235 589 2270 statuit.
647 2234 806 2272 Fallacis
823 2235 969 2272 consilii
989 2235 1074 2271 talis
1095 2235 1210 2284 adpa-

106 2302 206 2332 ratus
225 2297 308 2334 fuit.
364 2297 479 2334 Faces
500 2298 664 2346 undique
680 2311 725 2334 ex
741 2299 839 2347 agris
857 2298 1053 2340 conlectae,
1070 2297 1210 2333 fasces-

106 2370 178 2406 que
192 2360 394 2409 virgarum,
412 2368 524 2412 atque
544 2361 647 2398 arida
662 2369 851 2399 sarmenta
865 2361 1108 2413 praeligantur
1125 2373 1209 2398 cor·

613 2423 701 2461 M4
