1527 2661
367 205 523 232 LIBER
548 204 595 232 X·
629 204 736 232 CAP.
760 203 902 232 XLIV.
1122 202 1198 246 137

96 306 141 328 ex
172 291 324 330 alterius
355 293 544 330 sententia
563 292 697 329 consul
726 298 880 342 captum
915 291 1095 342 oppidum
1115 292 1203 329 diri-
1218 294 1308 325 U·C·
1324 301 1399 328 459-

95 356 273 405 piendum
292 357 403 393 militi
423 357 547 402 dedit3
581 356 775 392 exhaustis
790 355 925 392 deinde
946 356 1056 391 tectis
1077 356 1205 404 ignem
1219 339 1257 370 A·
1270 337 1306 369 θ’
1325 343 1398 370 ²⁹3⁸

94 418 247 468 injecit:
280 421 488 469 eodemque
514 421 572 456 die
597 419 805 469 Aquilonia
831 424 868 455 et
896 419 1114 456 Cominium
1141 421 1206 456 de-

94 482 323 531 flagravere:
357 493 395 521 et
432 484 620 528 consules,
660 497 745 520 cum
783 484 1038 532 gratulatione
1075 490 1209 521 mutua

93 545 288 596 legionum
308 562 463 598 suaque,
485 556 609 586 castra
629 548 876 599 conjunxere.
933 548 979 584 In
1000 555 1208 599 conspectu

94 610 253 648 duorum
281 615 514 650 exercituum
541 620 579 650 et
599 613 784 650 Carvilius
813 626 900 650 suos
927 627 998 664 pro
1025 613 1207 664 cujusque

92 677 230 712 merito
249 677 416 714 laudavit
428 679 681 728 donavitque,
714 685 752 716 et
770 679 959 728 Papirius,
981 679 1079 729 apud
1096 692 1208 729 quem

92 739 292 790 multiplex
317 743 356 778 in
381 744 477 787 acie,
505 744 605 779 circa
630 749 766 787 castra,
792 744 892 779 circa
920 743 1063 787 urbem,
1084 744 1209 782 fuerat

93 808 299 849 certamen,
315 806 378 855 Sp.
400 806 602 850 Nautium,
624 808 687 857 Sp.
704 807 913 857 Papirium,
930 807 1058 843 fratris
1073 807 1207 852 filium,

93 871 131 901 et
149 873 313 915 quatuor
338 870 594 914 centuriones,
616 869 926 920 manipulumque
950 870 1206 915 hastatorum,

93 930 247 967 armillis
265 934 462 982 aureisque
478 935 630 970 coronis
644 935 802 971 donavit
817 949 824 970 z
848 933 1035 970 Nautium
1051 941 1208 984 propter

93 995 389 1044 expeditionem,
418 1011 493 1047 qua
525 1000 654 1047 magni
687 998 849 1048 agminis
881 998 995 1035 modo
1022 1004 1210 1035 terruerat

92 1057 245 1097 hostes:
279 1060 461 1111 juvenem
495 1062 690 1114 Papirium
724 1068 880 1113 propter
913 1070 1091 1099 navatam
1123 1074 1211 1100 cum.

93 1124 264 1172 equitatu
291 1133 329 1162 et
348 1127 388 1163 in
414 1128 550 1178 proelio
577 1141 746 1179 operam,
772 1134 811 1164 et
835 1134 963 1171 nocte,
985 1141 1060 1176 qua
1078 1127 1211 1176 fugam

93 1186 272 1226 infestam
309 1191 543 1230 Samnitibus
582 1194 628 1230 ab
658 1192 876 1242 *Aquilonia
912 1192 1011 1229 clam
1048 1192 1208 1241 egressis

90 1250 206 1288 fecit:
244 1257 484 1293 centuriones
521 1257 750 1307 militesque,
784 1259 874 1307 quia
909 1258 1021 1308 primi
1058 1263 1211 1307 portam

93 1327 316 1367 murumque
335 1321 550 1368 Aquiloniae
578 1328 779 1372 ceperant:
813 1323 957 1371 equites
985 1333 1131 1363 omnes,
1158 1319 1210 1357 ob

93 1379 281 1429 insignem
301 1384 428 1419 multis
449 1385 542 1420 locis
563 1398 732 1434 operam,
754 1384 957 1421 corniculis
979 1383 1211 1432 armillisque

93 1445 281 1493 argenteis
316 1447 446 1485 donat.
504 1449 717 1485 Consilium
753 1448 841 1485 inde
870 1448 1059 1491 habitum,
1093 1460 1211 1497 quum

86 1505 170 1557 jam
199 1515 346 1559 tempus
376 1517 475 1547 esset
503 1512 712 1548 deducendi
741 1512 789 1548 ab
821 1511 978 1548 Samnio
1004 1512 1208 1556 exereitus,

93 1579 160 1609 aut
179 1575 387 1624 utriusque,
408 1583 475 1613 aut
497 1584 599 1613 certe
625 1576 793 1613 alterius.
851 1576 1051 1626 Optimum
1070 1576 1208 1620 visum,

95 1649 172 1685 quo
194 1640 313 1688 magis
333 1640 464 1676 fractae
494 1654 552 1676 res
587 1642 815 1676 Samnitium
845 1646 985 1682 essent,
1013 1652 1058 1675 eo
1092 1640 1210 1689 perti-

94 1702 224 1738 nacius
246 1711 284 1740 et
304 1704 476 1740 infestius
498 1717 610 1753 agere
629 1711 755 1741 cetera
774 1710 812 1739 et
831 1705 1003 1753 persequi
1021 1719 1028 1740 :
1062 1711 1105 1740 ut
1123 1716 1209 1754 per-

96 1766 282 1802 domitum
316 1768 512 1803 Samnium
541 1768 826 1816 insequentibus
861 1767 1079 1803 consulibus
1110 1768 1208 1804 tradi

97 1837 237 1880 posset.
274 1832 439 1871 Quando
451 1831 535 1881 jam
554 1831 678 1868 nullus
700 1839 799 1868 esset
818 1832 985 1868 hostium
1006 1833 1208 1874 exercitus,

99 1895 163 1943 qui
182 1896 299 1943 signis
327 1896 486 1932 conlatis
507 1897 751 1932 dimicaturus
777 1896 981 1939 videretur,
1005 1908 1120 1932 unum
1146 1909 1209 1932 su-

96 1972 245 2010 peresse
263 1960 353 1997 belli
372 1973 505 2009 genus,
528 1962 677 1997 urbium
696 1961 1002 2011 obpugnationes
1018 1978 1027 2007 3
1051 1975 1210 2010 quarum

97 2037 164 2074 per
189 2025 335 2061 excidia
367 2025 524 2062 militem
557 2025 788 2076 locupletare
822 2027 960 2075 praeda,
988 2034 1027 2062 et
1059 2026 1210 2063 hostem

97 2102 166 2139 pro
186 2090 257 2126 aris
280 2102 322 2125 ac
342 2090 436 2126 focis
457 2091 700 2127 dimicantem
720 2091 905 2128 conficere
924 2097 1091 2142 possent.
1130 2090 1209 2127 Ita-

96 2166 183 2202 que,
209 2153 326 2189 literis
353 2154 474 2189 missis
506 2155 552 2190 ad
582 2161 754 2190 senatum
781 2154 1036 2204 populumque
1066 2154 1211 2190 Roma-

99 2230 189 2254 num
209 2218 254 2254 de
274 2217 384 2253 rebus
406 2217 453 2254 ab
481 2230 519 2253 se
540 2218 671 2266 gestis,
693 2218 843 2260 diversi,
865 2218 1037 2267 Papirius
1059 2218 1105 2254 ad
1135 2219 1212 2253 Sae-

99 2282 245 2332 pinum,
268 2282 453 2319 Carvilius
484 2282 531 2319 ad
552 2281 739 2319 Volanam
759 2282 1058 2332 obpugnandam
1089 2281 1211 2331 legio-

100 2358 165 2381 nes
187 2345 338 2384 ducunt.
