1527 2661
147 240 188 269 U.
201 238 237 268 C.
253 245 326 270 538·

151 284 184 312 Α.
202 282 328 313 0214.
365 308 370 314 .

328 755 434 802 filias
452 759 595 801 nuptas.
653 753 729 789 Sub
750 754 848 790 hanc
868 767 998 790 vocem
1021 768 1067 791 ex
1087 754 1263 791 omnibus
1287 753 1458 805 partibus

150 1407 249 1446 Stirps
266 1415 313 1437 re-

148 1451 200 1489 gia
216 1450 335 1480 interfi-

151 1501 246 1525 citur.

147 1984 257 2014 Preces

151 2025 316 2057 Heracleae

151 2069 300 2102 Hieronis

150 2111 237 2144 filiae.

338 151 422 190 402
789 153 833 180 Τ.
862 152 994 180 mvl-1

341 247 516 284 tenuerat,
545 254 613 289 pro
643 243 785 277 domino
811 243 1032 290 posseclerit,·
1061 243 1226 290 proditus
1255 244 1380 280 deinde
1410 246 1453 280 ab
1507 250 1509 252 ’

340 319 402 349 eis,
424 309 485 354 qni
506 309 541 342 in
564 307 687 342 Insula
712 312 829 349 erant,
851 309 1094 343 circumsessus
1118 307 1162 343 ab
1186 310 1350 344 universa
1368 310 1455 344 civi-

341 376 429 413 tate,
450 383 527 418 qiioe
544 371 793 406 Achradinam
810 372 977 413 tenuerit,
999 373 1238 420 nequidquam
1256 373 1382 419 palam
1397 377 1455 408 at-

342 447 409 483 que
428 439 551 482 aperte
566 436 719 482 petitum
742 446 904 482 regnum,
926 436 1020 470 elain
1040 440 1074 470 ei
1093 437 1174 471 dolo
1193 435 1381 483 adfectare
1399 447 1456 471 co·
1509 440 1527 460 Η

342 503 448 533 natus
464 500 526 540 sit,
547 503 581 533 et
605 510 648 533 ne
667 498 829 546 beneficio
849 500 989 545 quidem
1014 503 1120 546 atque
1147 499 1277 535 honore
1298 500 1460 546 potuerit

343 563 449 603 vinci,
471 574 577 609 qaum
607 563 700 597 inter
720 561 924 597 liberatores
944 563 1078 609 patriae
1102 563 1292 598 insidiator
1315 564 1389 611 ipse
1415 563 1461 598 li-

343 626 490 661 bertatis
519 630 658 661 creatas
687 630 773 661 esset
802 631 949 674 praetor.
1003 627 1076 662 Sed
1106 629 1242 663 animos
1270 628 1318 663 eis
1347 628 1463 674 regios

343 688 508 736 conjuges
530 691 646 736 regias
664 688 810 737 fecisse,
839 691 948 726 alteri
969 691 1148 734 Hieronis,
1170 692 1278 726 alteri
1303 691 1458 733 Gelonis,

342 819 538 854 concionis
570 818 713 854 clamor
745 820 879 862 oritur,
910 819 1053 855 nullam
1084 832 1213 855 earum
1242 819 1367 855 vivere
1395 819 1462 854 de-

341 882 445 926 bere,
472 896 542 919 nec
567 896 794 932 quemquam
822 897 1017 935 superesse
1042 892 1292 934 tyrannorum
1319 884 1461 934 stirpis.

343 947 440 984 Haec
459 954 596 984 natura
621 948 873 985 multitudinis
902 956 984 995 est3
1019 956 1086 985 aut
1113 949 1228 985 servit
1252 948 1460 992 humiliter,

344 1020 410 1048 aut
430 1012 590 1062 superbe
610 1012 849 1049 dominatur:
882 1013 1115 1057 libertatem,
1137 1027 1220 1063 quae
1246 1013 1370 1049 media
1389 1018 1460 1055 est,

343 1088 414 1111 nec
446 1088 623 1125 spernere
654 1076 817 1119 modice,
848 1090 920 1113 nec
959 1077 1098 1113 habere
1135 1079 1283 1114 sciunt:
1315 1082 1354 1113 et
1385 1089 1465 1113 non

342 1140 462 1176 ferme
481 1140 619 1176 desunt
638 1141 779 1177 irarum
796 1141 1037 1191 indulgentes
1054 1143 1231 1185 ministri,
1249 1143 1313 1191 qui
1333 1141 1462 1178 avidos

343 1211 458 1253 atque
477 1206 772 1255 intemperantes
799 1206 1037 1257 plebeiorum
1063 1208 1210 1244 animos
1237 1207 1285 1244 ad
1310 1206 1463 1255 sangui·

343 1281 431 1305 nem
447 1276 484 1305 et
499 1270 616 1306 caedes
638 1271 801 1308 irritent.
859 1273 965 1308 Sicut
979 1279 1060 1309 tum
1077 1272 1268 1323 extemplo
1283 1277 1464 1322 praetores

343 1334 585 1382 rogationem
615 1335 928 1384 promulgarunt:
963 1343 1193 1388 acceptaque
1217 1348 1314 1387 pene
1344 1336 1462 1386 prius,

346 1409 459 1445 quam
488 1398 743 1447 promulgata,
765 1408 836 1442 est,
857 1407 899 1436 ut
925 1401 1048 1436 omnis
1075 1401 1181 1453 regia
1206 1402 1319 1450 stirps
1345 1401 1463 1435 inter-

347 1460 520 1496 ficeretur
536 1477 542 1497 :
576 1463 755 1510 missique
770 1476 793 1498 a
811 1464 1037 1512 praetoribus
1053 1463 1302 1500 Damaratam
1323 1462 1464 1499 Hiero-

346 1525 419 1567 nis,
438 1532 476 1560 et
492 1525 745 1562 Harmoniam
763 1527 920 1563 Gelonis
934 1527 1044 1572 filias,
1062 1527 1244 1578 conjuges
1260 1527 1463 1564 Andrano-

347 1588 429 1624 dori
450 1596 488 1624 et
506 1589 708 1633 Themisti,
730 1592 1016 1629 interfecerunt.

400 1651 554 1690 XXVI.
584 1653 773 1690 Heraclea
799 1662 879 1691 erat
900 1654 976 1691 filia
1003 1655 1201 1698 Hieronis,
1223 1668 1319 1691 uxor
1346 1655 1464 1705 Zoip-

347 1719 409 1768 pi3
434 1720 511 1768 qui,
530 1720 675 1769 legatus
693 1721 739 1757 ab
756 1721 999 1771 Hieronymo
1012 1721 1060 1757 ad
1074 1733 1200 1768 regem
1217 1719 1464 1756 Ptolemaeum

346 1783 496 1826 missus,
511 1784 767 1821 voluntarium
785 1786 1022 1821 consciverat
1041 1783 1228 1820 exsilium.
1275 1783 1335 1819 Ea
1347 1796 1462 1832 quum

347 1846 394 1881 ad
413 1858 452 1881 se
471 1860 622 1896 quoque
641 1849 768 1884 venire
791 1849 1017 1899 praescisset,
1040 1849 1077 1883 in
1099 1847 1304 1883 sacrarium
1333 1847 1380 1883 ad
1399 1859 1464 1896 pe-

346 1916 453 1945 nates
471 1912 659 1960 confugit,
678 1926 763 1948 cum
784 1913 927 1949 duabus
948 1912 1094 1948 filiabus
1115 1911 1339 1960 virginibus,
1361 1923 1464 1947 reso-

346 1973 436 2009 lutis
468 1975 650 2019 crinibus,
673 1976 955 2025 miserabilique
985 1976 1060 2012 alio
1088 1975 1244 2011 habitu:
1278 1982 1316 2010 et
1345 1975 1391 2010 ad
1421 1988 1466 2011 ea

346 2037 489 2074 addidit
518 2051 661 2087 preces,
694 2053 788 2076 nnnc
812 2053 880 2088 per
910 2042 1115 2076 memoriam
1134 2040 1305 2075 Hieronis
1331 2040 1466 2086 patris,

351 2103 563 2150 Gelonisque
580 2103 731 2152 fratris,
753 2117 797 2140 ne
823 2117 859 2140 se
888 2106 1066 2140 innoxiam
1098 2105 1235 2139 invidia
1252 2103 1465 2151 Hieronymi

344 2167 564 2216 conflagrare
588 2169 753 2203 sinerent.
813 2169 917 2204 Nihil
938 2181 974 2204 se
999 2181 1041 2204 er
1068 2180 1176 2215 regno
1203 2168 1312 2209 illius,
1331 2172 1462 2215 praeter

343 2231 504 2265 ersilium
533 2232 614 2273 viri,
636 2231 785 2275 hahere5
816 2245 928 2280 neque
945 2232 1141 2280 fortunam
1168 2243 1270 2266 suam
1298 2231 1461 2266 eamdem

342 2297 421 2331 rivo
442 2297 661 2344 Hieronymo
673 2297 804 2345 fuisse,
826 2311 933 2346 quam
952 2300 1082 2334 sororis
1092 2316 1104 2343 ,-
1135 2309 1246 2346 neque
1269 2296 1458 2345 interfecto
