1527 2661
386 206 539 235 LIBER
564 206 707 235 XXVI.
742 205 848 234 CAP.
872 206 954 234 XV·
1142 204 1223 250 521

115 294 175 330 bus
194 285 307 330 dubiis
323 295 498 330 sociorum
504 295 676 343 fidelium
694 296 827 330 animi.-
845 299 880 330 et
896 293 1149 340 subjicerentur
1168 298 1222 331 z'n-
1237 305 1279 335 U,
1291 304 1327 334 c.
1346 312 1419 335 541.

114 358 258 401 (ficibus,
276 360 384 406 queis,
400 370 511 405 neque
530 359 616 406 quid
623 357 808 406 facerent,
821 370 932 405 neque
951 360 1037 406 quid
1055 360 1222 402 (licerent,
1235 348 1275 378 A·
1292 347 1330 378 C·
1346 354 1381 378 ²¹
1392 354 1420 377 ¹⁰

113 423 308 470 quidquam
332 434 502 470 umquam
527 424 632 470 pensi
651 422 786 470 fuisset
801 439 813 458 .·
840 424 961 470 itaque
977 435 1013 458 se
1032 435 1110 458 eam
1130 436 1224 471 (μισε-

110 487 258 521 stionem
277 486 521 534 obpressurum
540 489 873 534 exstincturumque.
915 486 976 523 Ab
993 487 1066 523 hoc
1082 500 1224 523 sermo-

111 561 157 584 ne
173 561 289 598 quum
304 549 461 597 digressi
478 556 617 592 essent,
635 557 672 585 et
686 551 847 600 Appius,
864 551 1032 599 quamvis
1048 550 1224 587 ferociter

109 611 343 661 loquentem,
373 612 573 660 collegam,
603 626 680 648 non
711 613 912 656 dubitaret,
940 620 1066 650 tamen
1095 614 1221 650 literas

110 689 221 727 super
238 683 348 713 tanta
366 690 406 713 re
426 677 472 714 ab
492 677 620 714 Roma
638 685 964 728 exspectaturum3
986 679 1154 723 Fulvius,
1174 693 1222 716 ne

108 740 146 776 id
165 742 287 791 ipsum
305 741 604 791 inpedimentum
621 743 773 793 incepto
789 743 902 786 foret,
917 744 1109 780 dimittens
1126 756 1221 794 prae—

105 805 261 848 torium,
282 805 444 842 tribunis
467 805 629 842 militum
657 819 700 843 ac
725 808 912 857 praefectis
937 807 1082 844 socium
1101 809 1220 857 impe·

104 868 216 911 ravit,
236 869 291 904 uti
311 868 457 904 duobus
477 868 642 906 millibus
666 871 835 919 equitum
860 871 1013 907 delectis
1041 871 1220 907 denunci-

106 939 228 976 arent,
249 939 291 969 ut
311 933 528 970 ad-tertiam
550 934 749 970 buccinam
769 940 908 984 praesto
928 941 1065 970 essent.
1123 935 1220 971 Cum

104 997 178 1033 hoc
212 998 382 1046 equitatu
412 1005 526 1034 nocte
554 998 726 1034 Teanum
751 997 958 1048 profectus,
988 998 1109 1047 prima
1137 997 1221 1034 luce

104 1067 255 1110 portam
274 1061 443 1104 intravit,
466 1068 579 1111 atque
598 1062 638 1097 in
656 1061 781 1098 forum
800 1062 985 1111 perrexit:
1015 1074 1219 1097 concursu-

103 1136 175 1172 que
201 1124 247 1160 ad
273 1125 435 1174 primum
463 1126 632 1174 equitum
652 1126 862 1174 ingressum
881 1125 999 1168 facto,
1019 1126 1219 1174 magistra-

103 1193 186 1224 tum
206 1188 412 1225 Sidicinum
433 1190 541 1226 citari
559 1189 690 1239 jussit,
710 1190 996 1240 imperavitque,
1017 1196 1059 1225 ut
1078 1191 1217 1240 produ-

103 1257 205 1287 ceret
239 1251 469 1302 Campanos,
501 1266 594 1302 quos
624 1255 663 1290 in
698 1253 869 1290 custodia
897 1252 1066 1290 haberet.
1122 1253 1217 1290 Pro-
1230 1256 1397 1307 Senatores

103 1314 207 1351 ducti
227 1328 372 1359 omnes,
389 1317 580 1367 virgisque
595 1318 695 1360 caesi,
713 1330 757 1353 ac
776 1317 896 1353 securi
916 1317 1095 1366 percussi.
1125 1316 1219 1353 Inde
1231 1299 1388 1338 Campam

103 1379 221 1415 citato
242 1392 339 1428 equo
361 1380 470 1416 Cales
489 1381 676 1431 percurrit
694 1397 701 1416 :
734 1381 799 1417 ubi
829 1393 944 1430 quum
973 1381 1012 1416 in
1036 1381 1217 1417 tribunali
1230 1385 1409 1416 cutiuntuc.

102 1443 348 1487 consedisset,
379 1445 630 1494 productique
664 1445 850 1494 Campani
883 1444 1139 1493 deligarentur
1170 1445 1217 1481 ad

100 1504 241 1555 palum,
263 1519 374 1556 eques
403 1509 498 1544 citus
526 1508 573 1544 ab
602 1508 730 1544 Roma
758 1508 874 1550 venit,
902 1507 1104 1556 literasque
1128 1521 1150 1543 a
1173 1508 1216 1544 C.

104 1569 311 1619 Calpurnio
338 1579 499 1621 praetore
524 1571 659 1608 Fulvio
686 1579 723 1607 et
749 1570 1119 1607 senatusconsultum
1139 1577 1217 1607 tra-

103 1632 215 1668 didit:
245 1646 414 1670 murmur
433 1635 479 1671 ab
499 1634 681 1671 tribunali
700 1641 822 1670 totam
842 1635 1064 1670 concionem
1084 1647 1217 1683 perva-

101 1696 164 1738 sit,
185 1696 325 1732 differri
345 1710 423 1733 rem
443 1699 629 1747 integram
649 1699 695 1734 ad
715 1698 845 1733 Patres
866 1698 912 1733 de
932 1698 1155 1747 Campanis:
1178 1703 1216 1733 et

99 1758 270 1802 Fulvius,
291 1761 328 1795 id
348 1761 402 1796 ita
421 1773 501 1797 esse
521 1768 639 1804 ratuS,
660 1768 832 1810 acceptas
853 1760 995 1803 literas,
1015 1773 1136 1808 neque
1155 1773 1214 1796 re-

99 1821 257 1865 solutas,
279 1836 394 1871 quum
421 1825 459 1860 in
483 1825 627 1873 gremio
647 1824 888 1874 reposuisset,
910 1824 1073 1873 praeconi
1095 1824 1213 1873 impe-

99 1886 210 1928 ravit,
229 1893 269 1921 ut
290 1886 461 1922 lictorem
481 1887 563 1935 lege
583 1887 874 1937 agerejuberet.
912 1886 972 1922 Ita
992 1886 1036 1922 de
1056 1887 1100 1921 iis
1118 1900 1214 1935 quo-

99 1962 186 1998 que,
207 1951 270 1999 qui
298 1950 452 1987 Calibus
481 1958 601 1993 erant,
629 1958 793 1987 sumtum
820 1951 1057 2001 supplicium‘
1113 1951 1214 1987 Tum

100 2012 218 2048 literae
240 2012 347 2049 lectae
368 2021 593 2063 senatusque
614 2014 841 2056 consultum,
858 2026 982 2050 serum
1001 2014 1047 2049 ad
1068 2014 1213 2063 inpedi-

100 2076 236 2112 endam
265 2089 343 2112 rem
379 2083 502 2112 actam
519 2093 528 2122 ;
570 2090 651 2126 quae
682 2090 826 2113 summa
860 2090 931 2127 ope
963 2077 1213 2126 adproperata

101 2146 195 2182 erat,
216 2152 263 2175 ne
283 2140 442 2189 inpediri
462 2148 602 2190 posset.
660 2141 963 2188 Consul-gentem
982 2139 1064 2188 jam
1085 2139 1212 2176 Fulvi·
1223 2143 1352 2173 Jubellii

102 2214 164 2237 um
184 2202 331 2238 Taurea
352 2203 537 2239 Jubellius
560 2204 789 2253 Campanus,
809 2216 876 2253 per
894 2203 1054 2238 mediam
1075 2203 1211 2238 vadens
1224 2195 1321 2216 mors.

103 2264 233 2300 urbem
266 2265 504 2315 turbamque,
537 2268 691 2302 nomine
725 2266 962 2303 inclamavit:
1000 2271 1050 2307 et,
1081 2278 1210 2314 quum,

102 2328 344 2365 mirabundus
365 2330 541 2379 quidnam
570 2343 649 2366 sese
676 2330 800 2375 vellet,
821 2331 1019 2367 resedisset
1038 2328 1208 2372 Flaccus,

1230 1343 1332 1371 securi
1349 1352 1419 1381 per·
1469 1372 1471 1374 .
