1527 2661
314 199 398 242 310
755 200 801 227 T.
827 199 960 228 L1v11

123 291 166 320 U·
180 289 216 319 C·
232 293 304 320 586·
370 289 437 326 VI.
467 289 552 325 Hac
567 289 737 326 oratione
754 289 915 325 consulis
932 289 1090 326 dimissis
1103 290 1414 340 redeuntibusque

122 335 162 364 A'
179 333 214 363 C’
232 337 304 363 2¹⁶⁶
318 355 468 391 domum
495 353 641 402 legatiS‚
662 365 755 389 unus
777 366 821 389 ex
846 354 905 397 iis,
926 353 1058 390 Vibius
1079 354 1237 398 Virrius,
1264 357 1412 406 Tempus

314 421 455 461 venisse,
477 419 542 460 ait,
564 431 631 466 quo
653 418 827 466 Campani
842 431 909 454 non
929 431 1056 467 agrum
1073 421 1197 463 solum,
1218 421 1261 456 ab
1276 421 1411 457 Roma-

313 486 368 520 nis
379 484 556 532 quondam
569 495 633 530 per
648 481 814 528 injuriam
830 484 1022 526 ademtam,
1039 497 1259 533 recuperare,
1271 487 1332 522 sed
1344 488 1410 523 im·-

308 549 410 597 perio
425 549 532 583 etiam
548 547 667 582 Italiae
677 548 789 595 potiri
797 549 943 594 possint.
974 548 1097 584 Foedus
1108 551 1199 585 enim
1213 562 1292 586 cum
1305 551 1408 586 Han-

311 613 440 655 nibale,
470 611 593 660 quibus
620 612 729 646 velint
755 612 898 659 legibus,
915 613 1110 662 facturos:
1137 628 1246 664 neque
1271 621 1409 652 contro-

310 678 458 713 versiam
476 675 576 724 fore,
598 677 695 723 quin,
716 688 823 723 quum
843 678 916 725 ipse
940 678 1097 726 confecto
1117 680 1207 715 bello
1226 680 1411 717 Hannibal

310 743 423 777 victor
449 742 484 776 in
503 739 666 788 Africam
685 741 842 782 decedat,
863 743 1120 791 exercitumque
1138 745 1311 792 deportet,
1333 745 1410 780 Ita-

312 807 369 842 liae
386 806 572 853 imperium
593 803 783 851 Campanis
800 806 1034 853 relinquatur.
1090 806 1184 843 Haec
1204 807 1329 844 Virrio
1354 807 1411 844 lo-

310 870 439 918 quenti
456 869 602 904 adsensi
621 880 764 911 omneS‚
783 869 835 904 ita
853 871 1076 907 renunciant
1094 870 1336 920 legationem,
1353 874 1408 909 uti

310 932 472 970 deletum
492 932 664 968 omnibus
684 933 869 969 videretur
888 947 1024 971 nomen
1044 935 1272 972 Romanum,
1327 937 1407 974 Ex-

309 997 450 1048 templo
469 997 596 1047 plebes
616 997 663 1033 ad
681 997 931 1034 defectionem
947 1012 990 1035 ac
1011 1013 1094 1049 pars
1115 1000 1235 1050 major
1254 1008 1405 1038 senatus

309 1070 499 1113 spectare:
533 1068 700 1098 extracta
725 1068 865 1105 tamen,
887 1064 1174 1100 auctoritatibus
1201 1066 1403 1109 seniorum,

308 1140 375 1178 per
404 1139 543 1177 paucos
572 1127 649 1162 dies
678 1133 735 1162 est
763 1139 842 1162 res:
875 1134 1066 1177 postremo
1095 1129 1183 1164 vicit
1221 1131 1407 1167 sententia

309 1192 486 1243 plurium,
503 1198 545 1227 ut
564 1191 675 1227 iidem
694 1190 822 1239 legati,
840 1193 902 1240 qui
919 1193 966 1228 ad
981 1193 1174 1229 consulem
1191 1193 1407 1232 Romanum

118 1271 274 1313 Campani
310 1259 445 1302 ierant,
466 1257 512 1294 ad
532 1256 785 1293 Hannibalem
802 1257 1049 1294 mitterentur.
1089 1258 1176 1297 Quo
1193 1259 1407 1308 priusquam

119 1316 281 1365 deficiunt·
310 1323 438 1366 iretur,
469 1329 684 1370 certumque
711 1321 930 1358 defectionis
961 1323 1157 1359 consilium
1186 1330 1295 1367 esset,
1325 1324 1406 1360 Ro-

118 1360 298 1434 {glgriranm-
308 1401 407 1425 mam
427 1387 570 1436 legatos
598 1388 729 1422 missos
756 1400 777 1422 a
798 1387 1012 1436 Campanis,
1034 1388 1071 1423 in
1091 1387 1312 1437 quibusdam
1338 1402 1404 1425 an-

308 1452 454 1489 nalibus
474 1452 638 1494 invenio,
659 1451 905 1501 postulantes,
926 1460 964 1487 ut
983 1452 1077 1488 alter
1097 1452 1227 1488 consul
1244 1454 1403 1502 Campa-

307 1530 376 1554 nus
397 1516 514 1558 fieret,
535 1516 565 1551 si
585 1528 662 1551 rem
681 1515 893 1551 Romanam
913 1514 1077 1565 adjuvari
1094 1515 1252 1553 vellent:
1286 1517 1407 1566 indig-

306 1581 460 1618 natione
488 1586 585 1622 orta,
615 1579 824 1615 submoveri
854 1592 875 1615 a
904 1580 1005 1615 curia
1026 1577 1152 1629 jussos
1182 1592 1261 1616 esse
1277 1595 1284 1615 ε
1316 1582 1403 1617 mis-

308 1658 462 1694 sumque
480 1644 664 1686 lictorem,
681 1644 743 1692 qui
763 1656 809 1679 ex
830 1643 919 1679 urbe
939 1644 1112 1680 educeret
1132 1657 1209 1687 eos,
1227 1651 1337 1694 atquc
1358 1659 1402 1681 eo

309 1711 368 1746 die
386 1721 537 1746 manere
555 1713 661 1744 extra
680 1708 769 1743 fines
790 1707 984 1744 Romanos
1004 1707 1168 1757 juberet.
1225 1709 1325 1748 Quia
1344 1711 1402 1746 ni-

311 1775 378 1811 mis
408 1785 559 1822 compar
587 1771 812 1807 Latinorum
840 1772 1028 1820 quondam
1064 1772 1270 1822 postulatio
1307 1780 1400 1817 erat,

311 1838 525 1886 Coeliusque
547 1842 585 1872 et
606 1836 669 1872 alii
698 1835 734 1871 id
762 1836 861 1872 haud
890 1837 969 1871 sine
999 1848 1128 1872 caussa
1157 1838 1403 1886 praetermise-

310 1911 395 1940 rant
413 1903 626 1951 scriptores,
647 1913 784 1950 ponere
804 1914 871 1950 pro
892 1907 993 1937 certo
1014 1913 1095 1936 sum
1114 1902 1263 1939 veritus.

361 1966 451 2003 VII.
481 1965 617 2013 Legati
643 1966 688 2001 ad
714 1965 968 2001 Hannibalem
987 1972 1181 2009 venerunt,
1202 1979 1404 2016 pacemque

311 2045 394 2069 curn
423 2044 468 2067 eo
497 2030 774 2066 conditionibus
804 2029 994 2065 fecerunt:
1028 2031 1085 2066 Ne
1111 2032 1186 2079 quis
1213 2033 1406 2079 imperator

309 2097 579 2144 magistratusve
598 2095 786 2130 Poenorum
794 2092 855 2139 jus
874 2095 986 2130 ullum
1005 2096 1041 2130 in
1059 2096 1166 2130 civem
1186 2094 1409 2143 Campanum

312 2161 467 2202 haberet,
489 2171 573 2194 neve
591 2160 674 2194 civis
694 2158 896 2206 Campanus
914 2160 1043 2194 invitus
1060 2159 1242 2201 militaret,
1262 2171 1404 2196 munus-

310 2238 352 2262 ve
359 2224 503 2274 faceret
515 2239 527 2259 .·
554 2228 593 2259 ut
610 2235 681 2258 suae
699 2224 801 2270 leges,
816 2225 870 2259 sui
888 2225 1111 2270 magistratus
1124 2223 1254 2271 Capuae
1272 2230 1382 2261 essent
1394 2242 1407 2261 .-

311 2294 353 2325 ut
371 2293 539 2324 trecentos
564 2300 605 2323 ex
625 2287 795 2323 Romanis
819 2289 966 2335 captivis
985 2288 1113 2323 Poenus
1131 2288 1232 2322 daret
1253 2287 1404 2336 Campa-

311 2355 379 2398 nis,
400 2365 485 2403 quos
510 2354 576 2402 ipsi
599 2353 800 2400 elegissenm
828 2365 907 2388 cum
933 2353 1054 2401 quibus
1077 2354 1233 2401 equitum
1254 2353 1404 2402 Campa·
