1527 2661
96 269 140 300 U.
151 269 187 300 C.
208 274 268 301 536

94 2128 155 2158 Res
171 2137 268 2168 gestae

91 2172 125 2201 in
144 2172 259 2213 Hispa-

93 2215 157 2245 nia.

287 165 371 220 336
747 178 792 205 T.
821 177 951 206 mvn

95 314 121 343 A
153 313 179 344 C
207 269 603 345 216-Hannibalequw
637 269 790 310 adtinet,
822 280 995 316 prospera
1023 270 1128 304 modo
1160 275 1285 313 essem,
1314 273 1405 308 sicut

289 337 452 381 speraret
465 332 618 381 futura,
645 332 825 367 Gallicum
843 332 971 367 bellam
990 337 1024 367 et
1045 334 1162 368 omitti
1183 337 1260 369 tuto
1278 339 1312 369 et
1330 334 1403 383 dif-

278 395 380 445 ferri
408 408 535 445 posse:
565 397 803 443 ultionemque
838 407 915 430 eam
932 394 1086 443 fraudis
1113 398 1151 432 in
1170 397 1344 444 Deorum
1363 410 1406 434 ac

284 461 415 509 populi
435 460 592 495 Romani
606 464 784 507 potestate
793 458 892 507 fore.
948 459 1010 494 De
1028 459 1124 495 hoste
1143 461 1254 510 Paeno
1273 463 1406 498 exerci-

290 525 464 572 tibusque,
491 535 555 571 per
584 535 670 570 quos
694 524 730 558 id
755 523 885 558 bellum
907 528 1105 570 gereretur,
1133 525 1406 561 consultandum

289 593 396 637 atque
414 589 640 636 agitandum.
697 587 784 636 Ipse
804 588 980 636 primum,
1003 588 1092 636 quid
1110 588 1280 638 peditum
1300 589 1404 638 equi·

288 658 460 700 tumque,
481 651 571 700 quid
597 651 749 692 civium,
771 651 859 698 quid
885 651 1075 686 sociorum
1101 652 1139 687 in
1160 653 1327 688 exercitu
1347 665 1404 688 es-

291 722 348 752 set
367 715 576 758 dictatoris,
593 715 780 751 disseruit.
829 714 929 750 Tum
947 714 1152 752 Marcellus
1168 729 1320 752 suarum
1339 729 1404 752 co-

290 781 438 830 piarum
464 793 648 816 summam
668 779 855 829 exposuit.
912 780 1013 818 Quid
1032 780 1071 815 in
1090 780 1230 830 Apulia
1255 794 1340 817 cum
1361 781 1404 818 C.

290 844 472 880 Terentio
493 843 647 880 consule
666 850 777 885 esset,
798 856 821 878 a
839 843 968 892 peritis
990 843 1189 891 quaesitum
1208 850 1287 881 est:
1319 857 1404 887 nec,

292 909 391 944 unde
411 907 625 945 consulares
647 907 831 943 exercitus
861 907 951 943 satis
973 907 1070 943 firmi
1090 907 1137 943 ad
1154 914 1302 944 tantum
1324 908 1404 945 bel-

290 973 370 1008 lum
406 973 654 1014 efficerentur,
693 971 860 1007 inibatur
896 972 994 1007 ratio
1011 987 1017 1008 :
1058 972 1186 1021 itaque
1224 973 1403 1020 Galliam,

291 1049 519 1086 quamquam
538 1034 759 1071 stimulabat
770 1034 878 1084 justa
897 1036 966 1078 ira,
988 1036 1113 1071 omitti
1134 1049 1179 1072 eo
1199 1050 1300 1074 anno
1320 1038 1402 1089 pla-

292 1101 382 1138 cuit.
438 1101 639 1137 Exercitus
659 1100 852 1135 dictatoris
870 1100 1016 1136 consuli
1032 1101 1202 1137 decretus
1219 1107 1287 1139 est.
1343 1102 1405 1139 De

291 1165 460 1201 exercitu
487 1164 676 1207 Marcelli,
697 1165 761 1213 qui
791 1177 921 1200 eorum
951 1177 998 1201 ex
1016 1165 1106 1214 fuga
1135 1165 1327 1203 Cannensi
1346 1179 1405 1203 es-

291 1236 390 1272 sent,
411 1231 449 1265 in
471 1229 637 1266 Siciliam
657 1241 720 1265 eos
747 1228 907 1271 traduci,
929 1234 1042 1277 atque
1061 1228 1115 1264 ibi
1140 1229 1316 1273 militare,
1336 1230 1405 1267 do-

291 1307 361 1330 nec
381 1295 419 1329 in
440 1294 552 1330 Italia
571 1293 711 1329 bellum
738 1299 849 1336 esset,
869 1292 1034 1342 placuit:
1068 1293 1200 1329 eodem
1220 1307 1266 1330 ex
1285 1294 1404 1331 dicta-

290 1358 383 1393 toris
399 1357 612 1407 legionibus
632 1356 736 1407 rejici
753 1355 907 1392 militem
924 1357 1070 1393 minimi
1083 1371 1268 1407 quemque
1287 1358 1402 1395 robo-

289 1423 355 1466 ris,
375 1422 480 1458 nullo
500 1422 714 1472 praestituto
730 1420 872 1455 militiae
893 1428 1076 1470 tempore,
1093 1422 1165 1457 nisi
1183 1422 1246 1471 qui
1261 1423 1404 1472 stipen-

290 1487 438 1522 diorum
458 1486 713 1534 legitimorum
733 1492 842 1521 esset.
870 1484 968 1521 Duae
987 1485 1155 1533 legiones
1177 1486 1329 1523 urbanae
1349 1487 1405 1524 al-

291 1551 362 1586 teri
382 1550 542 1592 consuli,
564 1550 628 1598 qui
654 1550 691 1584 in
712 1548 838 1584 locum
856 1548 903 1584 L.
916 1548 1103 1584 Postumii
1132 1549 1323 1586 subfectus
1344 1563 1402 1586 es-

291 1622 362 1658 set,
399 1615 558 1651 decretae
596 1620 706 1649 sunt:
740 1626 922 1662 eumque,
942 1626 1058 1662 quum
1094 1614 1255 1663 primum
1292 1614 1403 1651 salvis

291 1680 467 1729 auspiciis
500 1685 642 1729 posset,
671 1678 788 1714 creari
822 1677 986 1727 placuit:
1020 1677 1188 1726 legiones
1221 1686 1404 1728 praeterea

291 1744 382 1779 duas
404 1744 526 1793 primo
547 1756 696 1792 quoque
717 1748 888 1792 tempore
908 1754 954 1778 ex
975 1742 1104 1778 Sicilia
1119 1742 1257 1778 adciri:
1291 1749 1404 1792 atque

290 1808 377 1844 inde
398 1807 543 1850 consul,
562 1809 620 1843 cui
642 1807 810 1856 legiones
828 1806 979 1842 urbanae
996 1807 1222 1850 evenissent,
1240 1807 1404 1845 militum

289 1880 454 1908 sumeret
483 1879 666 1921 quantum
695 1884 789 1921 opus
819 1878 930 1907 esset.
988 1871 1227 1908 C.Terentio
1257 1872 1404 1908 consuli

287 1937 489 1987 propagari
519 1937 557 1971 iu
585 1948 726 1971 annum
751 1935 972 1984 imperium:
1003 1948 1125 1984 neque
1155 1936 1200 1971 de
1226 1949 1271 1971 eo
1297 1949 1403 1972 exer-

287 2002 380 2043 citu,
401 2012 510 2048 quem
531 1999 576 2035 ad
597 1999 811 2048 praesidium
831 1998 979 2047 Apuliae
1008 1999 1180 2042 haberet,
1201 1999 1404 2048 quidquam

287 2065 418 2100 minui.

340 2127 493 2165 XXVI.
523 2127 627 2163 Dum
652 2127 732 2161 haec
759 2126 798 2161 in
818 2126 931 2161 Italia
950 2133 1132 2175 geruntur
1157 2127 1405 2177 adparantur-

289 2207 375 2243 que,
396 2192 517 2228 nihilo
537 2192 688 2239 segnius
711 2191 748 2225 in
771 2190 961 2240 Hispania
980 2191 1120 2227 bellum
1141 2200 1243 2227 erat:
1277 2192 1341 2228 sed
1357 2192 1403 2228 ad

289 2271 371 2294 eam
388 2258 483 2293 diem
498 2257 617 2305 magis
634 2268 856 2306 prosperum
869 2255 1067 2292 Romanis.
1124 2255 1167 2291 P.
1182 2263 1219 2290 et
1237 2256 1306 2292 Cn.
1323 2257 1403 2292 Sci·

286 2322 465 2372 pionibns
498 2322 595 2358 inter
624 2333 663 2357 se
697 2322 846 2372 partitis
877 2323 1020 2372 copias,
1052 2330 1092 2357 ut
1123 2322 1258 2359 Cnaeus
1289 2330 1403 2367 terra,
