1527 2661
123 286 214 317 U.C.
232 293 304 318 534.

123 330 212 361 A.C.
231 337 303 361 218.

127 1123 306 1155 Procurata.

318 199 399 230 222
773 203 817 231 T.
841 203 972 232 LIVII

318 288 355 324 in
390 287 610 338 religionem
641 290 793 338 animis)
834 291 953 327 multa
989 292 1182 334 nunciata,
1217 297 1253 327 et
1282 298 1423 329 temere

317 353 456 389 credita
476 360 582 390 sunt:
614 355 654 390 in
674 354 756 403 quis
778 356 983 403 ingenuum
1002 356 1185 392 infantem
1207 363 1423 393 semestrem

312 417 354 453 in
372 417 458 453 foro
478 417 631 453 olitorio
651 420 884 468 triumphum
907 419 1105 455 clamasse:
1130 426 1168 455 et
1186 420 1271 455 foro
1290 419 1426 456 boario

314 481 450 517 bovem
468 483 506 517 in
526 483 678 517 tertiam
698 483 1025 530 contignationem
1052 495 1119 518 sua
1138 490 1273 532 sponte
1293 496 1422 519 escen-

314 545 431 581 disse:
456 552 568 594 atque
587 545 674 580 inde
694 545 858 581 tumultu
874 545 1134 581 habitatorum
1154 547 1328 582 territum
1344 559 1424 583 sese

316 606 495 658 dejecisse
514 623 521 644 :
554 615 592 644 et
610 609 762 645 navium
782 610 943 659 speeiem
963 610 1008 645 de
1028 610 1126 646 coelo
1146 609 1356 652 adfulsisse,
1387 617 1424 646 et

317 672 433 708 aedem
453 672 553 723 Spei,
575 686 657 722 quae
678 680 734 709 est
754 674 791 709 in
810 673 896 710 foro
916 673 1085 717 olitorio,
1106 674 1265 710 fulmine
1281 674 1395 710 ictam
1412 688 1420 710 ε

316 741 355 771 et
383 735 546 772 Lanuvii
574 737 722 774 hastam
751 750 790 774 se
819 739 1092 775 commovisse:
1131 744 1168 774 et
1198 750 1352 774 corvum
1384 738 1424 774 in

317 799 434 836 aedem
460 799 622 837 Junonis
652 801 859 845 devolasse,
891 808 1003 851 atque
1032 802 1070 837 in
1100 802 1184 851 ipso
1212 800 1424 850 pulvinario

316 863 553 900 consedisse:
586 870 623 901 et
641 865 681 900 in
701 877 793 913 agro
822 865 1063 901 Amiternino
1090 863 1217 900 multis
1242 862 1334 901 locis
1354 864 1425 900 ho-

316 926 461 962 minum
488 928 610 978 specie
639 928 771 979 procul
798 929 957 965 candida
974 935 1078 965 veste
1105 928 1218 971 visos,
1245 939 1314 963 nec
1340 941 1425 964 cum

317 989 396 1026 ullo
415 1004 637 1040 congressos
656 1006 664 1028 :
697 1000 734 1029 et
754 993 793 1028 in
812 993 954 1029 Piceno
976 992 1162 1043 lapidibus
1190 991 1329 1042 pluisse
1345 1008 1356 1038 5
1389 998 1426 1028 et

319 1055 425 1092 Caere
454 1064 573 1094 sortes
604 1064 848 1095 extenuatas:
881 1065 919 1095 et
947 1059 986 1094 in
1016 1058 1141 1094 Gallia
1165 1057 1296 1107 lupum
1320 1057 1426 1106 vigili

316 1118 483 1168 gladium
503 1133 523 1156 e
541 1122 678 1170 vagina
698 1128 847 1172 raptum
866 1121 1077 1158 abstulisse.
1108 1120 1170 1156 Ob
1191 1126 1316 1156 cetera
1334 1133 1423 1171 pro-

318 1183 421 1231 digia
439 1183 556 1220 libros
577 1185 679 1222 adire
699 1185 898 1222 decemviri
910 1184 1009 1235 jussi
1025 1199 1032 1220 ε
1065 1183 1167 1233 quod
1186 1189 1312 1220 autem
1330 1183 1425 1234 lapi-

318 1246 426 1283 dibus
456 1247 612 1298 pluisset
641 1249 680 1285 in
706 1248 863 1293 Piceno,
890 1247 1126 1285 novemdiale
1153 1259 1299 1284 sacrum
1326 1248 1426 1285 edic-

316 1317 413 1355 tum,
438 1318 475 1348 et
495 1312 652 1349 subinde
681 1313 762 1350 aliis
789 1313 1034 1364 procurandis
1053 1324 1172 1363 prope
1193 1317 1277 1348 tota
1295 1312 1427 1348 civitas

319 1381 476 1424 operata
503 1376 588 1413 fuit.
643 1376 731 1412 Jam
760 1378 922 1427 primum
951 1377 1119 1413 omnium
1148 1375 1236 1411 urbs
1265 1374 1426 1412 lustrata

320 1445 391 1483 est,
421 1440 629 1489 hostiaeque
665 1440 842 1491 majores,
880 1441 1014 1490 quibus
1053 1440 1193 1476 editum
1233 1444 1302 1481 est,
1340 1438 1425 1475 Diis

321 1515 446 1549 caesae;
479 1511 516 1540 et
541 1505 682 1541 donum
708 1518 753 1541 ex
780 1506 860 1542 auri
880 1505 1007 1555 pondo
1027 1504 1276 1553 quadraginta
1296 1502 1427 1539 Lanu·-

320 1566 423 1603 vium
449 1568 493 1603 ad
518 1567 681 1604 Junonis
703 1575 897 1619 portatum
916 1574 999 1613 est5
1033 1573 1070 1603 et
1099 1568 1250 1615 signum
1281 1578 1425 1602 aeneum

323 1637 506 1667 matronae
525 1631 548 1667 J
553 1633 669 1668 unoni
695 1633 734 1668 in
764 1633 956 1668 Aventino
976 1631 1241 1667 dedicaverunt
1253 1645 1264 1675 5
1297 1636 1334 1666 et
1352 1628 1429 1665 lec-

325 1695 538 1731 tisternium
559 1697 678 1739 Caere,
699 1697 764 1732 ubi
790 1704 908 1732 sortes
933 1697 1146 1732 adtenuatae
1169 1700 1289 1737 erant,
1311 1694 1429 1743 impe-

323 1765 474 1804 ratum3
513 1766 551 1795 et
577 1760 803 1810 supplicatio
830 1761 1007 1797 Fortunae
1034 1760 1072 1795 in
1099 1758 1261 1808 Algid03
1294 1758 1429 1795 Romae

326 1835 475 1871 quoque
512 1830 549 1860 et
581 1824 852 1861 lectisternium
882 1824 1091 1866 Juventati,
1130 1830 1166 1859 et
1205 1822 1432 1873 supplicatio

327 1886 373 1922 ad
392 1887 509 1923 aedem
528 1887 703 1924 Herculis
729 1890 954 1927 nominatim
967 1906 977 1934 5
1010 1888 1141 1924 deinde
1168 1887 1342 1923 universo
1361 1899 1432 1936 po-

325 1949 416 1999 pulo
436 1952 535 1987 circa
554 1953 682 1987 omnia
700 1952 924 2001 pulvinaria,
952 1953 1093 1988 indicta
1112 1966 1119 1986 z
1152 1957 1190 1987 et
1207 1950 1330 1987 Genio
1351 1963 1431 1986 ma-

318 2013 424 2063 jores
451 2015 585 2050 hostiae
612 2028 715 2052 caesae
735 2016 925 2064 quinque5
958 2023 996 2051 et
1025 2016 1069 2052 C.
1089 2014 1228 2051 Atilius
1250 2015 1430 2049 Serranus

327 2084 466 2127 praetor
484 2084 574 2113 vota
592 2080 779 2129 suscipere
792 2079 935 2129 jussus,
957 2081 987 2115 si
1007 2080 1046 2116 in
1066 2080 1193 2116 decem
1213 2090 1333 2115 annos
1353 2091 1431 2114 res·

328 2140 480 2191 publica
498 2142 628 2178 eodem
647 2143 812 2179 stetisset
831 2149 944 2179 statu.
990 2142 1085 2179 Haec
1105 2148 1306 2192 procurata
1324 2149 1432 2178 vota-

329 2217 401 2253 que
427 2217 472 2241 ex
492 2204 596 2240 libris
625 2206 831 2255 Sibyllinis,
852 2219 991 2256 magna
1016 2219 1063 2243 ex
1088 2211 1193 2256 parte
1218 2204 1434 2242 levaverant

329 2267 510 2316 religione
530 2269 687 2306 animos.

371 2331 536 2379 LXIII.
567 2333 773 2371 Consulum
797 2335 1078 2384 designatorum
1098 2332 1192 2369 alter
1210 2331 1432 2374 Flaminius,
