1527 2661
181 282 222 311 U.
236 281 271 312 C.
291 289 328 314 45

182 325 218 354 A.
234 325 270 354 C.
290 333 330 358 29

335 290 363 314 5.

335 332 362 361 7.

377 193 431 236 92
833 192 878 222 T.
903 193 1035 223 L1v11

377 283 472 318 tium
492 282 583 319 fines
605 288 758 319 ventum
786 289 855 325 est,
877 288 1035 331 uterque
1061 280 1350 331 populabundus
1371 280 1489 318 effuso

377 346 528 395 agmine
556 347 717 383 incedit:
751 346 950 396 explorant
983 352 1109 382 tamen
1141 345 1267 387 latius,
1289 358 1401 394 quam
1420 357 1490 396 po-

375 410 566 461 pulantur.
610 411 734 458 Igitur
762 422 839 445 non
863 409 1029 445 fefellere
1058 409 1105 445 ad
1133 409 1332 444 Tifernum
1360 409 1489 444 hostes

375 474 415 510 in
435 475 585 511 occulta
613 474 706 510 valle
732 474 921 516 instructi,
943 486 1054 522 quam
1081 474 1270 521 ingressos
1290 472 1489 508 Romanos

376 540 568 589 superiore
596 552 640 575 ex
660 538 746 574 loco
767 538 905 574 adoriri
926 537 1124 587 parabant.
1173 536 1329 578 Fabius,
1345 535 1490 586 inpedi-

339 620 344 624 »
373 603 511 639 mentis
532 604 571 639 in
601 603 726 639 locum
746 608 869 638 tutum
901 601 1070 643 remotis,
1091 600 1341 650 praesidioque
1369 599 1492 635 modi-

374 680 419 703 co
445 668 629 717 inposito,
656 666 890 717 praemonitis
916 664 1099 701 militibus
1130 665 1259 700 adesse
1283 669 1489 707 certamen,

373 732 558 779 quadrato
579 731 729 780 agmine
749 732 794 767 ad
814 730 1010 780 praedictas
1030 729 1200 765 hostium
1219 727 1382 764 latebras
1404 739 1490 764 suc-

373 795 484 831 cedit.
525 796 728 839 Samnites,
744 795 943 845 desperato
960 793 1154 843 inproviso
1172 791 1351 835 tumultu,
1370 803 1489 840 quan·
1526 833 1527 842 ἵ

372 859 421 894 do
441 860 479 894 in
500 865 671 908 apertum
692 858 807 894 semel
826 858 1027 894 discrimen
1054 868 1211 892 evasura
1237 862 1335 891 esset
1357 867 1430 898 reS,
1452 861 1490 891 et
1524 852 1527 891 ἕ

372 922 444 972 ipsi
464 923 544 959 acie
567 921 674 972 justa
703 924 917 960 maluerunt
942 935 1190 960 concurrere:
1223 922 1351 971 itaque
1381 928 1418 958 et
1446 923 1487 958 in
1524 934 1527 952 t

375 1000 522 1036 aequum
552 988 799 1031 descendunt,
830 1002 872 1024 ac
892 988 1055 1024 fortunae
1085 1000 1138 1031 se,
1170 986 1314 1037 majore
1344 987 1486 1029 animo,
1524 993 1527 1021 ἰ

178 1050 331 1081 Proelium
374 1064 483 1100 quam
507 1065 585 1101 spe,
607 1054 862 1089 committunt.
912 1053 1104 1094 Ceterum,
1135 1052 1212 1087 sive
1233 1052 1321 1100 quia
1340 1064 1385 1086 ex
1406 1064 1488 1087 om·
1524 1058 1527 1078 ἓ

177 1101 266 1123 ἏῙΓΟΧ
283 1103 360 1124 cum
402 1116 409 1123 .

177 1137 305 1166 Samni-

176 1180 271 1209 tibus.

372 1128 478 1151 nium
504 1117 731 1153 Samnitium
757 1117 922 1167 populis,
944 1116 1206 1165 quodcumque
1234 1114 1381 1150 roboris
1405 1115 1488 1150 fue-

371 1186 444 1223 rat,
467 1187 751 1224 contraxerant,
773 1194 839 1217 seu
859 1182 948 1230 quia
967 1181 1167 1217 discrimen
1189 1191 1343 1214 sum-mae
1362 1191 1487 1215 rerum

372 1244 535 1293 augebat
565 1246 726 1288 animos,
758 1246 993 1295 aliquantum
1024 1251 1153 1295 aperta
1182 1256 1332 1293 quoque
1361 1256 1490 1294 pugna

370 1309 615 1359 praebuerunt
653 1312 818 1348 terroris.
879 1311 1034 1353 Fabius,
1073 1310 1138 1346 ubi
1171 1309 1276 1345 nulla
1305 1322 1351 1344 ex
1380 1315 1487 1359 parte

369 1374 518 1410 hostem
539 1375 625 1411 loco
655 1377 797 1411 moveri
826 1376 933 1418 vidit,
954 1375 1010 1411 M.
1031 1374 1205 1410 Fulvium
1235 1380 1272 1409 et
1297 1373 1354 1410 Μ.
1375 1373 1490 1409 Vale-

370 1438 482 1480 rium,
521 1439 695 1475 tribunos
734 1440 912 1481 militum,
948 1452 1033 1474 cum
1070 1438 1205 1486 quibus
1243 1437 1290 1473 ad
1326 1438 1489 1487 primam

370 1502 488 1537 aciem
509 1510 761 1551 procurrerat,
779 1504 833 1538 ire
853 1503 899 1539 ad
915 1502 1058 1551 equites
1072 1500 1199 1551 jubet,
1221 1506 1259 1536 et
1278 1500 1487 1544 adhortari,

368 1571 421 1608 ut,
441 1568 472 1601 si
491 1569 634 1614 quando
653 1580 823 1616 umquam
846 1569 1000 1616 equestri
1019 1579 1085 1614 ope
1104 1564 1266 1612 adjutam
1290 1565 1485 1614 rempubli-

368 1643 448 1666 cam
477 1634 712 1673 meminerint,
744 1633 808 1668 illo
838 1634 895 1668 die
923 1634 1151 1673 adnitantur,
1182 1635 1223 1666 ut
1252 1631 1386 1666 ordinis
1413 1629 1487 1676 ejus

367 1695 523 1741 gloriam
553 1697 722 1731 invictam
746 1701 928 1744 praestent.
960 1697 1129 1731 Peditum
1152 1695 1344 1730 certamine
1372 1695 1485 1730 inmo-

369 1759 472 1794 bilem
494 1759 627 1794 hostem
651 1765 785 1795 restare
797 1777 808 1803 ,·
838 1772 976 1795 omnem
995 1760 1170 1806 reliquam
1188 1770 1285 1805 spem
1310 1759 1345 1793 in
1365 1759 1489 1806 inpetu

368 1835 440 1859 esse
458 1825 642 1871 equitum:
670 1829 708 1859 et
734 1824 834 1873 ipsos
865 1823 1091 1859 nominatim
1114 1821 1290 1872 juveneS,
1311 1821 1392 1870 pari
1421 1833 1486 1857 co-

368 1886 501 1922 mitate
537 1893 751 1935 utrumque,
790 1899 891 1922 nunc
928 1886 1115 1928 laudibus,
1154 1898 1254 1921 nunc
1290 1885 1485 1935 promissis

368 1956 514 1986 onerat,
553 1950 745 1993 Ceterum,
767 1951 918 1999 quando
943 1964 991 1986 ne
1019 1963 1063 1986 ea
1082 1962 1232 1999 quoque
1257 1955 1406 1986 tentata
1430 1950 1485 1985 vis

367 2014 582 2064 proficeret,
611 2015 770 2051 consilio
791 2015 1053 2064 grassandum,
1075 2015 1106 2049 si
1131 2013 1227 2050 nihil
1253 2015 1348 2049 vires
1369 2014 1483 2064 juva-

367 2084 466 2120 rent,
498 2084 614 2121 ratus,
638 2079 854 2128 Scipionem
884 2078 1051 2127 legatum
1079 2079 1249 2113 hastatos
1279 2078 1409 2127 primae
1430 2078 1483 2113 le-

367 2142 491 2189 gionis
522 2141 742 2178 subtrahere
772 2156 817 2178 ex
848 2143 941 2185 acie,
963 2149 1000 2178 et
1029 2143 1074 2178 ad
1095 2147 1243 2177 montes
1273 2141 1482 2190 proximos,

367 2219 480 2255 quam
500 2213 628 2255 posset
648 2206 916 2249 occultissime,
935 2205 1338 2256 circumduceoejubet
1355 2219 1362 2239 :
1397 2206 1483 2241 inde

367 2270 550 2306 adscensu
571 2269 699 2306 abdito
729 2283 751 2306 a
770 2277 977 2320 conspectu
1007 2272 1150 2319 erigere
1179 2271 1218 2305 in
1238 2276 1386 2305 montes
1414 2281 1480 2316 ag—

367 2346 467 2379 men,
489 2347 693 2385 aversoque
713 2335 814 2371 hosti
835 2335 882 2371 ab
904 2341 1012 2384 tergo
1032 2344 1186 2387 repente
1212 2347 1251 2371 se
1270 2333 1479 2371 ostendere
