1527 2661
58 332 148 362 U.C.
167 336 239 363 536.

57 376 98 406 A.
114 375 151 406 C.
167 380 240 407 216.

59 772 180 811 Depre-

62 816 212 846 hendun-

62 865 125 890 tur.

71 1752 239 1784 Hanniba-

71 1797 109 1826 lis
128 1796 232 1835 inopia

72 1848 104 1869 et
115 1841 224 1870 anxie-

72 1890 129 1914 285.

76 2269 185 2299 Castra

75 2318 194 2343 movet.

248 220 329 276 278
712 235 757 263 T.
781 235 912 264 L1v11

252 328 320 364 sit:
351 328 452 377 quod
471 341 697 378 quamquam
715 329 836 365 Varro
857 342 954 378 aegre
974 336 1030 366 est
1048 343 1193 381 passus,
1213 331 1356 369 Flamie

251 393 307 429 nii
333 398 461 429 tamen
488 405 617 428 recens
646 404 768 436 casus,
790 392 1011 443 Claudiique
1040 395 1202 432 consulis
1232 397 1357 447 primo

250 456 397 493 Punico
425 455 527 493 bello
558 464 767 493 memorata
797 457 939 494 navalis
970 458 1105 503 clades,
1134 460 1357 509 religionem

250 522 380 557 animo
397 521 567 557 incussit.
623 521 690 557 Dii
718 534 835 571 prope
860 523 933 571 ipsi
952 535 998 558 eo
1022 523 1082 559 die
1100 526 1219 573 magis
1239 525 1360 561 distu-

249 586 340 630 lere,
361 599 470 634 quam
498 585 739 636 prohibuere,
770 587 1016 623 inminentem
1042 594 1187 638 pestem
1215 587 1364 625 Roma-

250 651 332 686 nis:
363 663 452 686 nam
470 649 569 686 forte
588 650 642 686 ita
663 650 802 693 evenit,
822 657 877 693 ut,
899 664 1013 700 quum
1041 652 1171 689 referri
1196 653 1304 702 signa
1323 653 1362 689 in

253 721 377 752 castra
402 713 557 765 jubenti
589 714 736 750 consuli
767 715 903 752 milites
933 729 1011 753 non
1044 724 1233 767 parerent,
1267 718 1364 754 servi

254 780 343 822 duo,
364 779 557 816 Formiani
578 792 686 822 unus,
711 779 805 815 alter
830 780 985 817 Sidicini
1005 783 1154 830 equitis,
1175 782 1253 831 qui,
1276 782 1362 818 Ser-

255 844 346 880 vilio
366 850 479 893 atque
497 843 618 880 Atilio
648 843 880 887 consulibus,
903 845 1000 880 inter
1026 845 1266 894 pabulatores
1296 858 1361 882 ex-

256 909 355 959 cepti
375 922 396 945 a
415 909 592 944 Numidis
616 908 780 951 fuerant,
810 909 1056 958 profugerent
1076 923 1120 946 eo
1149 910 1208 946 die
1229 910 1275 947 ad
1294 911 1363 946 do-

254 974 398 1010 minos:
419 974 480 1022 qui
498 973 646 1009 deducti
663 973 709 1009 ad
729 973 899 1010 consules
917 974 1113 1017 nunciant,
1130 987 1282 1011 omnem
1297 987 1364 1011 ex-

255 1038 413 1074 ercitum
433 1037 661 1073 Hannibalis
680 1044 783 1072 trans
800 1038 992 1086 proximos
1012 1044 1160 1074 montes
1180 1039 1306 1074 sedere
1327 1039 1365 1074 in

255 1101 414 1146 insidiiS.
471 1100 624 1137 Horum
644 1107 879 1151 opportunus
906 1101 1086 1137 adventus
1108 1101 1279 1138 consules
1296 1103 1367 1137 im-

256 1166 351 1215 perii
371 1171 545 1215 potentes
561 1165 665 1208 fecit,
687 1178 803 1213 quum
818 1165 975 1201 ambitio
993 1165 1144 1201 alterius
1166 1179 1270 1202 suam
1291 1166 1370 1216 pri-

259 1241 363 1264 mum
382 1229 478 1279 apud
501 1241 563 1264 eos
584 1242 699 1279 prava
724 1228 960 1277 indulgentia
978 1228 1214 1279 majestatem
1234 1229 1372 1266 solvis-

259 1298 328 1329 set.

314 1357 468 1395 XLIII.
498 1357 711 1401 Hannibal,
732 1363 933 1408 postquam
952 1364 1076 1394 motos
1097 1359 1214 1409 magis
1235 1360 1372 1397 incon-

261 1424 358 1461 sulte
387 1425 598 1469 Romanos,
620 1439 732 1474 quam
761 1425 807 1461 ad
833 1424 1006 1460 ultimum
1035 1430 1177 1461 temere
1204 1431 1374 1468 evectm,

260 1489 382 1534 ridit3
413 1489 680 1537 nequidquam,
705 1489 852 1525 detecta
876 1487 1021 1529 fraude,
1048 1488 1087 1523 in
1107 1495 1228 1524 castra
1247 1489 1369 1524 rediit.

263 1552 324 1588 Ibi
341 1552 464 1602 plures
485 1553 562 1588 dies
583 1561 736 1603 propter
755 1552 922 1601 inopiam
940 1551 1119 1587 frumenti
1139 1564 1289 1588 manere
1305 1565 1373 1588 ne-

264 1617 421 1665 quibat3
453 1630 626 1666 novaque
651 1618 809 1654 consilia
835 1618 874 1653 in
900 1617 977 1653 dies
1006 1630 1086 1653 non
1111 1618 1209 1667 apud
1234 1618 1370 1654 milites

266 1681 401 1725 solum,
432 1683 571 1718 mixtos
593 1696 639 1719 ex
669 1682 894 1718 conluvione
914 1682 1084 1717 omnium
1103 1682 1286 1729 gentium,
1308 1683 1374 1719 sed

267 1747 379 1782 etiam
409 1747 508 1796 apud
535 1748 657 1797 ipsum
687 1747 833 1789 ducem,
865 1746 1105 1782 oriebantur:
1141 1759 1227 1782 nam
1259 1760 1373 1796 quum

266 1811 376 1846 initio
394 1810 580 1853 fremitus,
601 1811 733 1848 deinde
760 1817 889 1860 aperta
908 1810 1130 1846 vociferatio
1156 1810 1289 1847 fuisset
1307 1824 1373 1847 ex-

266 1875 503 1924 poscentium
523 1875 751 1925 stipendium
774 1875 955 1917 debitum,
977 1875 1286 1924 querentiumque
1306 1888 1373 1911 an-

264 1951 406 1975 nonam
424 1940 561 1988 primo,
579 1946 770 1988 postremo
790 1938 928 1975 famem
938 1955 948 1983 3
977 1945 1014 1974 et
1032 1940 1282 1975 mercenarios
1303 1941 1374 1976 mi-

262 2003 363 2045 lites,
383 2003 545 2038 maxime
564 2002 728 2052 Hispani
748 2003 909 2051 generis,
926 2003 968 2038 de
987 2003 1211 2038 transitione
1230 2004 1373 2052 cepisse

266 2066 466 2104 consilium
491 2066 592 2102 fama
617 2073 740 2102 esset:
773 2067 852 2117 ipse
878 2067 991 2102 etiam
1016 2066 1201 2101 interdum
1222 2066 1372 2103 Hanni-

266 2131 330 2168 bal
346 2131 388 2166 de
407 2131 497 2180 fuga
512 2132 551 2167 in
567 2131 729 2167 Galliam
749 2131 885 2167 dicitur
904 2131 1080 2179 agitasse,
1096 2131 1150 2166 ita
1169 2136 1223 2173 ut,
1239 2130 1374 2168 relicto

267 2195 437 2244 peditatu
458 2195 574 2238 omni,
596 2207 680 2230 cum
701 2195 890 2244 equitibus
911 2207 950 2230 se
969 2194 1190 2244 proriperet.
1246 2194 1380 2234 Quum-

266 2259 348 2295 haec
377 2258 535 2294 consilia
562 2264 674 2308 atque
702 2259 764 2295 hic
793 2258 944 2295 habitus
970 2259 1180 2294 animorum
1209 2266 1306 2294 esset
1334 2260 1374 2295 in

267 2324 412 2367 castris,
443 2336 592 2366 moyere
620 2323 707 2360 inde
737 2324 882 2367 statuit,
913 2324 952 2359 in
982 2322 1160 2359 calidiora
1188 2329 1300 2372 atque
1330 2336 1376 2360 eo

270 2389 475 2427 maturiora
493 2389 676 2430 messibus
696 2388 843 2440 Apuliae
862 2387 964 2426 loca:
996 2388 1106 2426 simul
1123 2394 1179 2433 ut,
1200 2401 1275 2438 quo
1293 2387 1380 2426 lon-
