<?xml version="1.0" encoding="UTF-8"?>
<!DOCTYPE html PUBLIC "-//W3C//DTD XHTML 1.0 Transitional//EN"
    "http://www.w3.org/TR/xhtml1/DTD/xhtml1-transitional.dtd">
<html xmlns="http://www.w3.org/1999/xhtml" xml:lang="en" lang="en">
 <head>
  <title>
</title>
<meta http-equiv="Content-Type" content="text/html;charset=utf-8" />
  <meta name='ocr-system' content='tesseract 3.04.00' />
  <meta name='ocr-capabilities' content='ocr_page ocr_carea ocr_par ocr_line ocrx_word'/>
</head>
<body>
  <div class='ocr_page' id='page_1' title='image "./historiarumquaes02livyuoft/historiarumquaes02livyuoft_0433.png"; bbox 0 0 1527 2661; ppageno 0'>
   <div class='ocr_carea' id='block_1_1' title="bbox 0 0 24 1830">
    <p class='ocr_par' dir='ltr' id='par_1_1' title="bbox 0 0 24 1830">
     <span class='ocr_line' id='line_1_1' title="bbox 0 0 24 1830; baseline 0 0"><span class='ocrx_word' id='word_1_1' title='bbox 0 0 24 1830; x_wconf 95' lang='lat' dir='ltr'> </span> 
     </span>
    </p>
   </div>
   <div class='ocr_carea' id='block_1_2' title="bbox 342 194 1200 241">
    <p class='ocr_par' dir='ltr' id='par_1_2' title="bbox 342 194 1200 241">
     <span class='ocr_line' id='line_1_2' title="bbox 342 194 1200 241; baseline 0.005 -17"><span class='ocrx_word' id='word_1_2' title='bbox 342 195 496 224; x_wconf 85' lang='lat' dir='ltr'>LIBER</span> <span class='ocrx_word' id='word_1_3' title='bbox 521 194 665 224; x_wconf 82' lang='lat' dir='ltr'><strong>XXIV·</strong></span> <span class='ocrx_word' id='word_1_4' title='bbox 699 194 806 223; x_wconf 82' lang='lat' dir='ltr'>CAP.</span> <span class='ocrx_word' id='word_1_5' title='bbox 830 195 957 224; x_wconf 82' lang='lat' dir='ltr'><strong>XLII.</strong></span> <span class='ocrx_word' id='word_1_6' title='bbox 1117 197 1200 241; x_wconf 73' lang='lat'>423</span> 
     </span>
    </p>
   </div>
   <div class='ocr_carea' id='block_1_3' title="bbox 87 281 1401 576">
    <p class='ocr_par' dir='ltr' id='par_1_3' title="bbox 87 281 1401 524">
     <span class='ocr_line' id='line_1_3' title="bbox 87 281 1399 332; baseline 0.001 -12"><span class='ocrx_word' id='word_1_7' title='bbox 87 283 232 320; x_wconf 85' lang='lat' dir='ltr'>taribus</span> <span class='ocrx_word' id='word_1_8' title='bbox 262 283 403 332; x_wconf 86' lang='lat' dir='ltr'>signis:</span> <span class='ocrx_word' id='word_1_9' title='bbox 437 283 490 319; x_wconf 87' lang='lat' dir='ltr'>ita</span> <span class='ocrx_word' id='word_1_10' title='bbox 519 281 566 318; x_wconf 84' lang='lat' dir='ltr'>ab</span> <span class='ocrx_word' id='word_1_11' title='bbox 593 282 759 331; x_wconf 88' lang='lat' dir='ltr'>Illiturgi</span> <span class='ocrx_word' id='word_1_12' title='bbox 789 295 977 320; x_wconf 85' lang='lat' dir='ltr'><strong>recessum</strong></span> <span class='ocrx_word' id='word_1_13' title='bbox 1009 290 1077 322; x_wconf 88' lang='lat' dir='ltr'>est.</span> <span class='ocrx_word' id='word_1_14' title='bbox 1132 285 1201 321; x_wconf 89' lang='lat' dir='ltr'>Bi·</span> <span class='ocrx_word' id='word_1_15' title='bbox 1215 286 1306 318; x_wconf 85' lang='lat' dir='ltr'><strong>U·C.</strong></span> <span class='ocrx_word' id='word_1_16' title='bbox 1325 293 1399 318; x_wconf 75' lang='lat'><strong>⁵³8.</strong></span> 
     </span>
     <span class='ocr_line' id='line_1_4' title="bbox 88 330 1401 398; baseline 0.002 -14"><span class='ocrx_word' id='word_1_17' title='bbox 88 361 197 398; x_wconf 78' lang='lat' dir='ltr'>gerra</span> <span class='ocrx_word' id='word_1_18' title='bbox 222 349 308 385; x_wconf 90' lang='lat' dir='ltr'>inde</span> <span class='ocrx_word' id='word_1_19' title='bbox 336 348 423 384; x_wconf 90' lang='lat' dir='ltr'>urbs</span> <span class='ocrx_word' id='word_1_20' title='bbox 447 348 569 395; x_wconf 88' lang='lat' dir='ltr'>(socia</span> <span class='ocrx_word' id='word_1_21' title='bbox 594 354 631 383; x_wconf 90' lang='lat' dir='ltr'>et</span> <span class='ocrx_word' id='word_1_22' title='bbox 657 347 741 383; x_wconf 87' lang='lat' dir='ltr'>haec</span> <span class='ocrx_word' id='word_1_23' title='bbox 768 347 1032 384; x_wconf 85' lang='lat' dir='ltr'>Romanorum</span> <span class='ocrx_word' id='word_1_24' title='bbox 1059 351 1156 397; x_wconf 87' lang='lat' dir='ltr'>erat)</span> <span class='ocrx_word' id='word_1_25' title='bbox 1180 331 1254 386; x_wconf 71' lang='lat' dir='ltr'>aA&#39;</span> <span class='ocrx_word' id='word_1_26' title='bbox 1271 330 1308 361; x_wconf 72' lang='lat' dir='ltr'>C·</span> <span class='ocrx_word' id='word_1_27' title='bbox 1325 337 1401 362; x_wconf 64' lang='lat'>²¹4&#39;</span> 
     </span>
     <span class='ocr_line' id='line_1_5' title="bbox 87 410 1202 462; baseline 0 -14"><span class='ocrx_word' id='word_1_28' title='bbox 87 411 475 461; x_wconf 86' lang='lat' dir='ltr'>Karthaginiensibus</span> <span class='ocrx_word' id='word_1_29' title='bbox 498 410 712 460; x_wconf 88' lang='lat' dir='ltr'>obpugnari</span> <span class='ocrx_word' id='word_1_30' title='bbox 734 417 861 462; x_wconf 79' lang='lat' dir='ltr'>coepta</span> <span class='ocrx_word' id='word_1_31' title='bbox 890 417 958 448; x_wconf 87' lang='lat' dir='ltr'>est.</span> <span class='ocrx_word' id='word_1_32' title='bbox 1014 412 1113 448; x_wconf 86' lang='lat' dir='ltr'>Eam</span> <span class='ocrx_word' id='word_1_33' title='bbox 1132 413 1202 448; x_wconf 93' lang='lat' dir='ltr'>ob-</span> 
     </span>
     <span class='ocr_line' id='line_1_6' title="bbox 90 473 1202 524; baseline 0 -12"><span class='ocrx_word' id='word_1_34' title='bbox 90 476 273 512; x_wconf 85' lang='lat' dir='ltr'><strong>sidionem</strong></span> <span class='ocrx_word' id='word_1_35' title='bbox 295 475 375 511; x_wconf 87' lang='lat' dir='ltr'>sine</span> <span class='ocrx_word' id='word_1_36' title='bbox 395 475 600 510; x_wconf 80' lang='lat' dir='ltr'>certamine</span> <span class='ocrx_word' id='word_1_37' title='bbox 620 473 822 510; x_wconf 88' lang='lat' dir='ltr'>adveniens</span> <span class='ocrx_word' id='word_1_38' title='bbox 845 475 915 511; x_wconf 85' lang='lat' dir='ltr'>Cn.</span> <span class='ocrx_word' id='word_1_39' title='bbox 932 475 1060 524; x_wconf 85' lang='lat' dir='ltr'>Scipio</span> <span class='ocrx_word' id='word_1_40' title='bbox 1077 475 1202 513; x_wconf 90' lang='lat' dir='ltr'>solvit.</span> 
     </span>
    </p>

    <p class='ocr_par' dir='ltr' id='par_1_4' title="bbox 142 538 1395 576">
     <span class='ocr_line' id='line_1_7' title="bbox 142 538 1395 576; baseline 0 0"><span class='ocrx_word' id='word_1_41' title='bbox 142 539 275 576; x_wconf 89' lang='lat' dir='ltr'><strong>XLII.</strong></span> <span class='ocrx_word' id='word_1_42' title='bbox 305 540 366 576; x_wconf 90' lang='lat' dir='ltr'>Ad</span> <span class='ocrx_word' id='word_1_43' title='bbox 392 538 578 574; x_wconf 83' lang='lat' dir='ltr'>Mundam</span> <span class='ocrx_word' id='word_1_44' title='bbox 605 538 740 574; x_wconf 83' lang='lat' dir='ltr'>exinde</span> <span class='ocrx_word' id='word_1_45' title='bbox 760 546 882 574; x_wconf 83' lang='lat' dir='ltr'>castra</span> <span class='ocrx_word' id='word_1_46' title='bbox 901 538 1047 575; x_wconf 86' lang='lat' dir='ltr'>Punica</span> <span class='ocrx_word' id='word_1_47' title='bbox 1073 539 1279 576; x_wconf 75' lang='lat' dir='ltr'>mota2Ter</span> <span class='ocrx_word' id='word_1_48' title='bbox 1292 538 1395 569; x_wconf 87' lang='lat' dir='ltr'>victo-</span> 
     </span>
    </p>
   </div>
   <div class='ocr_carea' id='block_1_4' title="bbox 89 582 1401 652">
    <p class='ocr_par' dir='ltr' id='par_1_5' title="bbox 89 582 1401 652">
     <span class='ocr_line' id='line_1_8' title="bbox 89 582 1401 652; baseline 0 -12"><span class='ocrx_word' id='word_1_49' title='bbox 89 610 127 640; x_wconf 86' lang='lat' dir='ltr'>et</span> <span class='ocrx_word' id='word_1_50' title='bbox 144 603 312 640; x_wconf 81' lang='lat' dir='ltr'>Romani</span> <span class='ocrx_word' id='word_1_51' title='bbox 328 616 374 639; x_wconf 90' lang='lat' dir='ltr'>eo</span> <span class='ocrx_word' id='word_1_52' title='bbox 391 602 593 639; x_wconf 84' lang='lat' dir='ltr'>confestim</span> <span class='ocrx_word' id='word_1_53' title='bbox 608 602 727 638; x_wconf 85' lang='lat' dir='ltr'>secuti</span> <span class='ocrx_word' id='word_1_54' title='bbox 748 608 847 639; x_wconf 84' lang='lat' dir='ltr'>sunt.</span> <span class='ocrx_word' id='word_1_55' title='bbox 895 602 955 639; x_wconf 92' lang='lat' dir='ltr'>Ibi</span> <span class='ocrx_word' id='word_1_56' title='bbox 976 603 1093 652; x_wconf 86' lang='lat' dir='ltr'>signis</span> <span class='ocrx_word' id='word_1_57' title='bbox 1111 617 1203 640; x_wconf 87' lang='lat' dir='ltr'>con·</span> <span class='ocrx_word' id='word_1_58' title='bbox 1217 592 1263 634; x_wconf 43' lang='lat'>¹5⁵</span> <span class='ocrx_word' id='word_1_59' title='bbox 1282 582 1401 613; x_wconf 82' lang='lat' dir='ltr'>Roma-</span> 
     </span>
    </p>
   </div>
   <div class='ocr_carea' id='block_1_5' title="bbox 83 639 1262 2315">
    <p class='ocr_par' dir='ltr' id='par_1_6' title="bbox 83 639 1262 2315">
     <span class='ocr_line' id='line_1_9' title="bbox 86 639 1262 717; baseline 0.003 -15"><span class='ocrx_word' id='word_1_60' title='bbox 86 667 171 704; x_wconf 80' lang='lat' dir='ltr'>latis</span> <span class='ocrx_word' id='word_1_61' title='bbox 188 673 399 717; x_wconf 87' lang='lat' dir='ltr'>pugnatum</span> <span class='ocrx_word' id='word_1_62' title='bbox 414 678 481 716; x_wconf 89' lang='lat' dir='ltr'>per</span> <span class='ocrx_word' id='word_1_63' title='bbox 496 672 659 715; x_wconf 85' lang='lat' dir='ltr'>quatuor</span> <span class='ocrx_word' id='word_1_64' title='bbox 674 666 792 702; x_wconf 84' lang='lat' dir='ltr'>ferme</span> <span class='ocrx_word' id='word_1_65' title='bbox 807 666 920 702; x_wconf 84' lang='lat' dir='ltr'>horas</span> <span class='ocrx_word' id='word_1_66' title='bbox 937 680 944 702; x_wconf 74' lang='grc' dir='ltr'>ε</span> <span class='ocrx_word' id='word_1_67' title='bbox 977 667 1205 716; x_wconf 80' lang='lat' dir='ltr'>egregieque</span> <span class='ocrx_word' id='word_1_68' title='bbox 1217 639 1262 660; x_wconf 48' lang='lat' dir='ltr'>m·</span> 
     </span>
     <span class='ocr_line' id='line_1_10' title="bbox 85 730 1202 781; baseline 0.001 -14"><span class='ocrx_word' id='word_1_69' title='bbox 85 731 324 768; x_wconf 89' lang='lat' dir='ltr'>vincentibus</span> <span class='ocrx_word' id='word_1_70' title='bbox 358 730 544 766; x_wconf 88' lang='lat' dir='ltr'>Romanis</span> <span class='ocrx_word' id='word_1_71' title='bbox 575 731 725 779; x_wconf 87' lang='lat' dir='ltr'>signum</span> <span class='ocrx_word' id='word_1_72' title='bbox 763 731 932 781; x_wconf 90' lang='lat' dir='ltr'>receptui</span> <span class='ocrx_word' id='word_1_73' title='bbox 971 737 1028 766; x_wconf 91' lang='lat' dir='ltr'>est</span> <span class='ocrx_word' id='word_1_74' title='bbox 1057 731 1202 776; x_wconf 84' lang='lat' dir='ltr'>datum,</span> 
     </span>
     <span class='ocr_line' id='line_1_11' title="bbox 86 793 1201 843; baseline 0.001 -14"><span class='ocrx_word' id='word_1_75' title='bbox 86 795 188 843; x_wconf 85' lang='lat' dir='ltr'>quod</span> <span class='ocrx_word' id='word_1_76' title='bbox 225 795 296 830; x_wconf 90' lang='lat' dir='ltr'>Cn.</span> <span class='ocrx_word' id='word_1_77' title='bbox 314 794 502 843; x_wconf 89' lang='lat' dir='ltr'>Scipionis</span> <span class='ocrx_word' id='word_1_78' title='bbox 534 793 654 829; x_wconf 92' lang='lat' dir='ltr'>femur</span> <span class='ocrx_word' id='word_1_79' title='bbox 686 793 836 842; x_wconf 80' lang='lat' dir='ltr'>tragula</span> <span class='ocrx_word' id='word_1_80' title='bbox 869 793 1060 830; x_wconf 88' lang='lat' dir='ltr'>confixum</span> <span class='ocrx_word' id='word_1_81' title='bbox 1097 801 1201 831; x_wconf 87' lang='lat' dir='ltr'>erat:</span> 
     </span>
     <span class='ocr_line' id='line_1_12' title="bbox 86 857 1205 909; baseline 0.001 -15"><span class='ocrx_word' id='word_1_82' title='bbox 86 870 278 909; x_wconf 88' lang='lat' dir='ltr'>pavorque</span> <span class='ocrx_word' id='word_1_83' title='bbox 303 858 404 894; x_wconf 87' lang='lat' dir='ltr'>circa</span> <span class='ocrx_word' id='word_1_84' title='bbox 429 870 515 893; x_wconf 90' lang='lat' dir='ltr'>eum</span> <span class='ocrx_word' id='word_1_85' title='bbox 541 863 693 907; x_wconf 81' lang='lat' dir='ltr'>ceperat</span> <span class='ocrx_word' id='word_1_86' title='bbox 718 857 871 900; x_wconf 84' lang='lat' dir='ltr'>milites,</span> <span class='ocrx_word' id='word_1_87' title='bbox 892 871 940 893; x_wconf 89' lang='lat' dir='ltr'>ne</span> <span class='ocrx_word' id='word_1_88' title='bbox 966 857 1205 895; x_wconf 86' lang='lat' dir='ltr'>mortiferum</span> 
     </span>
     <span class='ocr_line' id='line_1_13' title="bbox 86 920 1204 971; baseline 0 -14"><span class='ocrx_word' id='word_1_89' title='bbox 86 927 185 958; x_wconf 89' lang='lat' dir='ltr'>esset</span> <span class='ocrx_word' id='word_1_90' title='bbox 204 921 350 958; x_wconf 87' lang='lat' dir='ltr'>vulnus.</span> <span class='ocrx_word' id='word_1_91' title='bbox 409 922 587 957; x_wconf 87' lang='lat' dir='ltr'>Ceterum</span> <span class='ocrx_word' id='word_1_92' title='bbox 607 921 708 956; x_wconf 89' lang='lat' dir='ltr'>haud</span> <span class='ocrx_word' id='word_1_93' title='bbox 729 920 883 956; x_wconf 89' lang='lat' dir='ltr'>dubium</span> <span class='ocrx_word' id='word_1_94' title='bbox 899 921 986 964; x_wconf 86' lang='lat' dir='ltr'>fuit,</span> <span class='ocrx_word' id='word_1_95' title='bbox 1004 922 1109 971; x_wconf 86' lang='lat' dir='ltr'>quin,</span> <span class='ocrx_word' id='word_1_96' title='bbox 1131 922 1204 957; x_wconf 90' lang='lat' dir='ltr'>nisi</span> 
     </span>
     <span class='ocr_line' id='line_1_14' title="bbox 87 984 1203 1035; baseline -0.001 -13"><span class='ocrx_word' id='word_1_97' title='bbox 87 998 132 1022; x_wconf 82' lang='lat' dir='ltr'>ea</span> <span class='ocrx_word' id='word_1_98' title='bbox 150 997 256 1022; x_wconf 87' lang='lat' dir='ltr'>mora</span> <span class='ocrx_word' id='word_1_99' title='bbox 275 985 555 1027; x_wconf 86' lang='lat' dir='ltr'>intervenisset,</span> <span class='ocrx_word' id='word_1_100' title='bbox 577 990 701 1020; x_wconf 82' lang='lat' dir='ltr'>castra</span> <span class='ocrx_word' id='word_1_101' title='bbox 719 997 765 1020; x_wconf 89' lang='lat' dir='ltr'>eo</span> <span class='ocrx_word' id='word_1_102' title='bbox 786 984 845 1020; x_wconf 90' lang='lat' dir='ltr'>die</span> <span class='ocrx_word' id='word_1_103' title='bbox 866 984 1010 1020; x_wconf 88' lang='lat' dir='ltr'>Punica</span> <span class='ocrx_word' id='word_1_104' title='bbox 1031 985 1114 1034; x_wconf 85' lang='lat' dir='ltr'>capi</span> <span class='ocrx_word' id='word_1_105' title='bbox 1133 998 1203 1035; x_wconf 89' lang='lat' dir='ltr'>po-</span> 
     </span>
     <span class='ocr_line' id='line_1_15' title="bbox 86 1047 1203 1099; baseline 0 -14"><span class='ocrx_word' id='word_1_106' title='bbox 86 1050 250 1085; x_wconf 84' lang='lat' dir='ltr'>tuerint:</span> <span class='ocrx_word' id='word_1_107' title='bbox 277 1047 360 1099; x_wconf 90' lang='lat' dir='ltr'>jam</span> <span class='ocrx_word' id='word_1_108' title='bbox 380 1061 458 1085; x_wconf 91' lang='lat' dir='ltr'>non</span> <span class='ocrx_word' id='word_1_109' title='bbox 474 1049 612 1085; x_wconf 87' lang='lat' dir='ltr'>milites</span> <span class='ocrx_word' id='word_1_110' title='bbox 634 1048 770 1092; x_wconf 91' lang='lat' dir='ltr'>solum,</span> <span class='ocrx_word' id='word_1_111' title='bbox 789 1049 854 1085; x_wconf 88' lang='lat' dir='ltr'>sed</span> <span class='ocrx_word' id='word_1_112' title='bbox 875 1049 1067 1099; x_wconf 85' lang='lat' dir='ltr'>elephanti</span> <span class='ocrx_word' id='word_1_113' title='bbox 1087 1049 1203 1086; x_wconf 86' lang='lat' dir='ltr'>etiam</span> 
     </span>
     <span class='ocr_line' id='line_1_16' title="bbox 88 1112 1203 1162; baseline 0.001 -14"><span class='ocrx_word' id='word_1_114' title='bbox 88 1125 204 1161; x_wconf 89' lang='lat' dir='ltr'>usque</span> <span class='ocrx_word' id='word_1_115' title='bbox 224 1113 271 1148; x_wconf 86' lang='lat' dir='ltr'>ad</span> <span class='ocrx_word' id='word_1_116' title='bbox 288 1112 428 1148; x_wconf 84' lang='lat' dir='ltr'>vallum</span> <span class='ocrx_word' id='word_1_117' title='bbox 454 1113 529 1148; x_wconf 83' lang='lat' dir='ltr'>acti</span> <span class='ocrx_word' id='word_1_118' title='bbox 550 1118 671 1155; x_wconf 83' lang='lat' dir='ltr'>erant,</span> <span class='ocrx_word' id='word_1_119' title='bbox 693 1124 877 1162; x_wconf 84' lang='lat' dir='ltr'>superque</span> <span class='ocrx_word' id='word_1_120' title='bbox 904 1113 988 1162; x_wconf 88' lang='lat' dir='ltr'>ipso</span> <span class='ocrx_word' id='word_1_121' title='bbox 1008 1125 1144 1148; x_wconf 80' lang='lat' dir='ltr'>norem</span> <span class='ocrx_word' id='word_1_122' title='bbox 1165 1118 1203 1149; x_wconf 87' lang='lat' dir='ltr'>et</span> 
     </span>
     <span class='ocr_line' id='line_1_17' title="bbox 86 1175 1202 1226; baseline 0 -14"><span class='ocrx_word' id='word_1_123' title='bbox 86 1177 244 1225; x_wconf 85' lang='lat' dir='ltr'>triginta</span> <span class='ocrx_word' id='word_1_124' title='bbox 264 1175 456 1225; x_wconf 86' lang='lat' dir='ltr'>elephanti</span> <span class='ocrx_word' id='word_1_125' title='bbox 477 1175 562 1226; x_wconf 86' lang='lat' dir='ltr'>pilis</span> <span class='ocrx_word' id='word_1_126' title='bbox 581 1175 732 1212; x_wconf 85' lang='lat' dir='ltr'>confixi.</span> <span class='ocrx_word' id='word_1_127' title='bbox 790 1176 878 1212; x_wconf 90' lang='lat' dir='ltr'>Hoc</span> <span class='ocrx_word' id='word_1_128' title='bbox 895 1189 1045 1225; x_wconf 89' lang='lat' dir='ltr'>quoque</span> <span class='ocrx_word' id='word_1_129' title='bbox 1064 1175 1202 1225; x_wconf 87' lang='lat' dir='ltr'>proelio</span> 
     </span>
     <span class='ocr_line' id='line_1_18' title="bbox 87 1239 1202 1290; baseline 0.001 -15"><span class='ocrx_word' id='word_1_130' title='bbox 87 1240 132 1276; x_wconf 90' lang='lat' dir='ltr'>ad</span> <span class='ocrx_word' id='word_1_131' title='bbox 151 1240 349 1275; x_wconf 84' lang='lat' dir='ltr'>duodecim</span> <span class='ocrx_word' id='word_1_132' title='bbox 376 1239 495 1275; x_wconf 88' lang='lat' dir='ltr'>millia</span> <span class='ocrx_word' id='word_1_133' title='bbox 520 1239 719 1275; x_wconf 88' lang='lat' dir='ltr'>hominum</span> <span class='ocrx_word' id='word_1_134' title='bbox 746 1239 922 1275; x_wconf 88' lang='lat' dir='ltr'>dicuntur</span> <span class='ocrx_word' id='word_1_135' title='bbox 953 1252 1063 1282; x_wconf 69' lang='lat' dir='ltr'>caesa,</span> <span class='ocrx_word' id='word_1_136' title='bbox 1084 1253 1202 1290; x_wconf 86' lang='lat' dir='ltr'>prope</span> 
     </span>
     <span class='ocr_line' id='line_1_19' title="bbox 83 1302 1202 1353; baseline 0 -14"><span class='ocrx_word' id='word_1_137' title='bbox 83 1304 157 1339; x_wconf 78' lang='lat' dir='ltr'>tria</span> <span class='ocrx_word' id='word_1_138' title='bbox 187 1310 311 1353; x_wconf 87' lang='lat' dir='ltr'>capta,</span> <span class='ocrx_word' id='word_1_139' title='bbox 333 1315 418 1338; x_wconf 90' lang='lat' dir='ltr'>cum</span> <span class='ocrx_word' id='word_1_140' title='bbox 448 1303 564 1352; x_wconf 86' lang='lat' dir='ltr'>signis</span> <span class='ocrx_word' id='word_1_141' title='bbox 595 1302 820 1338; x_wconf 87' lang='lat' dir='ltr'>militaribus</span> <span class='ocrx_word' id='word_1_142' title='bbox 852 1309 996 1352; x_wconf 80' lang='lat' dir='ltr'>septem</span> <span class='ocrx_word' id='word_1_143' title='bbox 1028 1309 1064 1338; x_wconf 88' lang='lat' dir='ltr'>et</span> <span class='ocrx_word' id='word_1_144' title='bbox 1091 1304 1202 1352; x_wconf 90' lang='lat' dir='ltr'>quin-</span> 
     </span>
     <span class='ocr_line' id='line_1_20' title="bbox 86 1367 1198 1417; baseline -0.001 -14"><span class='ocrx_word' id='word_1_145' title='bbox 86 1369 280 1417; x_wconf 84' lang='lat' dir='ltr'>quaginta.</span> <span class='ocrx_word' id='word_1_146' title='bbox 327 1367 388 1402; x_wconf 88' lang='lat' dir='ltr'>Ad</span> <span class='ocrx_word' id='word_1_147' title='bbox 400 1368 599 1415; x_wconf 86' lang='lat' dir='ltr'>Auringen</span> <span class='ocrx_word' id='word_1_148' title='bbox 615 1367 701 1403; x_wconf 88' lang='lat' dir='ltr'>inde</span> <span class='ocrx_word' id='word_1_149' title='bbox 717 1367 848 1403; x_wconf 88' lang='lat' dir='ltr'>urbem</span> <span class='ocrx_word' id='word_1_150' title='bbox 860 1367 971 1403; x_wconf 86' lang='lat' dir='ltr'>Poeni</span> <span class='ocrx_word' id='word_1_151' title='bbox 987 1380 1198 1414; x_wconf 81' lang='lat' dir='ltr'>recessere3</span> 
     </span>
     <span class='ocr_line' id='line_1_21' title="bbox 86 1430 1202 1475; baseline 0.002 -8"><span class='ocrx_word' id='word_1_152' title='bbox 86 1438 136 1475; x_wconf 84' lang='lat' dir='ltr'>et,</span> <span class='ocrx_word' id='word_1_153' title='bbox 154 1439 196 1467; x_wconf 91' lang='lat' dir='ltr'>ut</span> <span class='ocrx_word' id='word_1_154' title='bbox 211 1432 351 1467; x_wconf 89' lang='lat' dir='ltr'>territis</span> <span class='ocrx_word' id='word_1_155' title='bbox 368 1432 540 1474; x_wconf 83' lang='lat' dir='ltr'>instaret,</span> <span class='ocrx_word' id='word_1_156' title='bbox 558 1438 707 1467; x_wconf 86' lang='lat' dir='ltr'>secutus</span> <span class='ocrx_word' id='word_1_157' title='bbox 724 1430 936 1467; x_wconf 83' lang='lat' dir='ltr'>Romanus.</span> <span class='ocrx_word' id='word_1_158' title='bbox 984 1431 1043 1467; x_wconf 87' lang='lat' dir='ltr'>Ibi</span> <span class='ocrx_word' id='word_1_159' title='bbox 1065 1432 1202 1469; x_wconf 88' lang='lat' dir='ltr'>iterum</span> 
     </span>
     <span class='ocr_line' id='line_1_22' title="bbox 86 1494 1202 1545; baseline 0.002 -15"><span class='ocrx_word' id='word_1_160' title='bbox 86 1496 214 1545; x_wconf 88' lang='lat' dir='ltr'>Scipio</span> <span class='ocrx_word' id='word_1_161' title='bbox 228 1494 403 1531; x_wconf 88' lang='lat' dir='ltr'>lecticula</span> <span class='ocrx_word' id='word_1_162' title='bbox 423 1495 462 1530; x_wconf 91' lang='lat' dir='ltr'>in</span> <span class='ocrx_word' id='word_1_163' title='bbox 478 1495 597 1531; x_wconf 86' lang='lat' dir='ltr'>aciem</span> <span class='ocrx_word' id='word_1_164' title='bbox 617 1494 755 1530; x_wconf 82' lang='lat' dir='ltr'>inlatus</span> <span class='ocrx_word' id='word_1_165' title='bbox 774 1495 945 1531; x_wconf 86' lang='lat' dir='ltr'>conflixit</span> <span class='ocrx_word' id='word_1_166' title='bbox 961 1509 968 1530; x_wconf 94' lang='lat'><strong>:</strong></span> <span class='ocrx_word' id='word_1_167' title='bbox 1000 1508 1070 1531; x_wconf 90' lang='lat' dir='ltr'>nec</span> <span class='ocrx_word' id='word_1_168' title='bbox 1088 1495 1202 1532; x_wconf 88' lang='lat' dir='ltr'>dubia</span> 
     </span>
     <span class='ocr_line' id='line_1_23' title="bbox 85 1558 1203 1611; baseline 0 -16"><span class='ocrx_word' id='word_1_169' title='bbox 85 1559 244 1595; x_wconf 82' lang='lat' dir='ltr'>victoria</span> <span class='ocrx_word' id='word_1_170' title='bbox 265 1558 361 1594; x_wconf 88' lang='lat' dir='ltr'>fuit:</span> <span class='ocrx_word' id='word_1_171' title='bbox 395 1559 519 1594; x_wconf 88' lang='lat' dir='ltr'>minus</span> <span class='ocrx_word' id='word_1_172' title='bbox 548 1564 674 1611; x_wconf 80' lang='lat' dir='ltr'>tamen</span> <span class='ocrx_word' id='word_1_173' title='bbox 702 1558 858 1594; x_wconf 87' lang='lat' dir='ltr'>dimidio</span> <span class='ocrx_word' id='word_1_174' title='bbox 885 1559 1066 1602; x_wconf 86' lang='lat' dir='ltr'>hostium,</span> <span class='ocrx_word' id='word_1_175' title='bbox 1089 1572 1203 1608; x_wconf 87' lang='lat' dir='ltr'>quam</span> 
     </span>
     <span class='ocr_line' id='line_1_24' title="bbox 86 1622 1200 1672; baseline 0 -15"><span class='ocrx_word' id='word_1_176' title='bbox 86 1629 212 1665; x_wconf 82' lang='lat' dir='ltr'>antea,</span> <span class='ocrx_word' id='word_1_177' title='bbox 241 1623 329 1671; x_wconf 85' lang='lat' dir='ltr'>quia</span> <span class='ocrx_word' id='word_1_178' title='bbox 355 1623 551 1672; x_wconf 86' lang='lat' dir='ltr'>pauciores</span> <span class='ocrx_word' id='word_1_179' title='bbox 580 1622 858 1671; x_wconf 78' lang='lat' dir='ltr'>superfuerant,</span> <span class='ocrx_word' id='word_1_180' title='bbox 880 1623 943 1671; x_wconf 90' lang='lat' dir='ltr'>qui</span> <span class='ocrx_word' id='word_1_181' title='bbox 971 1629 1200 1672; x_wconf 83' lang='lat' dir='ltr'>pugnarent,</span> 
     </span>
     <span class='ocr_line' id='line_1_25' title="bbox 86 1685 1201 1735; baseline 0.002 -15"><span class='ocrx_word' id='word_1_182' title='bbox 86 1686 264 1722; x_wconf 88' lang='lat' dir='ltr'>occisum.</span> <span class='ocrx_word' id='word_1_183' title='bbox 323 1686 396 1721; x_wconf 84' lang='lat' dir='ltr'>Sed</span> <span class='ocrx_word' id='word_1_184' title='bbox 412 1698 504 1734; x_wconf 86' lang='lat' dir='ltr'>gens</span> <span class='ocrx_word' id='word_1_185' title='bbox 524 1692 616 1721; x_wconf 87' lang='lat' dir='ltr'>nata</span> <span class='ocrx_word' id='word_1_186' title='bbox 635 1685 888 1721; x_wconf 84' lang='lat' dir='ltr'>instaurandis</span> <span class='ocrx_word' id='word_1_187' title='bbox 908 1685 1201 1735; x_wconf 83' lang='lat' dir='ltr'>reparandisque</span> 
     </span>
     <span class='ocr_line' id='line_1_26' title="bbox 84 1749 1200 1798; baseline 0.001 -14"><span class='ocrx_word' id='word_1_188' title='bbox 84 1749 208 1792; x_wconf 88' lang='lat' dir='ltr'>bellis,</span> <span class='ocrx_word' id='word_1_189' title='bbox 245 1749 416 1798; x_wconf 88' lang='lat' dir='ltr'>Magone</span> <span class='ocrx_word' id='word_1_190' title='bbox 453 1750 499 1786; x_wconf 92' lang='lat' dir='ltr'>ad</span> <span class='ocrx_word' id='word_1_191' title='bbox 536 1749 855 1798; x_wconf 80' lang='lat' dir='ltr'>conquisitionem</span> <span class='ocrx_word' id='word_1_192' title='bbox 893 1749 1055 1785; x_wconf 88' lang='lat' dir='ltr'>militum</span> <span class='ocrx_word' id='word_1_193' title='bbox 1084 1749 1200 1786; x_wconf 87' lang='lat' dir='ltr'>fratre</span> 
     </span>
     <span class='ocr_line' id='line_1_27' title="bbox 88 1812 1198 1862; baseline 0.002 -15"><span class='ocrx_word' id='word_1_194' title='bbox 88 1814 217 1855; x_wconf 60' lang='lat' dir='ltr'>misso,</span> <span class='ocrx_word' id='word_1_195' title='bbox 238 1812 343 1849; x_wconf 88' lang='lat' dir='ltr'>brevi</span> <span class='ocrx_word' id='word_1_196' title='bbox 370 1812 528 1862; x_wconf 88' lang='lat' dir='ltr'>replevit</span> <span class='ocrx_word' id='word_1_197' title='bbox 555 1813 776 1856; x_wconf 86' lang='lat' dir='ltr'>exercitum,</span> <span class='ocrx_word' id='word_1_198' title='bbox 797 1813 1019 1861; x_wconf 84' lang='lat' dir='ltr'>animosque</span> <span class='ocrx_word' id='word_1_199' title='bbox 1039 1813 1085 1848; x_wconf 89' lang='lat' dir='ltr'>ad</span> <span class='ocrx_word' id='word_1_200' title='bbox 1117 1819 1198 1849; x_wconf 86' lang='lat' dir='ltr'>ten-</span> 
     </span>
     <span class='ocr_line' id='line_1_28' title="bbox 85 1879 1199 1930; baseline 0.001 -15"><span class='ocrx_word' id='word_1_201' title='bbox 85 1879 241 1915; x_wconf 84' lang='lat' dir='ltr'>tandum</span> <span class='ocrx_word' id='word_1_202' title='bbox 274 1879 319 1915; x_wconf 91' lang='lat' dir='ltr'>de</span> <span class='ocrx_word' id='word_1_203' title='bbox 352 1880 502 1928; x_wconf 87' lang='lat' dir='ltr'>integro</span> <span class='ocrx_word' id='word_1_204' title='bbox 535 1886 727 1916; x_wconf 86' lang='lat' dir='ltr'>certamen</span> <span class='ocrx_word' id='word_1_205' title='bbox 755 1879 857 1915; x_wconf 89' lang='lat' dir='ltr'>fecit.</span> <span class='ocrx_word' id='word_1_206' title='bbox 916 1879 994 1916; x_wconf 90' lang='lat' dir='ltr'>Alii</span> <span class='ocrx_word' id='word_1_207' title='bbox 1031 1880 1199 1930; x_wconf 86' lang='lat' dir='ltr'>plerique</span> 
     </span>
     <span class='ocr_line' id='line_1_29' title="bbox 85 1945 1197 1996; baseline 0.001 -16"><span class='ocrx_word' id='word_1_208' title='bbox 85 1945 237 1989; x_wconf 86' lang='lat' dir='ltr'>milites,</span> <span class='ocrx_word' id='word_1_209' title='bbox 259 1946 356 1981; x_wconf 86' lang='lat' dir='ltr'>sicut</span> <span class='ocrx_word' id='word_1_210' title='bbox 372 1958 440 1995; x_wconf 90' lang='lat' dir='ltr'>pro</span> <span class='ocrx_word' id='word_1_211' title='bbox 460 1952 566 1995; x_wconf 80' lang='lat' dir='ltr'>parte</span> <span class='ocrx_word' id='word_1_212' title='bbox 583 1946 695 1981; x_wconf 87' lang='lat' dir='ltr'>toties</span> <span class='ocrx_word' id='word_1_213' title='bbox 712 1946 811 1981; x_wconf 84' lang='lat' dir='ltr'>intra</span> <span class='ocrx_word' id='word_1_214' title='bbox 830 1958 971 1996; x_wconf 85' lang='lat' dir='ltr'>paucos</span> <span class='ocrx_word' id='word_1_215' title='bbox 987 1945 1065 1981; x_wconf 83' lang='lat' dir='ltr'>dies</span> <span class='ocrx_word' id='word_1_216' title='bbox 1083 1946 1197 1989; x_wconf 87' lang='lat' dir='ltr'>victa,</span> 
     </span>
     <span class='ocr_line' id='line_1_30' title="bbox 85 2009 1197 2059; baseline 0 -15"><span class='ocrx_word' id='word_1_217' title='bbox 85 2009 217 2045; x_wconf 87' lang='lat' dir='ltr'>iisdem</span> <span class='ocrx_word' id='word_1_218' title='bbox 237 2009 386 2051; x_wconf 81' lang='lat' dir='ltr'>animis,</span> <span class='ocrx_word' id='word_1_219' title='bbox 408 2009 542 2058; x_wconf 90' lang='lat' dir='ltr'>quibus</span> <span class='ocrx_word' id='word_1_220' title='bbox 570 2010 686 2058; x_wconf 81' lang='lat' dir='ltr'>prius,</span> <span class='ocrx_word' id='word_1_221' title='bbox 709 2009 915 2057; x_wconf 87' lang='lat' dir='ltr'>eodemque</span> <span class='ocrx_word' id='word_1_222' title='bbox 944 2016 1080 2045; x_wconf 89' lang='lat' dir='ltr'>eventu</span> <span class='ocrx_word' id='word_1_223' title='bbox 1100 2022 1197 2059; x_wconf 86' lang='lat' dir='ltr'>pug-</span> 
     </span>
     <span class='ocr_line' id='line_1_31' title="bbox 84 2073 1197 2123; baseline -0.001 -14"><span class='ocrx_word' id='word_1_224' title='bbox 84 2085 220 2109; x_wconf 86' lang='lat' dir='ltr'>navere</span> <span class='ocrx_word' id='word_1_225' title='bbox 236 2087 243 2108; x_wconf 87' lang='lat'>:</span> <span class='ocrx_word' id='word_1_226' title='bbox 267 2073 349 2123; x_wconf 88' lang='lat' dir='ltr'>plus</span> <span class='ocrx_word' id='word_1_227' title='bbox 366 2082 454 2109; x_wconf 89' lang='lat' dir='ltr'>octo</span> <span class='ocrx_word' id='word_1_228' title='bbox 471 2073 588 2109; x_wconf 87' lang='lat' dir='ltr'>millia</span> <span class='ocrx_word' id='word_1_229' title='bbox 604 2074 802 2110; x_wconf 86' lang='lat' dir='ltr'>hominum</span> <span class='ocrx_word' id='word_1_230' title='bbox 818 2086 914 2110; x_wconf 84' lang='lat' dir='ltr'>caesa</span> <span class='ocrx_word' id='word_1_231' title='bbox 930 2088 935 2109; x_wconf 94' lang='lat'>:</span> <span class='ocrx_word' id='word_1_232' title='bbox 960 2073 1060 2108; x_wconf 85' lang='lat' dir='ltr'>haud</span> <span class='ocrx_word' id='word_1_233' title='bbox 1076 2073 1197 2108; x_wconf 85' lang='lat' dir='ltr'>multo</span> 
     </span>
     <span class='ocr_line' id='line_1_32' title="bbox 84 2137 1198 2188; baseline -0.002 -14"><span class='ocrx_word' id='word_1_234' title='bbox 84 2138 207 2174; x_wconf 88' lang='lat' dir='ltr'>minus</span> <span class='ocrx_word' id='word_1_235' title='bbox 228 2150 341 2187; x_wconf 87' lang='lat' dir='ltr'>quam</span> <span class='ocrx_word' id='word_1_236' title='bbox 369 2138 469 2174; x_wconf 89' lang='lat' dir='ltr'>mille</span> <span class='ocrx_word' id='word_1_237' title='bbox 499 2145 665 2188; x_wconf 76' lang='lat' dir='ltr'>captum,</span> <span class='ocrx_word' id='word_1_238' title='bbox 696 2145 733 2174; x_wconf 89' lang='lat' dir='ltr'>et</span> <span class='ocrx_word' id='word_1_239' title='bbox 752 2139 861 2186; x_wconf 86' lang='lat' dir='ltr'>signa</span> <span class='ocrx_word' id='word_1_240' title='bbox 890 2137 1068 2173; x_wconf 85' lang='lat' dir='ltr'>militaria</span> <span class='ocrx_word' id='word_1_241' title='bbox 1088 2138 1198 2186; x_wconf 88' lang='lat' dir='ltr'>quin-</span> 
     </span>
     <span class='ocr_line' id='line_1_33' title="bbox 85 2201 1197 2252; baseline 0 -16"><span class='ocrx_word' id='word_1_242' title='bbox 85 2202 268 2250; x_wconf 83' lang='lat' dir='ltr'>quaginta</span> <span class='ocrx_word' id='word_1_243' title='bbox 286 2207 399 2247; x_wconf 77' lang='lat' dir='ltr'>octo3</span> <span class='ocrx_word' id='word_1_244' title='bbox 434 2207 470 2237; x_wconf 82' lang='lat' dir='ltr'>et</span> <span class='ocrx_word' id='word_1_245' title='bbox 490 2201 611 2252; x_wconf 84' lang='lat' dir='ltr'>spolia</span> <span class='ocrx_word' id='word_1_246' title='bbox 636 2201 798 2252; x_wconf 83' lang='lat' dir='ltr'>plurima</span> <span class='ocrx_word' id='word_1_247' title='bbox 818 2201 964 2237; x_wconf 85' lang='lat' dir='ltr'>Gallica</span> <span class='ocrx_word' id='word_1_248' title='bbox 984 2201 1103 2243; x_wconf 84' lang='lat' dir='ltr'>fuere,</span> <span class='ocrx_word' id='word_1_249' title='bbox 1131 2214 1197 2236; x_wconf 84' lang='lat' dir='ltr'>au-</span> 
     </span>
     <span class='ocr_line' id='line_1_34' title="bbox 86 2265 1197 2315; baseline 0.001 -15"><span class='ocrx_word' id='word_1_250' title='bbox 86 2265 139 2300; x_wconf 87' lang='lat' dir='ltr'>rei</span> <span class='ocrx_word' id='word_1_251' title='bbox 154 2271 322 2314; x_wconf 79' lang='lat' dir='ltr'>torques,</span> <span class='ocrx_word' id='word_1_252' title='bbox 336 2265 580 2315; x_wconf 74' lang='lat' dir='ltr'>armillaeque,</span> <span class='ocrx_word' id='word_1_253' title='bbox 596 2279 753 2314; x_wconf 83' lang='lat' dir='ltr'>magnus</span> <span class='ocrx_word' id='word_1_254' title='bbox 766 2278 942 2302; x_wconf 84' lang='lat' dir='ltr'>numerus</span> <span class='ocrx_word' id='word_1_255' title='bbox 960 2280 966 2300; x_wconf 92' lang='lat'>:</span> <span class='ocrx_word' id='word_1_256' title='bbox 991 2265 1066 2300; x_wconf 79' lang='lat' dir='ltr'>duo</span> <span class='ocrx_word' id='word_1_257' title='bbox 1083 2265 1197 2301; x_wconf 85' lang='lat' dir='ltr'>etiam</span> 
     </span>
    </p>
   </div>
   <div class='ocr_carea' id='block_1_6' title="bbox 77 2329 1197 2382">
    <p class='ocr_par' dir='ltr' id='par_1_7' title="bbox 77 2329 1197 2382">
     <span class='ocr_line' id='line_1_35' title="bbox 77 2329 1197 2382; baseline 0.002 -18"><span class='ocrx_word' id='word_1_258' title='bbox 77 2329 249 2378; x_wconf 85' lang='lat' dir='ltr'>insignes</span> <span class='ocrx_word' id='word_1_259' title='bbox 269 2330 389 2379; x_wconf 88' lang='lat' dir='ltr'>reguli</span> <span class='ocrx_word' id='word_1_260' title='bbox 409 2330 607 2368; x_wconf 84' lang='lat' dir='ltr'>Gallorum</span> <span class='ocrx_word' id='word_1_261' title='bbox 640 2330 898 2382; x_wconf 84' lang='lat' dir='ltr'>(Moenicapto</span> <span class='ocrx_word' id='word_1_262' title='bbox 928 2337 966 2366; x_wconf 86' lang='lat' dir='ltr'>et</span> <span class='ocrx_word' id='word_1_263' title='bbox 986 2329 1197 2366; x_wconf 82' lang='lat' dir='ltr'>Civismaro</span> 
     </span>
    </p>
   </div>
  </div>
 </body>
</html>
