1527 2661
330 177 482 206 LIBER
504 176 635 204 XXII·
668 174 774 204 CAP.
798 176 880 204 111.
1081 175 1157 220 231

12 257 18 306 14ζ
56 264 159 301 Deos
180 278 248 302 nec
266 266 437 302 homines
467 264 740 308 consulentem,
767 263 945 300 ferociter
971 264 1099 300 omnia
1118 277 1161 300 ac
1175 268 1264 299 U.C.
1282 274 1355 299 535.

10 327 13 336 ¹
56 340 292 378 praepropere
319 335 489 365 acturum
507 345 514 364 ε
548 340 696 377 quoque
715 328 871 378 pronior
897 333 995 362 esset
1013 327 1050 362 in
1071 328 1163 363 vitia
1173 313 1212 342 A·
1227 312 1264 342 C·
1281 317 1355 346 ²¹⁷⁰

10 380 12 405 ³¹
57 404 137 434 sua,
171 393 314 440 agitare
343 405 429 428 eum
457 398 569 441 atque
594 393 740 428 irritare
773 391 913 427 Poenus
943 397 1070 440 parat:
1111 397 1162 433 et,

57 453 150 491 laeva
175 455 307 492 relicto
335 457 459 499 hoste,
486 456 650 493 Faesulas
676 462 821 506 petens,
852 455 974 490 medio
1001 455 1165 490 Etruriae

59 529 151 565 agro
170 520 378 568 praedatum
398 520 604 570 profectus,
626 525 806 567 quantam
828 518 1029 553 maximam
1049 518 1164 553 vasti-

13 600 15 621 ᾗ
58 587 174 617 tatem
203 589 344 632 potest,
375 584 536 620 caedibus
571 583 827 631 incendiisque
856 581 1000 618 consuli
1033 581 1165 631 procul

8 641 9 646 ¹
60 646 237 682 ostendit.
292 647 514 689 Flaminius,
545 648 605 695 qui
640 660 687 682 ne
716 647 844 696 quieto
874 646 1022 694 quidem
1055 647 1166 684 hoste

8 714 9 753 J
58 708 137 756 ipse
157 709 348 756 quieturus
377 717 470 753 erat,
496 717 575 745 tum
605 722 708 752 vero,
730 716 930 759 postquam
957 722 1013 745 res
1042 712 1166 746 socio-

8 763 13 786 ''
59 783 141 806 rum
161 778 247 808 ante
267 773 396 809 oculos
417 786 534 823 prope
560 786 646 809 suos
667 773 754 808 ferri
776 774 912 821 agique
931 774 1037 816 vidit,
1059 786 1167 810 suum

58 834 96 869 id
127 834 285 871 dedecus
315 841 433 879 ratus,
466 849 532 886 per
561 836 721 872 mediam
748 835 830 885 jam
861 835 1011 871 Italiam
1039 838 1167 885 vagari

59 896 234 941 Poenum,
264 906 391 948 atque,
422 899 630 936 obsistente
658 899 777 941 nullo,
807 899 853 935 ad
882 899 964 948 ipsa
991 898 1168 936 Romana

6 979 7 1010 j
59 962 200 998 moenia
218 963 271 998 ire
291 963 568 1013 obpugnanda5
601 964 733 999 ceteris
754 963 927 999 omnibus
948 963 986 998 in
1007 963 1168 999 consilio

5 1012 7 1072 f
60 1023 239 1062 salutaria
263 1028 398 1076 magis,
425 1041 537 1076 quam
567 1028 749 1076 speciosa,
781 1027 1038 1069 suadentibus,
1060 1029 1167 1063 eolle-

55 1100 141 1135 gam
159 1083 443 1137 exspectanduni,
464 1096 505 1127 ut
523 1090 717 1136 conjunctis
744 1091 964 1133 eoeercitibus,
992 1093 1170 1126 com-muni

60 1154 179 1188 animo
199 1156 408 1203 consilioque
426 1168 500 1191 rem
522 1160 708 1202 gererent5
737 1156 879 1190 *interim
898 1156 1059 1202 equitatu
1079 1168 1167 1190 aua*-

9 1228 10 1237 ¹
60 1217 198 1265 iliisque
227 1219 352 1254 levium
382 1231 562 1255 armorum
592 1220 635 1255 ab
664 1221 774 1268 effusa
801 1221 993 1266 praedandi
1025 1220 1170 1255 licentia

61 1280 193 1317 hostem
219 1283 472 1327 cohibendum3
502 1284 618 1319 iratus
645 1295 683 1318 se
711 1295 756 1318 ex
782 1282 941 1318 consilio
967 1283 1168 1332 proripuit,

60 1343 282 1393 signumque
302 1346 413 1381 simul
432 1347 576 1382 itineris
596 1359 806 1395 pugnaeque
825 1347 1034 1395 proposuit.
1075 1347 1170 1388 Quin

60 1409 166 1443 immo
185 1410 321 1445 Arretii
346 1415 431 1445 ante
453 1412 579 1445 moenia
603 1412 797 1451 sedeamus,
824 1410 946 1458 inquit
959 1426 969 1454 3
1003 1410 1059 1446 hic
1077 1413 1170 1446 enim

56 1472 182 1517 patria
209 1476 244 1507 et
268 1478 417 1520 penates
440 1478 534 1509 sunt.
590 1473 776 1508 Hannibal
801 1474 942 1508 emissus
967 1486 986 1508 e
1010 1474 1170 1510 manibus

56 1536 315 1582 perpopuletur
336 1537 498 1578 Italiam,
519 1537 757 1583 vastandoque
775 1541 810 1571 et
831 1538 964 1571 urendo
984 1539 1104 1572 onmia
1123 1539 1171 1573 acl

60 1596 226 1633 Romana
251 1601 378 1635 moenia
398 1601 602 1647 perveniat,-
631 1612 694 1634 nec
719 1604 801 1634 ante
825 1611 886 1634 nos
912 1600 994 1635 hinc
1018 1603 1170 1636 moveri-

58 1673 148 1703 muS,
174 1674 295 1709 quam,
321 1665 412 1698 sicut
440 1665 525 1699 olim
552 1663 745 1698 Camillum
774 1663 816 1698 ab
841 1664 944 1706 Veiis,
977 1664 1015 1699 C.
1033 1666 1168 1700 Flami-

59 1726 159 1760 nium
178 1725 221 1760 ab
239 1727 383 1761 Arretio
403 1728 531 1762 Patres
549 1727 755 1762 adciverint.
804 1726 899 1762 Haec
919 1728 1027 1763 simul
1047 1729 1170 1764 incre-

63 1800 170 1837 panS,
191 1802 304 1837 quum
331 1791 434 1825 ocius
465 1790 572 1838 signa
598 1789 757 1824 convelli
779 1789 947 1838 juberet,
975 1798 1012 1826 et
1032 1793 1110 1840 ipse
1130 1793 1169 1827 iu

64 1864 201 1899 equum
221 1852 438 1895 insiluisset,
466 1866 579 1901 equus
601 1860 753 1902 repente
773 1855 936 1897 conruit,
957 1855 1169 1891 consulein-

64 1927 136 1963 que
155 1914 298 1964 lapsum
322 1929 432 1966 super
458 1924 569 1966 caput
596 1917 737 1952 effudit.
794 1917 950 1953 Territis
978 1919 1170 1962 omnibus,
1182 1929 1228 1958 Ex
1246 1939 1329 1967 equo

63 1978 127 2026 qui
157 1979 256 2014 circa
278 1987 398 2022 erant,
429 1980 529 2015 velut
561 1980 664 2015 foedo
695 1981 820 2016 omine
850 1981 1071 2030 incipiendae
1101 1972 1368 2024 rej‚1)rolabitur.

65 2042 216 2092 insuper
239 2045 453 2087 nunciatur,
474 2045 637 2092 signum,
657 2045 759 2079 omni
785 2044 820 2079 vi
848 2044 1026 2080 moliente
1052 2046 1168 2093 signi-
1183 2052 1318 2090 Signum

65 2104 160 2148 fero,
181 2106 341 2142 convelli
362 2108 526 2155 nequire.
562 2108 772 2142 Conversus
793 2108 839 2142 ad
858 2109 1051 2151 nuncium,
1074 2095 1321 2176 N²³'’L51(gffil1itli¹

67 2170 190 2205 literas
217 2183 365 2218 quoque,
392 2171 527 2219 inquit,
558 2171 601 2206 ab
624 2176 748 2206 senatu
774 2171 908 2220 adfers,
930 2185 1006 2219 qua>
1027 2185 1080 2207 me
1098 2186 1173 2208 rem

63 2244 183 2279 gerere
210 2236 361 2270 vetent?
396 2235 479 2276 Aba,
509 2236 654 2277 nuncia,
682 2237 818 2281 signum
852 2237 1036 2284 effodiant,
1066 2238 1095 2271 si
1124 2238 1174 2272 ad

66 2299 331 2335 convellendum
348 2311 475 2335 manus
489 2311 566 2347 prae
584 2303 680 2335 metu
699 2300 950 2348 obtorpuerint.
994 2300 1171 2337 Incedere
