1527 2661
296 219 378 263 292
738 224 784 252 T.
809 224 941 254 mvn

105 317 195 347 U.C.
212 323 283 348 5:36.
296 312 443 349 demum
471 310 587 348 literae
616 325 638 348 a
655 312 834 350 Terentio
863 314 1015 351 consule
1044 314 1176 352 adlatae
1201 322 1311 362 sunt3
1342 317 1386 354 L.

103 361 142 391 A·
158 360 194 390 C·
211 366 283 392 ²¹⁶·
296 377 486 414 AEmilizcm
506 379 680 414 consulem
705 380 961 428 exercitumque
985 393 1105 416 caesum
1119 398 1132 425 ,-
1158 393 1230 418 sese
1249 381 1392 418 Canusii

294 454 378 486 esse,
398 444 566 490 reliquias
585 447 693 478 tantae
708 445 820 479 cladis
834 445 930 480 velut
949 457 990 480 ex
1003 445 1192 494 naufragio
1211 448 1390 494 conligen-

295 512 364 544 tem
377 524 388 544 .·
417 509 464 543 acl
481 509 598 544 decem
617 508 733 543 millia
750 509 903 544 militum
912 508 1032 557 ferme
1057 522 1126 545 esse
1143 512 1390 559 incomposito-

295 585 374 609 rum
392 573 756 620 inordinatorumque.
796 573 945 609 Poenum
968 575 1086 610 sedere
1111 576 1159 610 ad
1179 575 1331 618 Cannas,
1353 578 1391 611 in

295 638 515 685 captivorum
535 638 662 686 pretiis
681 638 872 686 praedaque
894 639 982 681 alia,
1011 651 1073 675 nec
1089 640 1231 675 victoris
1258 640 1391 682 animo,

295 714 357 738 nec
382 702 502 748 magni
529 702 627 737 ducis·
653 713 761 744 more,
793 703 1058 738 nundinantem.
1113 702 1212 738 Tum
1238 703 1392 753 privatae

296 779 445 815 quoque
464 779 530 816 per
549 766 680 801 domos
701 765 822 802 clades
838 765 999 815 vulgatae
1017 772 1126 812 sunt;
1150 767 1317 816 adeoque
1330 773 1391 803 to-

296 838 374 867 tam
395 830 523 867 urbem
542 829 708 880 opplevit
724 830 860 873 luctus,
879 836 920 867 ut
939 844 1084 868 sacrum
1099 832 1393 868 anniversarium

103 889 221 938 Cereri?
235 898 284 919 ³³·
296 895 442 931 Cereris
462 894 714 930 intermissum
734 895 804 940 sit3
838 896 925 943 quia
952 908 1020 930 nec
1039 894 1253 944 lugentibus
1280 895 1317 931 id
1335 894 1392 931 fa-

104 941 258 1006 ξέῗιξξεῖῃ·
295 972 379 995 cere
398 965 455 995 est
472 959 543 1002 fas,
564 971 632 995 nec
652 958 727 995 ulla
745 959 784 994 in
805 959 867 995 illa
885 966 1110 1009 tempestate
1136 965 1309 996 matrona
1327 972 1391 996 ex-

106 1028 190 1049 sum.
295 1036 379 1074 pers
398 1023 520 1060 luctus
539 1023 673 1059 fuerat.
730 1023 875 1071 ltaque,
896 1037 944 1060 ne
963 1024 1011 1060 ob
1031 1024 1198 1061 eamdem
1224 1036 1392 1060 caussam

296 1086 370 1124 alia
389 1100 539 1136 quoque
564 1099 671 1122 sacra
695 1086 845 1136 publica
870 1093 934 1123 aut
960 1088 1104 1137 privata
1123 1088 1392 1132 desererentur,
1435 1120 1439 1124 .

297 1150 626 1189 senatusconsulto
664 1150 792 1187 diebus
826 1153 981 1201 triginta
1016 1152 1136 1188 luctus
1169 1158 1225 1188 est
1254 1152 1393 1188 finitus.

298 1217 475 1252 Ceterum
495 1228 608 1265 quum
629 1214 757 1251 sedato
778 1215 878 1250 urbis
898 1215 1074 1259 tumultu,
1091 1215 1254 1252 revocati
1273 1216 1312 1252 in
1330 1229 1394 1253 cu-

296 1282 391 1318 riam
410 1281 539 1317 Patres
560 1287 696 1322 essent,
718 1279 799 1316 aliae
819 1280 970 1331 insuper
988 1293 1033 1317 ex
1053 1280 1180 1317 Sicilia
1194 1280 1310 1317 literae
1329 1281 1394 1318 ad-

297 1346 383 1383 latae
410 1351 497 1382 sunt
522 1344 568 1380 ab
588 1344 633 1380 T.
647 1343 812 1380 Otacilio
837 1357 905 1394 pro
931 1351 1103 1396 praetore,
1126 1345 1287 1394 Regnum
1305 1346 1396 1382 Hie-

300 1413 393 1447 ronis
411 1412 518 1446 classe
538 1411 677 1446 Punica
695 1412 854 1445 vastari:
882 1411 938 1446 cui
956 1423 1064 1458 qaum
1082 1423 1181 1458 opem
1201 1411 1397 1458 inploranti

290 1476 394 1523 serre
406 1477 524 1518 vellet,
542 1476 744 1511 nunciatum
760 1475 824 1509 sibi
838 1487 919 1516 esse,
936 1476 1044 1510 aliam
1061 1475 1203 1510 classem
1218 1476 1267 1510 acl
1276 1475 1394 1522 AEga-

301 1546 351 1577 tes
378 1541 510 1576 insulas
537 1545 644 1581 stare,
671 1543 841 1586 paratam
871 1541 1169 1586 instructamque,-
1198 1544 1250 1581 ut,
1274 1539 1333 1574 ubi
1360 1551 1396 1575 se

300 1618 436 1642 versum
469 1606 518 1640 ad
547 1605 713 1640 tuendam
743 1604 1002 1651 Syracusanam
1032 1616 1130 1639 oram
1150 1604 1250 1639 Poeni
1273 1606 1396 1639 sensis-

300 1674 390 1711 sent,
412 1669 607 1716 Lilybaeum
625 1668 798 1715 extemplo
821 1669 1107 1715 provinciamque
1132 1667 1243 1702 aliam
1263 1667 1396 1702 Roma-

301 1746 386 1770 nam
411 1735 712 1781 adgrederentur:
741 1734 860 1779 itaque
884 1732 991 1767 classe
1016 1743 1101 1779 opus
1128 1743 1209 1774 esse,
1228 1732 1259 1767 si
1281 1744 1398 1780 regem

300 1800 434 1835 socium
454 1799 682 1846 Siciliamque
701 1798 791 1832 tueri
809 1797 946 1832 vellfflzt.

356 1862 481 1898 LVII.
511 1861 649 1898 Literis
677 1859 838 1896 consulis
865 1859 1177 1910 propraetorisque
1202 1857 1321 1902 lectis,
1340 1859 1398 1896 Μ.

306 1927 517 1969 Claudium,
539 1927 601 1975 qui
621 1925 726 1961 classi
748 1925 794 1961 ad
814 1925 960 1960 Ostiam
980 1924 1093 1960 stanti
1115 1929 1303 1973 praeesset,
1325 1924 1396 1960 Ca-

304 1991 454 2027 nusium
490 1991 536 2026 ad
572 1991 775 2026 exercitum
817 1988 1054 2030 mittendum,
1091 1987 1399 2037 scribendumque

304 2054 464 2098 consuli,
503 2061 556 2097 ut,
594 2067 706 2102 quum
745 2054 895 2103 praetori
932 2053 1135 2088 exercitum
1171 2051 1396 2095 tradidisset,

306 2119 428 2170 primo
458 2130 605 2168 quoque
642 2124 823 2167 tempore,
853 2123 1034 2165 quantum
1062 2128 1127 2165 per
1160 2115 1398 2152 commodum

307 2183 519 2234 reipublicae
557 2182 633 2218 fieri
670 2188 811 2232 posset,
847 2180 1009 2216 Romam
1045 2180 1198 2216 veniret.
1259 2179 1398 2217 Ten-iti

117 2254 257 2284 Vestales
307 2249 421 2285 etiam
447 2260 556 2298 super
581 2253 704 2283 tantas
734 2246 869 2289 clades,
895 2257 1009 2295 quum
1037 2245 1167 2280 ceteris
1203 2244 1397 2294 prodigiis,

116 2298 296 2381 {23}ng
308 2319 388 2349 tum
407 2313 508 2362 quod
526 2313 606 2349 duae
626 2311 794 2347 Vestales
815 2324 860 2347 eo
879 2323 992 2352 anno,
1010 2308 1161 2359 Opimia
1179 2314 1290 2358 atque
1309 2308 1340 2344 F
1342 2308 1397 2346 lo-

309 2377 430 2420 ronia,
457 2376 576 2428 stupri
601 2381 814 2426 compertae,
836 2380 874 2411 et
898 2373 1016 2411 altera
1034 2372 1101 2409 sub
1121 2378 1232 2416 terra,
1253 2379 1295 2409 ut
1318 2385 1398 2411 mot
