1527 2661
383 187 536 216 LIBER
562 186 682 216 XXV·
716 186 823 215 CAP.
847 186 991 215 XXVI·
1161 184 1244 230 475

133 278 363 327 fugientem:
397 285 435 314 et
458 277 666 328 Epicydem
691 276 897 313 Marcellus
924 277 963 312 in
989 276 1121 313 urbem
1142 290 1245 313 com·
1259 285 1301 315 U.
1318 284 1355 314 C.
1373 292 1447 316 541³.

130 343 228 392 pulit
242 357 250 379 ε
274 341 529 391 satisquejam
548 343 661 378 etiam
678 342 715 378 in
733 348 927 391 posterum
943 340 1142 377 videbatur
1156 355 1246 391 pro-
1259 329 1296 358 Α·
1313 328 1350 360 C·
1366 335 1440 359 ²¹²·

129 406 265 449 visum,
296 418 344 442 ne
364 406 452 455 quid
483 405 531 441 ab
555 405 762 455 repentinis
797 417 928 440 eorum
958 405 1244 441 excursionibus

130 469 285 519 periculi
299 469 411 506 foret.
449 470 622 506 Accessit
640 476 679 506 et
697 468 927 519 pestilentia,
945 481 1145 505 commune
1164 482 1243 506 ma·
1257 466 1447 499 Pestilentia.

128 533 220 577 lum,
237 535 338 583 qnod
355 533 465 571 facile
481 541 729 583 utrorumque
748 534 895 570 animos
913 540 1098 570 averteret
1115 546 1137 569 a
1155 532 1246 570 belli

129 598 295 634 consiliis
313 613 319 634 :
342 611 431 635 nam
449 604 622 649 tempore
638 599 825 641 autumni,
843 604 881 634 et
896 597 989 634 locis
1006 604 1142 634 natura
1157 610 1245 646 gra-

128 662 251 705 vibus,
281 661 403 698 multo
433 668 561 698 tamen
592 663 712 711 magis
745 668 852 698 extra
885 662 1030 705 urbem,
1059 675 1172 711 quam
1204 663 1244 698 in

129 724 236 769 urbe,
257 725 496 762 intoleranda
516 726 569 761 vis
598 732 710 762 aestus
737 737 804 776 per
830 732 990 774 utraque
1020 732 1143 762 castra
1162 739 1244 762 om-

126 790 232 826 nium
251 789 370 825 ferme
396 802 555 840 corpora
575 790 707 826 movit.
761 789 815 825 Et
840 790 965 839 primo
992 790 1173 840 temporis
1201 801 1245 826 ac

125 852 202 890 loci
218 854 314 889 vitio
335 859 372 890 et
393 854 481 902 aegri
502 860 623 897 erant,
644 859 683 890 et
710 854 993 890 moriebantur:
1024 861 1159 903 postea
1179 867 1246 891 cu-

126 918 226 954 ratio
245 918 327 968 ipsa
354 924 393 954 et
420 924 618 954 contactus
647 930 835 967 aegrorum
853 918 1035 966 vulgabat
1061 917 1242 956 morbos:

126 987 170 1018 ut
189 988 255 1018 aut
274 981 438 1031 neglecti
457 982 684 1031 desertique,
706 983 770 1031 qui
794 983 1029 1026 incidissent,
1050 995 1245 1020 moreren-

126 1052 203 1089 tur,
224 1053 290 1082 aut
317 1047 529 1083 adsidentes
555 1053 805 1097 curantesque
832 1047 962 1083 eadem
980 1047 1018 1083 vi
1036 1047 1160 1083 morbi
1186 1059 1247 1084 re·

125 1109 250 1161 pletos
288 1123 415 1147 secum
451 1111 669 1147 traherent:
702 1111 1000 1159 quotidianaque
1035 1110 1172 1147 funera
1205 1117 1246 1148 et

126 1187 228 1211 mors
249 1174 299 1211 ob
318 1175 450 1211 oculos
467 1182 579 1219 esset,
601 1182 638 1212 et
658 1175 823 1224 undique
839 1175 917 1212 dies
932 1181 1141 1225 noctesque
1159 1174 1244 1225 plo-

126 1246 231 1276 ratus
265 1240 495 1276 audirentur.
551 1240 752 1277 Postremo
789 1241 844 1276 ita
877 1240 1124 1277 adsuetudine
1153 1238 1244 1276 mali

127 1302 374 1341 efferaverant
393 1305 554 1348 animos,
575 1311 618 1341 ut
646 1317 724 1341 non
747 1304 861 1341 modo
879 1303 1041 1340 lacrimis
1056 1303 1243 1354 justoque

126 1366 364 1418 comploratu
381 1375 699 1418 prosequerentur
713 1375 899 1413 mortuos,
920 1370 985 1406 sed
1003 1381 1051 1405 ne
1067 1368 1244 1405 efferrent

125 1431 290 1479 quidem,
319 1438 385 1468 aut
410 1432 628 1482 sepelirent,
645 1433 895 1483 jacerentque
922 1439 1042 1469 strata
1068 1433 1245 1469 exanima

124 1508 285 1546 corpora
318 1497 357 1532 in
391 1503 597 1548 conspectu
631 1497 790 1534 similem
824 1504 986 1534 mortem
1018 1504 1244 1547 exspectan·

124 1561 242 1606 tium3
276 1562 491 1610 mortuique
525 1574 660 1610 aegros,
693 1562 783 1610 aegri
814 1561 970 1604 validos,
1003 1574 1087 1597 cum
1121 1568 1242 1606 metu,

123 1629 205 1659 tum
224 1624 312 1661 tabe
332 1638 375 1661 ac
394 1626 577 1674 pestifero
597 1626 713 1662 odore
740 1638 959 1677 corporum,
981 1625 1213 1662 conficerent
1228 1641 1240 1662 2.

123 1694 175 1731 et,
204 1694 245 1724 ut
268 1689 369 1725 ferro
398 1691 524 1739 potius
552 1697 802 1733 morerentur,
831 1690 984 1740 quidam
1008 1690 1240 1727 invadebant

125 1752 195 1788 soli
214 1753 383 1790 hostium
399 1755 595 1791 stationes.
651 1754 782 1791 Multo
795 1760 923 1792 tamen
939 1755 993 1790 vis
1010 1754 1135 1804 major
1150 1767 1237 1804 pes-

124 1817 172 1851 tis
193 1816 399 1853 Poenorum
426 1824 563 1861 castra,
584 1831 695 1867 quam
717 1817 907 1860 Romana,
932 1818 1013 1865 (diu
1032 1819 1236 1855 circumse-

125 1880 247 1917 dendo
275 1882 492 1931 Syracusas,
521 1882 622 1918 coelo
652 1883 833 1931 aquisque
863 1883 1065 1919 adsuerant
1093 1884 1236 1932 magis)

122 1944 322 1982 adfecerat.
379 1945 439 1981 Ex
465 1946 632 1982 hostium
659 1947 827 1982 exercitu
848 1946 980 1989 Siculi,
1002 1952 1044 1983 ut
1070 1948 1236 1996 primum

121 2008 247 2045 videre
267 2022 313 2045 ex
329 2010 515 2057 gravitate
534 2009 607 2046 loci
625 2009 767 2059 vulgari
789 2011 957 2053 morbos,
974 2011 1013 2046 in
1029 2024 1114 2047 suas
1132 2012 1236 2060 quis·

121 2085 192 2121 que
208 2074 439 2122 propinquas
457 2073 565 2110 urbes
584 2073 716 2124 dilapsi
734 2082 822 2110 sunt
838 2089 844 2109 z
877 2082 917 2111 at
932 2075 1233 2124 Karthaginien-

119 2148 191 2179 ses,
212 2137 347 2185 quibus
374 2150 558 2186 nusquam
584 2144 755 2188 receptus
784 2145 878 2181 erat,
907 2152 991 2176 cuin
1018 2140 1108 2189 ipsis
1128 2140 1234 2176 duci-

1 2207 5 2250 i
118 2200 187 2237 bus
209 2200 447 2250 Hippocrate
466 2209 580 2250 atque
606 2202 839 2246 Himilcone,
861 2204 908 2241 ad
934 2204 1233 2240 internecionem

0 2255 3 2314 ξ
122 2277 252 2300 omnes
273 2266 477 2315 perierunt.
533 2266 752 2309 Marcellus,
773 2273 815 2302 ut
835 2273 941 2303 tanta
958 2268 1011 2302 vis
1033 2267 1234 2315 ingruebat

122 2327 224 2371 mali,
245 2329 461 2366 traduxerat
482 2330 520 2367 in
538 2330 669 2369 urbem
688 2343 775 2368 suos
793 2346 799 2368 :
833 2331 1055 2381 infirmaque
1072 2344 1237 2382 corpora
