1527 2661
84 283 171 313 U.C.
191 290 264 315 541.

78 327 117 356 A.
135 327 264 357 C.211.

80 407 255 438 Instructas

78 451 243 490 utrimque
276 469 282 477 ·

78 493 160 523 acies
177 501 260 524 tem-

79 544 181 573 pestas
197 538 243 566 di-

80 587 176 609 rimu.

73 2015 201 2044 Recedit

73 2057 248 2088 Hannibal.

275 185 364 229 514
741 187 785 214 T.
809 185 943 214 mvn

278 289 392 325 quum
408 276 494 319 fuit,
513 283 550 312 et
571 282 682 312 nocte
702 276 930 325 insequenti,
947 276 1056 313 multi
1076 283 1217 314 temere
1237 280 1392 316 excitati

276 341 459 377 tumultus
482 347 583 384 sunt,
605 341 897 390 compressiqne.

330 405 403 441 XI.
433 405 594 440 Postero
621 405 681 440 die
706 410 962 453 transgressus
982 405 1169 442 Anienem
1194 406 1392 443 Hannibal

273 482 311 505 1n
332 469 451 505 aciem
472 480 602 503 omnes
630 468 757 517 copias
785 467 940 504 eduxit:
973 481 1044 504 nec
1069 469 1226 505 Flaccus
1252 483 1390 506 consu-

273 533 401 582 lesque
428 539 619 568 certamen
646 533 915 569 detractavere.
974 532 1174 569 Instructis
1202 535 1390 584 utrimque

273 597 498 633 exercitibus
520 597 559 632 in
580 595 660 646 ejus
680 609 817 646 pugnae
842 609 983 639 casum,
1005 598 1044 633 in
1063 610 1138 646 qua
1157 598 1243 634 urbs
1264 598 1390 634 Roma

271 660 406 696 victori
432 660 629 710 przemium
656 665 768 702 esset,
791 659 910 696 imber
936 661 1069 709 ingens
1091 662 1274 710 grandine
1293 662 1391 698 mix-

270 733 331 761 tus
352 726 406 760 ita
427 731 624 773 utramque
644 725 762 760 aciem
784 724 964 768 turbavit,
986 731 1028 761 ut
1048 726 1111 761 vix
1130 726 1242 762 armis
1263 733 1390 762 reten-

271 790 318 824 tis
353 789 392 824 in
430 794 553 824 castra
589 800 669 823 sese
706 789 931 837 receperint,
963 789 1101 824 nullius
1139 790 1193 825 rei
1229 790 1390 834 minore,

270 866 383 902 quam
412 853 595 896 hostium,
626 859 741 889 metu.
799 853 851 888 Et
879 859 1034 902 postero
1061 853 1121 889 die
1149 854 1281 890 eodem
1304 854 1391 891 loco

268 917 368 953 acies
390 917 592 952 instructas
613 917 741 952 eadem
764 923 968 967 tempestas
992 918 1141 954 diremit
1160 934 1168 954 ε
1201 918 1267 955 ubi
1282 932 1390 956 rece-

269 981 413 1030 pissent
440 993 478 1016 se
507 981 542 1016 in
572 986 708 1022 castra,
734 981 829 1016 mira
853 982 1036 1017 serenitas
1065 995 1149 1017 cum
1174 983 1389 1031 tranquilli-

269 1051 348 1081 tate
369 1045 572 1081 oriebatur.
632 1044 677 1080 In
706 1044 930 1092 religionem
961 1057 1004 1081 ea
1034 1058 1091 1081 res
1122 1046 1220 1095 apud
1246 1047 1386 1084 Poenos

267 1120 373 1144 versa
390 1114 464 1143 est:
489 1108 692 1156 auditaque
708 1121 782 1143 vox
800 1108 1029 1144 Hannibalis
1047 1109 1179 1153 fertur,
1196 1111 1390 1149 Potiundae

268 1174 331 1208 sz‘bz'
350 1174 444 1208 urbis
465 1173 588 1208 Romae
606 1174 712 1209 modo
738 1178 891 1209 mentem
920 1187 988 1210 non
1019 1176 1112 1217 <lm-i,
1136 1177 1239 1211 modo
1257 1175 1388 1224 fortu-

270 1250 364 1273 nam.
414 1237 591 1273 Minuere
611 1238 725 1273 etiam
746 1250 850 1287 spem
872 1237 951 1287 ejus
973 1245 1009 1274 et
1030 1238 1126 1281 aliae,
1148 1252 1262 1288 parva
1282 1252 1387 1288 mag-

268 1313 405 1349 naque,
427 1313 484 1336 res
506 1316 511 1335 :
545 1314 683 1349 magna
711 1301 787 1344 illa,
807 1302 921 1349 quod,
943 1315 1059 1350 quum
1082 1303 1161 1352 ipse
1181 1303 1227 1339 ad
1247 1305 1389 1340 moenia

269 1365 372 1401 urbis
400 1365 534 1401 Romae
559 1372 724 1401 armatus
753 1366 913 1409 sederet,
935 1366 1072 1402 milites
1093 1367 1162 1403 sub
1183 1367 1327 1403 vexillis
1347 1369 1387 1404 in

269 1430 573 1480 supplementum
603 1430 800 1480 Hispaniae
834 1431 1025 1480 profectos
1056 1431 1227 1467 audivit:
1271 1445 1387 1482 parva

268 1499 409 1536 autem,
431 1494 530 1542 quod
558 1506 624 1543 per
651 1506 714 1529 eos
743 1494 819 1529 dies
848 1507 932 1530 eum
958 1494 1057 1530 forte
1081 1508 1226 1543 agrum,
1250 1496 1286 1531 in
1310 1509 1388 1544 quo

268 1560 347 1609 ipse
378 1567 500 1595 castra
530 1559 701 1601 haberet,
732 1560 893 1602 venisse,
921 1559 1016 1594 nihil
1043 1559 1092 1595 ob
1121 1559 1160 1594 id
1189 1560 1384 1596 deminuto

267 1623 404 1672 pretio,
426 1624 622 1672 cognitum
653 1636 698 1659 ex
727 1624 892 1672 quodam
922 1625 1071 1673 captivo
1101 1630 1169 1659 est.
1228 1623 1272 1659 Id
1295 1637 1384 1659 vero

267 1687 361 1723 adeo
399 1687 602 1737 superbum
640 1694 752 1736 atque
785 1688 983 1736 indignum
1016 1688 1150 1730 visum,
1185 1686 1264 1737 ejus
1299 1688 1384 1731 soli,

267 1752 367 1800 quod
394 1752 474 1802 ipse
502 1752 605 1788 bello
635 1760 787 1802 captum
815 1753 1024 1802 possideret
1052 1752 1298 1800 haberetque,
1325 1753 1384 1788 in-

265 1822 420 1852 ventum
440 1816 575 1852 Romae
597 1823 805 1861 emtorem5
837 1822 892 1859 ut,
916 1815 1106 1866 extemplo
1131 1823 1268 1852 vocato
1286 1829 1383 1866 prae-

266 1892 376 1922 cone,
397 1879 573 1916 tabernas
595 1880 842 1927 argentarias,
865 1892 946 1928 quae
966 1880 1065 1914 circa
1088 1878 1212 1914 forum
1238 1879 1385 1916 Roma-

266 1955 357 1980 num
377 1950 468 1978 tunc
489 1950 628 1986 essent,
643 1942 801 1992 jusserit
820 1944 960 1979 venire.
999 1942 1071 1978 His
1091 1949 1217 1978 motus
1239 1943 1285 1979 ad
1303 1943 1383 1979 Tu-

266 2008 357 2043 tiam
387 2008 542 2044 fluvium
573 2014 698 2043 castra
726 2007 868 2051 retulit,
890 2020 956 2044 sex
986 2007 1103 2043 millia
1131 2019 1308 2057 passuum
1335 2008 1382 2044 ab

267 2072 379 2108 urbe:
402 2072 489 2108 inde
510 2073 556 2108 ad
573 2071 699 2108 lucum
718 2071 891 2108 Feroniae
911 2072 1035 2122 pergit
1053 2072 1122 2114 ire,
1139 2071 1321 2120 templum
1341 2084 1386 2108 ea

267 2142 493 2185 tempestate
522 2136 695 2173 inclitum
725 2138 877 2174 divitiis.
937 2138 1148 2188 Capenates
1175 2136 1290 2185 aliqui
1319 2138 1385 2173 ad-

219 2202 222 2206 '
267 2198 359 2235 colae
380 2198 459 2249 ejus
480 2207 614 2245 erant3
647 2201 831 2251 primitias
858 2201 1010 2250 frugum
1038 2213 1083 2237 eo
1112 2201 1283 2249 donaque
1309 2200 1384 2237 alia

266 2275 334 2312 pro
361 2264 472 2312 copia
501 2270 711 2314 portantes,
736 2265 856 2300 multo
884 2278 976 2301 auro
1000 2270 1233 2313 argentoque
1254 2264 1291 2300 id
1316 2277 1381 2301 ex·

267 2333 442 2364 ornatum
462 2328 668 2366 habebant.
721 2329 794 2366 His
815 2330 991 2367 omnibus
1012 2329 1120 2365 donis
1140 2334 1221 2365 tum
1241 2327 1381 2380 spolia-

1491 1940 1498 1975 i
