1527 2661
298 148 351 188 80
753 159 797 187 Τ.
821 160 953 188 mvn

103 248 283 281 U.C.451.
350 246 396 283 V.
425 245 580 283 Nuncio
613 245 755 289 adlato,
777 247 940 283 dictator
970 248 1079 296 signa
1097 246 1200 291 ferri,
1232 260 1274 284 ac
1305 245 1409 297 sequi

102 292 138 321 A'
153 292 190 322 C‘
208 299 459 348 3⁰¹·armatos
480 310 593 361 jubet
607 327 617 356 3
651 311 716 347 sed
739 310 921 347 celeriora
950 325 1068 362 prope
1095 313 1223 348 omnia
1247 311 1407 362 imperio

293 383 411 414 erant.
454 377 584 428 Rapta
610 376 802 427 extemplo
832 378 942 425 signa
971 390 1172 426 armaque3
1205 382 1243 412 et
1267 377 1330 413 vix
1358 376 1406 412 ab

288 442 421 491 inpetu
444 447 482 477 et
511 454 622 477 cursu
651 441 903 486 tenebantur5
937 454 1051 490 quum
1084 442 1141 477 ira
1173 441 1220 477 ab
1250 446 1407 490 accepta

286 518 407 556 nuper
444 505 549 541 clade
587 504 821 547 stimulabat,
848 511 930 540 tum
967 504 1196 541 concitatior
1231 504 1403 541 accidens

286 569 429 606 clamor
465 569 513 606 ab
550 570 785 604 increscente
822 570 1040 604 certamine.
1090 567 1240 617 Urgent
1275 569 1403 617 itaque

284 621 355 670 alii*
377 615 487 676 alioos,
517 633 795 681 hortanturque
833 632 1049 682 signiferOS,
1079 638 1122 668 ut
1151 632 1255 668 ocius
1287 637 1399 668 eant:

282 710 357 747 quo
391 697 511 745 magis
545 695 770 733 festinantes
801 696 903 732 videt
926 696 1102 755 diffictator,
1130 709 1176 732 eo
1205 696 1400 746 inpensius

278 767 443 797 retentat
474 773 626 809 agmen,
646 773 690 796 ac
716 760 856 796 sensim
882 760 1056 797 incedere
1075 759 1200 810 jubet.
1247 758 1402 796 Etrusci

277 832 426 869 contra,
447 826 635 876 principio
655 826 769 862 exciti
794 838 946 876 pugnae,
968 825 1144 861 omnibus
1164 825 1282 875 copiis
1310 824 1399 861 ade-

277 898 375 927 rant.
417 891 470 927 Et
493 903 604 941 super
631 890 724 927 alios
754 890 818 926 alii
845 891 1029 927 nunciant
1049 890 1242 932 dictatori,
1264 902 1395 926 omnes

275 955 444 1005 legiones
473 955 724 992 Etruscorum
753 957 959 1006 capessisse
997 968 1187 1006 pugnam5
1219 968 1289 991 nec
1311 955 1396 1005 jam

274 1020 322 1056 ab
342 1021 417 1056 suis
438 1021 562 1056 resisti
585 1032 719 1070 posse:
753 1026 791 1056 et
810 1021 891 1070 ipse
911 1021 1032 1057 cernit
1052 1034 1099 1056 ex
1117 1020 1310 1070 superiore
1336 1019 1395 1056 lo-

272 1096 333 1127 co,
353 1084 393 1120 in
409 1089 553 1132 quanto
573 1083 789 1120 discrimine
808 1084 1023 1134 praesidium
1044 1090 1154 1121 esset.
1198 1084 1393 1128 Ceterum,

271 1148 362 1184 satis
381 1147 501 1183 fretus
528 1160 609 1183 esse
629 1147 743 1184 etiam
768 1161 870 1184 nunc
895 1148 1095 1184 tolerando
1115 1148 1312 1184 certamini
1337 1147 1392 1184 le·

270 1217 416 1260 gutum,
437 1223 507 1247 nec
527 1223 566 1246 se
585 1211 719 1260 procul
734 1211 865 1247 abesse
885 1211 1043 1261 periculi
1062 1211 1262 1255 vindicem,
1277 1224 1390 1261 quam

268 1275 432 1311 maxime
461 1274 542 1311 vult
560 1274 714 1323 fatigari
742 1276 908 1319 hostem,
940 1282 981 1312 ut
1009 1276 1166 1325 integris
1196 1276 1392 1312 adoriatur

267 1337 408 1375 viribus
428 1338 561 1374 fessos.
606 1338 847 1388 Quamquam
868 1339 969 1376 lente
988 1340 1213 1390 procedunt,
1225 1338 1309 1389 jam
1328 1345 1388 1375 ta-

267 1415 353 1439 men
373 1403 419 1439 ad
439 1403 610 1453 inpetum
629 1403 868 1453 capiendum,
889 1405 1008 1453 equiti
1033 1404 1176 1453 utique,
1197 1404 1388 1440 modicum

266 1473 348 1503 erat
366 1468 553 1517 spatium:
586 1468 707 1518 prima
726 1468 954 1504 incedebant
980 1470 1090 1518 signa
1107 1468 1316 1517 legionum,
1336 1480 1386 1504 ne

264 1531 354 1580 quid
373 1531 567 1568 occultum
596 1539 661 1568 aut
691 1533 931 1582 repentinum
961 1533 1082 1569 hostis
1112 1533 1286 1568 timeret:
1320 1533 1386 1569 sed

263 1596 468 1645 reliquerat
487 1596 688 1633 intervalla
707 1597 806 1633 inter
827 1598 976 1634 ordines
997 1598 1181 1648 peditum,
1199 1611 1273 1647 qua
1293 1598 1384 1634 satis

260 1658 348 1696 laxo
374 1660 500 1710 spatio
529 1661 613 1709 equi
644 1661 813 1710 permitti
843 1667 1011 1711 possent.
1054 1661 1202 1697 Pariter
1231 1661 1385 1698 sustulit

259 1723 466 1760 clamorem
495 1724 618 1770 aeies3
652 1730 689 1760 et
724 1726 879 1761 emissus
911 1738 1023 1774 eques
1053 1725 1174 1761 libero
1205 1737 1317 1762 cursu
1342 1725 1381 1761 in

258 1787 409 1824 hostem
438 1789 642 1832 invehitur,
674 1789 1013 1839 incompositisque
1044 1790 1220 1826 adversus
1248 1803 1380 1839 eques-

257 1857 352 1887 trem
371 1852 579 1903 procellam
601 1853 768 1889 subitum
799 1867 977 1903 pavorem
997 1855 1186 1891 obfundit.
1230 1854 1379 1904 Itaque,

257 1921 298 1951 ut
317 1929 435 1966 prope
456 1929 580 1952 serum
601 1917 784 1953 auxilium
796 1917 881 1967 jam
907 1931 1003 1968 pene
1024 1919 1303 1962 circumventiS,
1325 1919 1380 1956 ita

256 1981 430 2016 universa
445 1981 591 2029 requies
609 1981 698 2016 data
716 1987 773 2016 est
788 1995 795 2016 :
829 1982 969 2030 integri
985 1995 1163 2032 accepere
1182 1995 1348 2032 pugnam
1366 1997 1374 2019 ε

254 2056 323 2079 nec
340 2057 384 2080 ea
404 2044 486 2095 ipsa
501 2043 630 2092 longa,
648 2050 713 2080 aut
729 2057 866 2095 anceps
882 2044 967 2082 fuit.
997 2045 1087 2082 Fusi
1107 2046 1236 2082 hostes
1253 2052 1376 2083 castra

253 2114 445 2159 repetunt,
484 2108 808 2157 inferentibusque
835 2109 919 2159 jam
956 2110 1065 2158 signa
1095 2109 1282 2146 Romanis
1314 2124 1375 2147 ce-

253 2172 362 2216 dunt,
381 2179 419 2209 et
439 2174 477 2210 in
500 2173 671 2210 ultimam
691 2182 900 2210 castrorum
917 2184 1064 2224 partem
1080 2175 1373 2225 conglobantur.

252 2236 413 2274 Haerent
433 2238 623 2287 fugientes
642 2240 681 2274 in
701 2240 886 2288 angustiis
908 2247 1126 2289 portarurn:
1159 2253 1245 2290 pars
1266 2253 1372 2289 mag—

252 2313 300 2336 na
321 2314 495 2351 aggerem
521 2303 734 2354 vallumque
755 2306 1029 2348 conscendunt,
1052 2305 1081 2339 si
1103 2313 1167 2341 aut
1195 2318 1240 2343 ex
1260 2318 1369 2356 supe-
