1527 2661
402 210 556 239 LIBER
581 208 725 239 XXIV.
758 209 864 238 CAP.
888 210 970 239 111.
1156 209 1239 256 373

184 295 247 334 ΙΙΙ
252 326 259 335 .
298 297 398 335 Urbs
436 298 555 334 Croto
592 310 740 334 murum
777 299 815 334 in
852 298 1012 334 circuitu
1046 304 1239 348 patentem
1252 307 1342 337 U.C.
1361 311 1436 341 537.

130 363 328 401 duodecim
347 364 465 401 millia
484 377 662 415 passuum
677 363 825 408 habuit,
842 372 930 401 ante
949 364 1085 414 Pyrrhi
1104 366 1143 401 in
1159 365 1240 402 Ita-
1252 352 1291 381 Α·
1307 350 1345 381 C·
1361 357 1435 382 ²²⁵·

127 427 218 463 liam
238 427 459 464 adventum:
492 434 578 478 post
598 429 815 464 vastitatem
834 441 880 464 eo
899 427 999 464 bello
1018 428 1159 465 factam
1178 429 1242 466 vix

127 503 213 541 pars
233 492 387 529 dimidia
406 492 669 529 habitabatur:
695 493 849 535 fiumen,
867 492 968 542 quod
988 493 1112 529 medio
1132 494 1242 543 oppi-

126 555 176 591 do
201 555 373 600 fluxerat,
398 563 505 593 extra
529 556 742 605 frequentia
767 557 876 592 tectis
903 555 988 593 loca
1012 557 1242 606 praeterflue-

127 616 195 655 bat
214 634 220 654 τ
253 625 292 654 et
311 632 375 656 arx
396 619 528 670 procul
547 621 607 663 iis,
628 633 709 669 quae
733 619 1016 657 habitabantur.
1063 620 1136 656 Sex
1155 621 1241 657 mil-

126 682 179 719 lia
206 683 337 720 aberat
365 684 412 720 ab
443 684 534 719 urbe
559 683 680 719 nobili
705 683 888 733 templum
917 685 1015 733 (ipsa
1041 684 1133 721 urbe
1159 692 1239 722 erat
1251 689 1391 763 {aciniae

1272 742 1389 764 UDODXS

127 747 311 794 nobilius)
339 747 508 784 Laciniae
532 747 711 790 Junonis,
738 753 910 784 sanctum
935 748 1111 785 omnibus
1140 749 1426 817 Circatemplum.

126 804 289 861 populis.
335 811 464 847 Lucus
483 811 551 853 ibi,
571 810 760 859 frequenti
781 811 876 846 silva
894 816 932 846 et
950 812 1115 861 proceris
1135 813 1240 850 abie-

123 875 174 910 tis
201 874 398 910 arboribus
425 880 566 924 septus,
594 873 680 910 laeta
708 874 747 909 in
774 874 898 909 medio
923 886 1064 924 pascua
1090 876 1241 920 habuit,

127 938 192 974 ubi
207 939 329 974 omnis
349 939 496 986 generis
514 950 661 974 sacrum
676 937 770 973 Deae
786 938 1012 987 pascebatur
1031 951 1143 988 pecus
1159 941 1242 977 sine

127 1001 204 1038 ullo
223 1008 376 1052 pastore
394 1016 401 1037 ε
435 1002 712 1051 separatimque
731 1003 871 1050 egressi
891 1001 1072 1052 cujusque
1092 1004 1239 1051 generis

127 1079 258 1115 greges
282 1072 395 1102 nocte
420 1065 641 1102 remeabant
667 1066 712 1102 ad
732 1065 895 1108 stabula,
915 1079 1121 1115 numquam
1150 1068 1240 1103 insi-

116 1131 196 1166 -diis
222 1129 399 1172 ferarum,
426 1142 505 1165 non
530 1129 660 1166 fraude
681 1129 811 1165 violati
838 1130 1048 1166 hominum.
1104 1130 1242 1179 Magni

127 1195 243 1243 igitur
268 1193 411 1230 fructus
438 1207 485 1229 ex
511 1206 555 1229 eo
583 1206 718 1242 pecore
743 1194 859 1242 capti,
881 1193 1130 1243 columnaque
1154 1195 1240 1230 inde

128 1270 241 1293 aurea
259 1257 381 1293 solida
398 1257 514 1299 facta,
535 1262 574 1292 et
593 1262 740 1292 sacrata
760 1263 818 1292 est
837 1272 844 1293 ε
877 1257 1124 1306 inclitumque
1143 1264 1240 1294 tem—

126 1322 244 1372 plum,
277 1322 416 1357 divitiis
450 1322 578 1364 etiam,
613 1333 691 1356 non
724 1327 873 1356 tantum
907 1322 1122 1364 sanctitate,
1155 1321 1241 1359 fuit.

127 1387 184 1422 Ac
209 1384 389 1420 miracula
415 1384 541 1432 aliqua
566 1383 810 1431 adfinguntur
834 1383 1053 1433 plerumque
1077 1390 1154 1419 tam
1182 1385 1241 1421 iu-

127 1448 297 1497 signibus
330 1447 435 1483 locis.
466 1447 610 1483 ‘Fama
637 1453 708 1490 est,
739 1459 842 1483 aram
876 1459 955 1482 esse
985 1448 1023 1482 in
1052 1447 1241 1483 vestibulo

125 1511 270 1561 templi,
293 1509 398 1560 cujus
426 1511 589 1546 cinerem
614 1509 720 1545 nullo
747 1522 924 1558 umquam
950 1510 1092 1546 moveri
1113 1516 1239 1547 vento.

125 1575 200 1611 Sed
226 1587 293 1610 arx
323 1575 517 1617 Crotonis,
540 1588 615 1611 una
640 1582 746 1624 parte
770 1576 960 1611 inminens
983 1576 1092 1619 mari,
1118 1575 1238 1612 altera
1251 1581 1317 1629 Arx
1334 1572 1444 1610 Crotd-

125 1645 304 1687 vergente
332 1640 371 1674 in
401 1651 547 1687 agrum,
575 1640 651 1674 situ
678 1646 827 1675 tantum
856 1639 1020 1675 naturali
1046 1640 1239 1688 quondam
1250 1633 1299 1653 ¹¹¹⁵
1311 1623 1442 1654 desen*

125 1703 286 1744 munita,
305 1711 439 1752 postea
463 1710 501 1739 et
529 1716 638 1739 muro
663 1704 788 1739 cincta
815 1710 885 1746 est,
907 1715 978 1752 qua
998 1715 1065 1752 per
1090 1716 1238 1740 aversas

126 1778 236 1816 rupes
256 1765 303 1802 ab
323 1765 513 1815 Dionysio
542 1767 677 1803 Siciliae
696 1773 860 1816 tyranno
879 1779 946 1816 per
968 1766 1096 1803 dolum
1116 1767 1240 1803 fuerat

126 1836 249 1879 capta.
305 1830 403 1865 Eam
436 1836 516 1865 tum
550 1843 688 1873 arcem,
722 1832 828 1873 satis,
865 1836 906 1866 ut
935 1830 1146 1873 videbatur,
1177 1836 1238 1866 tu-

126 1901 219 1935 tam,
259 1893 526 1928 Crotoniatum
563 1894 764 1942 optimates
802 1888 997 1937 tenebant,
1037 1894 1238 1929 circumse-

125 1957 238 1992 dente
257 1969 341 1992 cum
368 1956 529 1993 Bruttiis
549 1970 613 1993 eos
634 1959 747 1993 etiam
774 1957 882 2008 plebe
902 1970 980 1993 sua.
1037 1957 1237 1993 Postremo

123 2019 281 2062 Bruttii,
303 2032 416 2068 quum
443 2021 519 2056 suis
548 2021 688 2056 viribus
715 2020 1049 2070 inexpugnabilem
1069 2021 1238 2056 viderent

123 2096 262 2126 arcem,
283 2084 405 2119 coacti
424 2086 664 2127 necessitate,
685 2085 890 2120 Hannonis
911 2084 1091 2120 auxilium
1112 2084 1238 2133 inplo-

122 2154 220 2184 rant.
277 2147 314 2183 Is
353 2149 635 2185 conditionibus
669 2149 715 2185 ad
748 2149 978 2184 deditionem
1011 2147 1237 2196 compellere

123 2211 370 2247 Crotoniatas
402 2219 575 2256 conatus,
610 2221 652 2248 ut
688 2213 877 2249 coloniam
914 2212 1154 2248 Bruttiorum
1190 2224 1236 2247 eo

68 2311 70 2313 ,
121 2274 270 2318 deduci,
306 2276 576 2325 antiquamque
612 2276 864 2325 frequentiam
902 2287 1032 2311 eorum
1069 2274 1235 2323 recipere

123 2345 266 2376 vastam
294 2352 339 2376 ac
372 2339 558 2387 desertam
585 2339 694 2377 bellis
727 2340 859 2377 urbem
889 2344 1121 2390 paterentur,
1152 2348 1235 2373 om·
