1527 2661
299 201 453 230 Lmen
478 201 634 230 xx111.
670 200 777 229 CAP.
801 200 947 229 κων,
1091 188 1172 243 361

65 295 132 326 aut
149 289 325 333 fortunae,
346 296 412 326 aut
439 296 581 326 temere
603 289 706 325 hosti
726 289 968 325 commissum
988 288 1061 325 dici
1087 301 1176 339 pos·
1191 292 1232 322 U.
1243 291 1279 321 C.
1299 297 1373 326 537.

67 360 146 390 set:
179 354 392 404 explorato,
430 368 516 390 cum
547 354 737 403 firmisque
771 353 969 404 praesidiiS,
1003 359 1089 389 tuto
1118 366 1176 390 re-
1189 336 1230 366 A·
1242 335 1373 367 C'²¹⁵'

66 419 180 467 cept'u
213 419 422 468 praedatum
460 419 578 455 ierat:
616 418 832 466 omniaque,
868 417 969 454 velut
1001 418 1178 456 adversus

64 488 289 532 praesentem
316 482 591 525 Hannibalem,
622 487 735 518 cauta
762 481 990 531 provisaque
1011 481 1179 520 fuerunt.

62 545 177 589 Tum,
195 546 259 583 ubi
279 548 397 583 sensit
416 548 565 583 hostem
585 546 802 588 adventare,
819 546 947 596 copias
963 547 1064 583 intra
1082 560 1177 584 moe-

63 610 128 646 nia
151 611 297 647 tenuit:
329 624 397 661 per
421 623 549 647 muros
575 609 810 646 inambulare
836 616 1028 647 senatores
1055 611 1178 648 Nola·

62 686 132 710 nos
146 673 276 724 jussit,
294 681 332 711 et
346 676 475 712 omnia
489 676 590 711 circa
604 674 815 725 explorare,
831 688 913 724 quae
934 675 1031 725 apud
1047 676 1176 712 hostes

63 737 207 774 fierent.
262 738 324 774 Ex
350 739 394 774 iis
415 739 573 782 Hanno,
594 751 710 787 quum
729 738 776 774 ad
802 751 950 774 murum
976 740 1176 775 successis-
1187 752 1329 784 Anffmoe

61 807 132 843 set,
153 801 390 838 Herennium
406 803 568 838 Bassum
587 808 624 838 et
640 802 801 838 Herium
817 803 1000 847 Pettium,
1017 803 1064 839 ad
1084 817 1175 840 con-
1188 796 1399 869 Nolanffium·

61 863 233 913 loquium
269 872 462 908 evocatos,
499 866 759 915 permissuque
786 865 959 902 BIarcelli
990 879 1175 916 egressos,
1188 845 1288 912 {⁶}ss3}
1335 849 1393 870 an-

62 941 129 978 per
165 929 411 979 interpretem
444 929 672 979 adloquitur.
730 929 960 966 Hannibalis
998 932 1178 968 virtutem

61 992 330 1042 fortunamque
350 993 524 1030 extollit:
556 993 688 1044 populi
703 993 871 1030 Romani
887 994 1030 1030 obterit
1049 1008 1177 1032 senes-

63 1062 209 1093 centem
241 1070 327 1093 cum
354 1057 495 1094 viribus
526 1057 775 1107 majestatem.
836 1059 922 1100 Quae
942 1061 972 1095 si
996 1062 1104 1107 paria
1123 1072 1177 1096 es-

61 1126 150 1163 sent,
171 1126 213 1157 ut
231 1123 409 1170 quondam
419 1121 592 1170 fuissent,
614 1126 734 1157 tamen
760 1125 923 1170 expertis,
945 1135 1051 1171 quam
1066 1136 1178 1171 grave

64 1187 267 1221 Romanum
286 1187 474 1233 imperium
493 1188 607 1228 sociis,
629 1192 766 1234 quanta
791 1188 1013 1234 indulgentia
1031 1189 1176 1224 Haimi-

62 1249 150 1285 balis
174 1252 281 1286 etiam
316 1251 352 1285 in
381 1253 540 1299 captivos
566 1263 684 1286 omnes
704 1252 827 1287 Italici
852 1254 1006 1288 nominis
1026 1252 1174 1301 suisset,

61 1315 239 1350 Punicam
259 1314 433 1350 Romanae
456 1316 661 1350 societatem
688 1320 794 1363 atque
811 1317 1011 1352 amicitiam
1032 1329 1175 1365 praeop-

61 1379 211 1414 tandam
229 1390 309 1414 esse.
367 1380 410 1414 Si
428 1379 528 1415 ambo
548 1381 704 1415 consules
722 1392 800 1415 cum
817 1381 889 1415 sais
903 1381 1110 1417 exercitibus
1129 1384 1177 1417 ad

60 1442 194 1480 Nolam
213 1447 338 1485 essent,
361 1447 479 1478 tamen
498 1455 568 1478 non
587 1445 702 1490 magis
722 1456 831 1490 pares
849 1444 1047 1480 Hannibali
1061 1444 1175 1493 futu-

57 1518 127 1548 ros,
145 1518 252 1553 quam
266 1507 315 1542 ad
332 1505 472 1542 Cannas
479 1505 638 1554 fuissent
650 1522 663 1543 .-
689 1508 815 1543 nedum
828 1513 962 1555 praetor
976 1520 1078 1551 unu-5,
1095 1521 1175 1545 cum

55 1571 181 1617 paucis
194 1574 230 1605 et
244 1570 343 1606 novis
356 1570 541 1612 militibus,
558 1570 692 1605 Nolam
709 1573 823 1606 tutari
836 1572 947 1618 possit
961 1588 972 1607 .·
1000 1574 1172 1619 ipsorum,

58 1645 164 1680 quain
183 1632 414 1675 Hannibalis,
435 1634 612 1675 interesse,
634 1638 742 1681 capta
761 1646 808 1669 an
831 1636 971 1670 tradita
992 1636 1088 1671 Nola
1105 1649 1172 1684 po-

59 1698 185 1732 tiretur
198 1712 209 1732 .·
236 1699 435 1744 potiturum
457 1698 563 1739 enim,
582 1702 623 1733 ut
644 1697 770 1744 Capua
789 1699 1013 1746 Nuceriaque
1033 1701 1172 1747 potitus

57 1766 167 1796 esset:
195 1761 269 1802 sed,
291 1761 376 1808 quid
395 1762 488 1796 inter
508 1761 641 1808 Capuoe
660 1762 891 1810 Nuceriaque
898 1762 1092 1810 fortunam
1113 1765 1169 1799 in-

57 1829 209 1866 teresset,
231 1826 324 1872 ipsos
338 1837 452 1872 prope
471 1825 508 1861 in
528 1825 644 1860 medio
661 1827 746 1862 sitos
760 1826 922 1862 Nolanos
938 1829 1038 1864 scire.
1075 1828 1168 1864 Nol-

57 1889 88 1924 le
106 1890 272 1930 ominari,
293 1901 370 1935 quae
394 1893 508 1936 capta>
531 1889 608 1925 urbi
633 1902 772 1926 cessura
786 1889 942 1938 forent:
965 1893 1026 1927 secl
1047 1894 1169 1940 potius

53 1953 238 2000 spondere,
262 1954 293 1988 si
311 1953 529 1989 [Marcellum
557 1966 636 1991 cum
661 1956 828 2002 praesidio
856 1968 899 1991 ac
927 1957 1060 1992 Nolam
1090 1962 1166 1993 tra-

53 2017 235 2058 didissent,
265 2018 439 2052 neminem
467 2019 592 2060 alium,
614 2031 721 2065 quam
750 2021 856 2066 ipsos,
884 2021 1007 2067 legem,
1029 2033 1100 2069 qua
1129 2023 1167 2057 in

50 2080 252 2115 societatem
288 2081 554 2129 amicitiamque
583 2081 802 2118 Hannibalis
835 2085 1008 2126 venirent,
1047 2085 1165 2121 dictu-

48 2154 140 2178 rum.

103 2204 250 2242 XLIV.
280 2206 340 2242 Ad
357 2219 402 2242 ea
420 2206 638 2252 Herennius
654 2208 794 2245 Bassus
811 2210 1005 2259 respondit
1021 2224 1027 2245 :
1061 2211 1164 2247 Mul-

53 2273 106 2305 tos
133 2281 242 2310 annos
259 2268 342 2315 jam
369 2272 461 2306 inter
485 2271 688 2308 Romanum
711 2273 964 2322 Nolanumque
987 2275 1164 2322 populum

52 2333 245 2368 amicitiam
269 2346 352 2379 esse,
383 2334 481 2381 cujus
507 2340 650 2372 neutros
677 2338 726 2373 ad
754 2349 833 2375 eam
850 2339 943 2376 diem
965 2340 1162 2388 poenitere,-
1186 2385 1191 2387 Α

0 2394 3 2429 Ι
106 2394 205 2432 VoL.
226 2394 279 2433 11.
586 2398 626 2435 R
