1527 2661
334 133 416 187 358
800 144 845 171 τ.
870 143 1003 172 mvn

142 242 171 272 U
195 242 232 272 C.
249 250 319 281 537.
335 238 613 289 receptaculum
632 237 727 273 fuit:
761 249 873 285 quam
899 235 1084 279 Manlius,
1109 237 1253 272 victore
1280 237 1447 274 exercitu

141 285 230 315 A'C‘
248 294 546 351 ²¹⁵·adgressus,
575 303 674 337 intra
703 313 843 350 pancos
867 300 944 336 dies
975 301 1130 349 recepit.
1187 300 1336 337 Deinde
1366 302 1447 338 aliae

334 380 484 416 quoque
512 367 697 407 civitates,
720 378 802 413 quae
833 365 878 399 ad
908 363 1201 412 Hampsicoram
1234 364 1450 414 Poenosque

333 431 563 472 defecerant,
586 429 779 466 obsidibus
801 429 911 469 datis,
933 428 1156 463 dediderunt
1176 440 1279 464 sese:
1311 429 1447 477 quibus

333 495 524 543 stipendio
544 493 810 540 frumentoque
840 492 1041 541 imperato,
1072 503 1141 540 pro
1172 491 1353 541 cujusque
1383 499 1449 529 aut

333 558 474 593 viribus
502 564 568 593 aut
587 557 740 598 delicto,
763 555 916 591 Carales
937 555 1145 591 exereitum
1172 556 1333 592 reduxit.
1390 556 1451 592 Ibi

136 625 316 657 Perdomita
332 621 491 658 navibus
518 622 642 670 longis
674 620 858 661 deductis,
890 619 1147 669 inpositoque,
1179 632 1290 667 quem
1323 632 1450 657 secum

139 669 293 700 Sardinia.
333 686 549 729 advexerat,
589 684 722 726 milite,
755 683 922 719 Romam
960 683 1128 730 navigat,
1163 682 1450 733 Sardiniamque

332 750 583 800 perdomitam
612 749 770 784 nunciat
798 746 998 783 Patribus:
1031 753 1070 782 et
1096 746 1325 796 stipendium
1347 760 1449 796 quae-

332 814 512 858 storibuS,
549 814 781 850 frumentum
816 811 1001 854 aedilibus,
1035 811 1279 860 captivosque
1315 811 1450 849 Fulvio

333 879 489 928 praetori
508 876 675 913 tradidit.
713 875 786 910 Per
805 875 903 910 idem
919 881 1067 925 tempus
1087 873 1132 910 T.
1148 873 1335 910 Otacilius
1351 888 1448 925 prae-

332 947 407 985 tor,
428 941 705 990 quinquaginta
723 939 875 975 navium
892 938 938 974 ab
957 938 1130 988 Lilybaeo
1151 937 1268 974 classe
1288 938 1327 974 in
1342 938 1448 975 Afri-

331 1018 415 1042 cam
443 1011 693 1046 transvectus,
723 1002 1051 1052 depopulatusque
1079 1016 1211 1051 agrum
1237 1002 1448 1053 Karthagi-

331 1070 516 1112 niensem,
546 1081 662 1117 quum
694 1067 906 1103 Sardiniam
935 1067 1023 1102 inde
1051 1072 1211 1116 peteret,
1243 1080 1318 1115 quo
1347 1067 1451 1104 fama

329 1140 411 1181 erat
427 1131 708 1169 Hasdrubalem
725 1144 745 1166 a
760 1130 974 1166 Baliaribus
988 1143 1108 1180 nuper
1124 1129 1333 1180 trajecisse,
1352 1131 1448 1167 clas-

331 1197 362 1232 si
382 1196 551 1233 Africam
581 1194 768 1246 repetenti
789 1194 971 1237 obcurrit,
1001 1193 1149 1242 levique
1176 1195 1381 1230 certamine
1409 1195 1449 1231 in

332 1260 412 1296 alto
434 1261 651 1302 commisso,
673 1264 816 1309 septem
844 1258 931 1294 inde
955 1270 1068 1293 naves
1090 1270 1174 1293 cum
1194 1258 1305 1293 sociis
1332 1271 1448 1294 nava-

330 1323 428 1360 libus
456 1326 578 1375 cepit:
611 1331 754 1360 ceteras
785 1329 906 1358 metus
936 1322 1037 1358 haud
1067 1334 1187 1364 semu,
1210 1335 1321 1370 quam
1350 1329 1447 1358 tem·

330 1395 470 1438 pestas,
502 1390 642 1439 passim
671 1386 831 1437 disjecit.
888 1385 961 1422 Per
991 1387 1141 1422 eosdem
1171 1386 1270 1422 forte
1299 1387 1377 1422 dies
1411 1392 1448 1422 et

330 1451 524 1488 Bomilcar
551 1464 637 1487 cum
663 1449 861 1493 militibus,
882 1450 928 1486 ad
955 1450 1257 1500 supplementum
1279 1450 1448 1487 Kartha-

330 1516 418 1563 gine
434 1517 572 1559 missis,
592 1515 892 1565 elephantisque,
915 1520 952 1549 et
972 1520 1199 1556 commeatu,
1217 1512 1362 1550 Locros
1383 1527 1446 1551 ac-

331 1580 467 1615 cessit:
500 1592 611 1628 quem
633 1585 673 1613 ut
695 1579 888 1613 incautum
911 1576 1142 1627 obprimeret
1161 1577 1234 1626 Ap.
1250 1576 1444 1621 Claudius,

332 1655 398 1692 per
413 1642 694 1678 simulationem
715 1641 918 1691 provinciae
935 1640 1209 1676 circumeundae
1225 1640 1444 1678 Messanam

330 1707 468 1757 raptim
488 1707 657 1743 exercitu
677 1705 806 1748 ducto,
825 1711 918 1741 aestu
935 1705 1100 1741 secundo
1116 1703 1262 1741 Locros
1283 1704 1444 1755 trajecit.

329 1770 416 1807 Jam
443 1772 530 1807 inde
550 1769 744 1807 Bomilcar
771 1770 815 1806 ad
838 1768 1070 1805 Hannonem
1099 1769 1134 1804 in
1155 1768 1328 1804 Bruttios
1354 1782 1443 1819 pro·

328 1834 449 1871 fectus
470 1841 565 1877 erat,
587 1841 625 1870 et
639 1834 850 1870 Locrenses
866 1841 996 1885 portas
1013 1833 1198 1870 Romanis
1215 1834 1442 1874 clauserunt.

326 1899 474 1948 Appius
494 1910 635 1946 magno
656 1904 795 1933 conatu
818 1898 922 1934 nulla
941 1911 980 1933 re
1001 1904 1120 1946 gesta,
1141 1897 1360 1934 Messanam
1385 1910 1445 1935 re-

326 1962 433 2012 petit.
490 1961 636 1997 Eadem
673 1967 802 1997 aestate
839 1961 1043 1997 Marcellus
1088 1960 1135 1997 ab
1173 1960 1290 2003 Nola,
1329 1975 1443 2010 quam

326 2025 501 2075 praesidio
531 2024 745 2069 obtinebat,
778 2024 926 2060 crebras
960 2025 1200 2061 excursiones
1238 2026 1276 2060 in
1310 2038 1442 2074 agrum

326 2088 532 2139 Hirpinum
553 2095 590 2124 et
611 2089 797 2124 Sanmites
815 2089 1007 2125 Caudinos
1027 2088 1140 2124 fecit:
1173 2088 1341 2138 adeoque
1360 2077 1443 2126 om·

325 2154 389 2189 nia
408 2153 508 2188 ferro
529 2158 642 2200 atque
664 2152 741 2200 igni
762 2153 937 2195 vastavit,
956 2158 997 2188 ut
1017 2153 1257 2201 antiquarum
1275 2152 1438 2190 cladium

326 2217 482 2253 Samnio
502 2217 723 2252 memoriam
743 2223 955 2253 renovaret.

379 2280 511 2317 XLII.
559 2279 693 2329 Itaque
721 2280 912 2331 extemplo
941 2280 1072 2329 legati,
1100 2280 1144 2317 ad
1177 2279 1434 2318 Hannibalem
