1527 2661
125 281 168 311 U.
181 279 218 309 C.
235 285 306 311 5239.

125 324 164 353 Α.
180 322 216 354 C.
234 328 306 353 213.

123 1319 269 1353 Celtiberi

122 1364 214 1407 primi

124 1408 268 1441 mercede

123 1453 264 1484 militant

120 1496 204 1537 apud
221 1494 284 1524 Ro-

123 1547 249 1572 manos.

315 185 399 228 432
773 185 819 213 T.
847 183 980 214 L1v11

320 275 436 310 citum
473 275 663 310 mitteret:
696 275 774 323 qui,
805 274 1186 323 Karthaginiensium
1214 274 1427 323 legionibus

320 339 548 390 conjuncti&
579 352 719 387 magno
742 340 877 389 proelio
908 340 1118 389 Syphacem
1138 341 1286 377 devicit.
1342 341 1429 377 Tri-

320 406 429 453 ginta
447 404 563 440 millia
582 416 626 439 eo
643 404 777 453 proelio
794 405 991 439 hominum
1009 417 1105 440 caesa
1120 405 1306 440 dicuntur.
1359 405 1428 454 Sy-

320 470 420 520 phax
437 481 522 505 cum
542 469 669 518 paucis
689 468 876 516 equitibus
893 469 931 503 in
951 467 1168 504 Maurusios
1185 482 1231 505 ex
1251 469 1330 505 acie
1344 469 1431 505 Nu-

318 535 437 570 midas
462 533 637 579 (extremi
667 545 784 581 prope
810 544 994 568 oceanum
1024 532 1199 567 adversus
1220 533 1343 569 Gades
1365 546 1430 569 co-

318 598 418 644 lunt)
441 597 603 645 refugit:
637 596 963 644 adfluentibusque
991 596 1037 632 ad
1057 595 1197 632 famam
1217 595 1296 646 ejus
1322 597 1429 633 undi-

317 674 390 711 que
419 661 604 703 barbaris,
636 661 807 709 ingentes
836 659 942 695 brevi
972 660 1099 710 copias
1130 661 1311 696 armavit:
1341 674 1430 698 cum

318 726 452 775 quibus
483 731 685 773 antequam
714 725 752 760 in
784 724 1011 773 Hispaniam
1039 730 1203 772 angusto
1232 725 1430 762 diremtam

318 791 416 827 freto
443 788 647 839 trajiceret,
667 789 872 825 Masinissa
900 801 984 824 cum
1003 789 1147 824 victore
1167 790 1334 825 exercitu
1363 789 1429 825 ad·

318 856 443 890 venit:
476 855 581 902 isque
601 853 654 889 ibi
679 866 762 889 cum
786 853 957 902 Syphace
983 852 1128 900 ingenti
1149 851 1270 900 gloria
1288 866 1354 902 per
1373 865 1427 897 se,

317 919 399 954 sine
428 918 511 954 ullis
542 917 923 965 Karthaginiensium
952 916 1102 966 opibus,
1130 917 1246 964 gessit
1274 916 1429 954 bellum.

320 983 365 1019 In
393 982 582 1031 Hispania
607 980 702 1016 nihil
728 980 971 1016 memorabile
992 987 1156 1028 gestum,
1176 987 1428 1031 praeterquam

317 1047 418 1096 quod
446 1045 680 1082 Celtiberam
706 1044 949 1094 juventutem
979 1045 1109 1080 eadem
1139 1045 1323 1088 mercede,
1354 1059 1429 1095 qua

315 1117 427 1162 pacta
446 1123 531 1146 cnm
552 1108 938 1156 Karthaginiensibus
965 1114 1058 1150 erat,
1080 1108 1325 1157 imperatores
1344 1108 1428 1146 Ro-

315 1174 418 1210 mani
438 1174 485 1209 ad
511 1185 549 1208 se
578 1172 857 1222 perduxerunt:
890 1177 926 1206 et
946 1170 1202 1207 nobilissimos
1231 1171 1426 1222 Hispanos

316 1250 429 1288 snpra
445 1242 634 1272 trecentos
652 1236 690 1270 in
706 1234 857 1270 Italiam
874 1234 920 1270 ad
935 1233 1194 1270 sollicitandos
1211 1235 1425 1285 populareS,

317 1301 381 1350 qui
411 1301 508 1336 inter
537 1298 679 1334 auxilia
708 1296 936 1333 Hannibalis
970 1304 1091 1339 erant,
1129 1297 1325 1335 miserunt.
1381 1299 1428 1336 Id

314 1365 429 1401 modo
450 1364 529 1414 ejus
560 1363 649 1399 anni
677 1363 715 1398 in
745 1362 934 1413 Hispania
953 1362 1000 1398 ad
1028 1363 1249 1398 memoriam
1278 1362 1426 1412 insigne

316 1435 386 1471 est,
408 1427 508 1476 qnod
537 1426 809 1462 mercenarium
841 1424 998 1461 militem
1017 1425 1056 1461 in
1077 1426 1208 1461 castris
1237 1426 1426 1463 neminem

316 1499 417 1535 ante,
439 1504 550 1542 quam
569 1498 649 1528 tum
671 1490 896 1532 Celtiberos,
916 1489 1083 1526 Romani
1103 1489 1327 1527 habuerunt.
