1527 2661
132 286 174 316 U.
189 287 225 317 C.
244 294 316 319 538.

132 330 171 360 A.
188 329 223 360 C.
243 338 315 363 214.

328 198 409 240 412
786 203 829 232 T.
853 203 986 233 mvn

329 292 390 333 eis,
408 293 481 339 qui,
501 297 592 327 metu
610 292 773 340 obpressi,
783 293 991 341 foecliooem,
1009 306 1078 329 non
1097 296 1218 332 exsilio
1236 297 1362 340 solum,
1378 298 1440 335 sed

325 357 435 392 etiam
457 362 580 399 morte,
599 359 803 393 servitutem
822 360 1025 405 potiantur.
1069 360 1144 395 Nec
1163 361 1292 397 caeclem
1309 361 1437 410 nefan-

324 421 408 456 dam
435 423 609 457 sociorum
638 423 789 458 inultam
818 423 996 458 Romanos
1022 435 1199 471 passuros.
1256 426 1385 474 Itaque
1407 429 1439 463 si

325 486 385 527 eis,
408 488 468 533 qui
488 487 535 521 ad
552 498 588 521 se
605 485 854 534 perfugerunt,
873 491 968 522 tutus
988 488 1021 521 in
1038 489 1199 534 patriam
1214 491 1352 526 reditus
1367 503 1436 539 pa-

324 554 426 591 teret,
453 551 556 586 caeclis
581 556 742 586 ciztctores
761 552 952 593 dedantur,
973 556 1008 587 et
1028 552 1170 588 libertas
1189 554 1347 602 legesque
1367 555 1436 603 Sy-

320 615 507 650 racusanis
524 616 773 657 restituantur,
794 614 884 650 nihil
903 617 1013 651 armis
1032 628 1117 663 opus
1135 628 1229 652 esse:
1257 619 1286 653 si
1305 630 1346 654 ea
1365 631 1435 654 non

313 679 422 727 fiant,
448 681 658 727 quicumque
686 681 721 714 in
748 691 847 714 mora
872 681 931 722 sit,
954 679 1042 716 bello
1064 686 1318 728 persecuturos,
1374 683 1435 719 Ad

124 1062 257 1102 Obpug-

123 1112 242 1136 uantur

118 1149 293 1189 Syracusae.

118 1513 288 1544 Archime-

117 1558 172 1587 des
188 1566 283 1586 cona-

118 1606 169 1631 tus
187 1600 250 1630 Ro-

121 1652 294 1674 manorum

118 1685 266 1718 ludifica-

119 1735 180 1760 tur.

322 756 365 778 ea
384 743 585 793 Epicydes,
609 744 649 779 Si
669 756 739 792 qua
759 745 809 779 ad
831 757 868 780 se
888 746 1061 780 mandata
1087 745 1267 788 haberent,
1288 759 1433 795 respon-

319 821 395 844 sum
425 810 487 851 eis,
518 808 585 851 ait,
615 821 650 844 se
678 810 824 845 daturos
845 808 985 857 fuisse:
1020 822 1128 858 quum
1158 812 1193 846 in
1229 823 1364 854 eorum,
1387 813 1436 848 acl

319 885 403 922 quos
428 875 598 915 venerint,
623 886 729 909 manu
756 886 810 909 res
830 874 1055 921 Syracusana
1081 880 1180 917 esset,
1211 880 1288 912 tum
1315 888 1433 913 rever-

319 941 488 973 terentur.
537 937 579 973 Si
598 937 687 973 bello
713 938 898 980 lacessant,
920 940 998 986 ipsa
1024 950 1063 974 re
1092 940 1344 983 intellecturos,
1369 953 1432 977 ne-

317 1015 497 1051 quaquam
516 1004 609 1039 idem
631 1015 700 1039 esse
720 1003 916 1050 Syracusas
941 1015 983 1039 ac
1003 1003 1197 1040 Leontinos
1216 1005 1431 1053 obpugnare.

317 1066 378 1102 Ita
397 1066 530 1115 legatis
549 1066 705 1109 relictis,
728 1073 856 1116 portas
877 1066 1023 1102 clausit.
1082 1066 1177 1103 Inde
1197 1074 1298 1104 terra
1317 1070 1430 1105 mari-

317 1144 388 1181 que
405 1131 515 1167 simul
529 1137 662 1182 coeptae
679 1130 891 1181 obpugnari
909 1131 1100 1180 Syracusae
1116 1147 1124 1168 τ
1148 1138 1248 1168 terra
1262 1132 1308 1169 ab
1323 1132 1431 1170 Hex-

316 1197 443 1249 apylo,
464 1198 559 1234 mari
579 1197 626 1235 ab
647 1198 877 1240 Achradina,
899 1197 1004 1248 cujus
1025 1211 1152 1234 murus
1173 1199 1290 1235 fluctu
1308 1199 1430 1237 adlui-

315 1268 377 1298 tur
392 1278 399 1298 ;
424 1269 473 1305 et,
492 1263 593 1312 quia,
611 1263 708 1298 sicut
720 1262 932 1298 Leontinos
947 1269 1090 1299 terrore
1106 1276 1148 1300 ac
1161 1264 1283 1313 primo
1298 1264 1431 1315 inpetu

316 1333 508 1377 ceperant,
529 1340 606 1363 non
628 1326 860 1370 diffidebant,
881 1334 1026 1363 vastam
1047 1326 1318 1378 disjectamque
1344 1341 1430 1379 spa—

314 1392 369 1427 tio
390 1391 520 1427 urbem
539 1397 645 1441 parte
667 1390 792 1439 aliqua
811 1404 849 1427 se
869 1391 1080 1434 invasuros,
1102 1404 1253 1428 omnem
1273 1392 1429 1443 adpara—

313 1463 394 1491 tum
414 1455 753 1505 obpugnandarum
774 1455 923 1492 urbium
942 1457 1057 1491 muris
1079 1456 1339 1493 admoverunt.

368 1520 563 1557 XXXIV.
584 1521 635 1557 Et
650 1519 843 1556 habuisset
859 1526 969 1555 tanto
985 1521 1116 1570 inpetu
1134 1527 1260 1570 eoepta
1274 1533 1331 1557 res
1347 1520 1427 1557 for-

315 1591 459 1628 tunam,
482 1585 554 1620 nisi
581 1597 676 1620 unus
703 1584 819 1620 homo
841 1584 1034 1633 Syracusis
1056 1597 1099 1620 ea
1125 1591 1350 1634 tempestate
1369 1585 1429 1621 fu-

315 1649 417 1686 isset.
474 1650 719 1686 Archimedes
740 1650 770 1684 is
792 1655 885 1691 erat,
908 1649 1038 1684 unicus
1060 1655 1252 1698 spectator
1272 1649 1357 1685 coeli
1378 1650 1428 1684 si-

316 1714 544 1763 derumque;
578 1713 787 1750 mirabilior
814 1720 942 1749 tamen
970 1713 1147 1748 inventor
1165 1726 1208 1749 ac
1235 1713 1429 1749 machina-

313 1786 375 1815 tor
393 1778 616 1815 bellicorum
643 1784 922 1815 tormentorum
941 1790 1186 1828 operumque,
1208 1777 1342 1826 quibus
1370 1791 1428 1821 ea,

312 1856 394 1892 quae
414 1843 542 1879 hostes
572 1843 719 1891 ingenti
749 1841 848 1878 mole
878 1847 1048 1890 agerent,
1069 1842 1149 1890 ipse
1179 1840 1319 1891 perlevi
1346 1853 1428 1877 mo-

313 1913 442 1942 mento
462 1906 728 1943 ludificaretur.
785 1905 940 1942 Murum
961 1918 1028 1955 per
1050 1905 1252 1954 inaequales
1273 1904 1427 1942 ductum

312 1970 441 2013 colles,
476 1971 671 2022 (pleraque
702 1971 779 2007 alta
817 1977 854 2006 et
883 1969 1049 2006 difficilia
1085 1969 1203 2012 aditu,
1242 1969 1428 2006 submissa

309 2035 495 2084 quaedam,
527 2042 565 2070 et
594 2047 676 2084 quae
710 2034 830 2084 planis
862 2033 1020 2069 vallibus
1052 2033 1144 2069 adiri
1179 2034 1351 2083 possent)
1383 2039 1426 2069 ut

310 2100 444 2148 cuique
472 2106 603 2148 aptum
628 2100 748 2135 visum
775 2104 830 2134 est
858 2097 958 2140 loco,
979 2098 1032 2133 ita
1059 2097 1161 2133 omni
1182 2109 1319 2145 genere
1345 2103 1425 2132 tor-

310 2171 526 2201 mentorum
564 2163 754 2199 instruxit.
811 2162 1039 2198 Achradinae
1077 2174 1238 2203 murum,
1273 2161 1350 2209 qui,
1382 2168 1424 2198 ut

311 2234 399 2264 ante
419 2227 560 2263 dictum
591 2233 661 2270 est,
692 2227 787 2262 mari
818 2225 996 2269 adluitur,
1026 2238 1071 2261 ex
1092 2224 1423 2274 quinqueremibus

310 2291 514 2328 Marcellus
531 2291 792 2342 obpugnabat.
832 2291 891 2327 Ex
908 2290 1041 2326 ceteris
1059 2289 1216 2326 navibus
1237 2290 1423 2338 sagittarii

310 2357 610 2407 funditoresque,
632 2362 669 2392 et
688 2355 820 2392 velites
848 2356 977 2399 etiam,
998 2367 1158 2405 quorum
1177 2353 1296 2390 telum
1315 2354 1424 2391 inha-
