1527 2661
303 219 458 247 LIBER
482 218 638 247 xxul.
670 217 778 246 CAP.
800 218 956 247 XXXV.
1071 221 1153 265 351

37 305 202 356 fortunae
220 311 435 346 discordiam
463 311 555 345 inter
583 309 721 344 ordines
747 314 899 345 sereret:
927 314 1026 345 vetus
1053 313 1154 348 miles
1169 323 1256 354 [Le⁸
1275 330 1349 359 537.

48 373 169 415 tironi,
192 374 276 409 liber
303 374 422 409 voloni
449 385 520 408 sese
547 373 724 420 exaequari
749 373 879 408 sineret
891 389 903 408 .·
932 385 1050 410 omnes
1066 367 1204 412 satisA·
1221 366 1258 398 C·
1275 374 1350 398 ²¹⁵·

48 435 207 473 honestos
221 449 473 486 generososque
490 438 669 479 ducerent,
691 437 814 483 quibus
832 448 935 472 arma
952 450 1017 473 sua
1029 440 1153 486 signa-

46 511 113 545 que
123 502 279 548 populus
294 502 476 537 Romanus
491 501 718 536 commisisset
730 516 741 535 .·
769 512 846 548 quae
850 499 1009 548 fortuna
1023 505 1155 550 coegis-

46 567 97 599 set
116 565 276 614 itafieri,
299 567 457 601 eamdem
475 576 596 612 cogere
613 565 705 599 tueri
712 563 871 613 factum.
900 564 960 600 Ea
977 577 1055 601 non
1074 580 1154 603 ma-

42 624 130 676 jore
149 641 238 664 cura
262 636 452 679 praecepta
476 628 522 665 ab
543 628 698 664 ducibus
725 633 826 671 sunt,
848 641 959 676 quam
980 642 1001 665 a
1024 630 1154 667 militi-

47 688 117 725 bus
138 690 360 737 observata3
391 692 570 740 brevique
588 697 696 727 tanta
716 692 917 727 concordia
936 692 1156 731 coaluerant

48 757 218 793 omnium
237 759 367 800 animi,
388 765 429 793 ut
454 770 571 807 prope
597 758 636 793 iu
656 757 885 793 oblivionem
903 760 1061 802 veniret,
1082 774 1157 809 qua

49 834 95 857 ex
112 824 329 859 conditione
342 824 498 871 quisque
514 829 612 858 esset
628 822 733 858 miles
750 822 884 858 factus.
916 823 1010 859 Haec
1026 827 1156 873 agenti

50 885 223 921 Graccho
252 885 367 934 legati
389 886 551 921 Cumani
578 886 820 926 nunciarunt,
842 898 924 933 quae
951 899 972 922 a
992 887 1154 937 Campa-

50 950 107 985 nis
126 949 268 998 legatio
287 962 428 1000 paucos
451 956 539 985 ante
559 950 634 985 dies
655 950 832 992 venisset,
853 956 891 984 et
910 950 999 998 quid
1019 952 1062 986 iis
1083 952 1155 1001 ipsi

48 1015 341 1064 respondissent.
381 1014 563 1050 Triduum
579 1020 666 1063 post
681 1025 765 1049 eum
781 1013 879 1048 diem
894 1013 1032 1050 festum
1048 1027 1127 1052 esse
1143 1032 1154 1053 τ

50 1091 128 1114 non
147 1086 320 1114 senatum
350 1078 470 1114 solum
491 1091 641 1114 omnem
670 1077 722 1113 ibi
741 1076 924 1120 futurum,
946 1079 1009 1114 sed
1033 1086 1156 1117 castra

51 1143 164 1178 etiam
196 1149 234 1178 et
264 1144 471 1179 exercitum
498 1143 747 1191 Campanum.
806 1141 1014 1185 Gracchus,
1037 1142 1155 1192 jussis

54 1207 233 1242 Cumanis
250 1208 378 1242 omnia
395 1219 440 1242 ex
460 1207 558 1254 agris
579 1206 617 1241 in
632 1205 764 1241 urbem
779 1206 1002 1249 convehere,
1024 1214 1062 1243 et
1076 1221 1156 1244 ma-

52 1282 141 1304 nere
161 1270 260 1305 intra
286 1282 426 1311 muros,
448 1270 527 1318 ipse
557 1269 689 1319 pridie,
711 1282 823 1317 quam
851 1276 991 1305 statum
1017 1271 1159 1308 sacrifi-

51 1334 148 1368 cinm
170 1333 372 1381 Campanis
394 1338 505 1374 esset,
527 1332 665 1367 Cumas
686 1338 812 1367 movet
831 1338 963 1368 castra.
1020 1333 1157 1370 Hamae

51 1397 138 1433 inde
157 1397 229 1432 tria
248 1396 365 1432 millia
390 1409 566 1446 passuum
587 1395 736 1432 absunt.
792 1396 879 1431 Jam
900 1397 1084 1446 Campani
1112 1411 1159 1434 eo

49 1460 264 1509 frequentes
297 1473 344 1496 ex
375 1460 587 1509 composito
622 1466 891 1501 convenerant,
921 1473 991 1496 nec
1025 1461 1159 1510 procul

51 1524 137 1559 inde
167 1524 206 1559 in
240 1523 391 1560 occulto
420 1523 566 1559 Marius
591 1522 710 1558 Alfius
740 1522 1015 1559 Medixtuticus
1039 1526 1159 1571 (sum-

53 1600 134 1622 mus
155 1588 396 1635 magistratus
421 1593 500 1622 erat
523 1587 745 1635 Campanis)
768 1600 853 1623 cum
873 1588 1161 1636 quatuordecim

53 1649 217 1685 millibus
247 1656 476 1685 armatorum
507 1649 673 1685 habebat
702 1656 847 1694 castra;
880 1650 1064 1686 sacrificio
1093 1652 1159 1688 ad-

54 1713 236 1762 parando,
258 1720 295 1748 et
314 1714 413 1748 inter
432 1713 468 1748 id
489 1713 718 1748 instruendae
737 1713 858 1749 fraudi
885 1713 1080 1762 aliquanto
1101 1715 1161 1750 in-

54 1776 211 1817 tentior,
243 1789 354 1823 quam
391 1776 602 1811 muniendis
633 1777 778 1817 castris,
810 1783 874 1811 aut
905 1776 969 1811 ulli
1006 1777 1161 1814 militari

55 1840 171 1888 operi.
227 1839 410 1875 Triduum
433 1839 682 1875 sacrificatum
703 1840 749 1875 ad
778 1839 934 1876 Hamas
992 1841 1162 1877 Noctur-

54 1915 142 1938 num
164 1909 243 1938 erat
263 1915 424 1944 sacrum,
444 1902 498 1938 ita
527 1908 568 1937 ut
588 1908 676 1938 ante
702 1903 863 1938 mediam
886 1912 1037 1939 noctem
1058 1917 1162 1940 com-

55 1965 231 2015 pleretur.
290 1965 390 2001 Huic
411 1965 604 2000 Gracchus
631 1966 883 2002 insidiandum
913 1968 1077 2016 tempori
1103 1981 1163 2004 ra-

54 2036 129 2072 tus,
151 2028 369 2064 custodibus
396 2028 443 2063 ad
462 2036 588 2077 portas
618 2030 765 2077 positis,
786 2042 833 2065 ne
853 2031 934 2078 quis
961 2031 1164 2066 enunciare

56 2099 184 2142 posset
205 2099 343 2141 coepta,
366 2098 403 2127 et
422 2091 468 2127 ab
489 2091 635 2127 decima
657 2092 730 2127 diei
750 2092 844 2128 hora
863 2093 1004 2128 coactis
1033 2093 1164 2129 militi-

55 2156 126 2192 bus
147 2168 308 2205 corpora
330 2168 474 2198 curare,
495 2167 704 2204 somnoque
724 2168 876 2205 operam
898 2157 999 2199 dare,
1021 2163 1063 2192 ut
1088 2158 1166 2206 pri·

58 2220 126 2255 mis
156 2219 320 2256 tenebris
351 2220 551 2255 convenire
581 2219 627 2255 ad
656 2220 806 2267 signum
836 2227 1005 2269 possent,
1038 2220 1168 2268 vigilia

58 2282 175 2327 ferme
195 2283 316 2333 prima
334 2282 419 2318 tolli
442 2282 559 2332 jussit
578 2283 709 2331 signa,
742 2283 942 2332 silentique
971 2282 1167 2332 profectus

59 2347 223 2395 agmine,
244 2359 360 2396 quum
390 2346 436 2382 ad
461 2345 605 2383 Hamas
630 2346 754 2383 media
782 2354 895 2383 nocte
921 2348 1167 2396 pervenisset,
