1527 2661
336 136 420 191 382
796 149 840 176 T.
867 150 998 178 L1v11

144 239 234 269 U.C.
253 236 381 273 5as.P.
397 235 520 272 Decio
546 236 591 272 ad
618 235 760 288 bellum
787 237 991 281 Gallicum,
1019 238 1072 274 sic
1099 245 1232 288 postea
1261 238 1453 290 Papirium

143 284 182 315 A*
196 282 234 312 C·
249 289 324 313 214.
339 301 618 349 Carviliumque
635 301 809 336 adversus
828 301 1015 337 Samnites
1036 303 1298 352 Bruttiosque,
1319 310 1358 339 et
1375 304 1454 340 Lu-

338 377 476 400 canum
501 377 587 400 cum
612 364 822 400 Tarentino
852 365 1049 414 populum,
1081 366 1254 402 consules
1287 367 1453 403 declara-

337 433 410 465 tos.
457 428 605 464 Absens
626 428 830 464 Marcellus
855 429 988 465 consul
1007 437 1168 473 creatus,
1190 444 1304 480 quum
1324 432 1369 467 ad
1389 444 1454 468 ex·

145 494 242 542 Fabio
268 504 324 524 au·
339 494 496 529 ercitum
527 499 648 538 esset3
682 494 859 542 praesenti
885 493 1020 537 Fabio,
1049 502 1162 543 atque
1187 495 1270 545 ipso
1300 496 1455 532 comitia

142 539 172 567 di
190 544 235 566 est
248 547 326 567 con-

141 587 284 609 sinuatus

141 623 290 652 consula·
340 621 492 656 cessitas
513 620 616 663 belli,
638 634 681 656 ac
701 621 899 657 discrimen
927 634 1081 658 summae
1101 635 1224 658 rerum
1247 623 1453 665 faciebant,

141 671 204 695 tus.

338 556 517 599 habente,
550 556 768 592 consulatus
798 558 1056 594 continuatus.
1113 558 1279 608 Tempus
1313 572 1356 595 ac
1387 571 1456 595 ne-

338 697 387 720 ne
407 685 488 733 quis
513 690 577 720 aut
597 685 635 720 in
663 684 877 734 exemplum
905 686 1132 735 exquireret,
1154 693 1220 722 aut
1239 692 1455 737 suspectum

338 749 556 798 cupiditatis
587 750 733 799 imperii
763 750 958 786 consulem
988 750 1170 787 haberet:
1210 752 1302 800 quin
1326 750 1455 788 lauda-

337 814 431 850 bant
452 816 577 864 potius
599 816 899 864 magnitudinem
927 817 1058 859 animi,
1080 816 1195 864 quod,
1216 828 1331 864 quum
1353 828 1455 851 sum-

338 892 400 914 mo
429 880 657 928 imperatore
687 892 767 915 esse
804 893 897 929 opus
935 879 1151 929 reipublicae
1182 880 1308 922 sciret,
1342 891 1456 928 seque

338 956 424 979 eum
443 943 543 979 haud
564 943 675 979 dubie
697 956 790 986 esse,
811 945 967 980 minoris
990 944 1169 980 invidiam
1189 956 1309 986 suam,
1331 943 1361 978 si
1381 956 1456 992 qua

338 1020 384 1043 ex
405 1020 443 1042 re
464 1008 638 1050 oriretur,
657 1020 767 1056 quam
789 1008 992 1043 utilitatem
1013 1007 1243 1056 reipublicae,
1264 1007 1427 1044 fecisset.

391 1071 443 1107 X.
474 1072 562 1110 Quo
582 1072 641 1106 die
661 1072 925 1119 magistratum
951 1072 1118 1107 inierunt
1137 1070 1324 1113 consules,
1346 1083 1454 1106 sena-

337 1141 396 1170 tus
421 1136 459 1170 in
487 1134 680 1184 Capitolio
701 1142 757 1170 est
783 1135 959 1171 habitus:
993 1135 1259 1184 decretumque
1285 1135 1454 1170 omnium

336 1199 513 1248 primum,
531 1205 573 1234 ut
590 1199 761 1234 consules
776 1199 1015 1242 sortirentur,
1031 1205 1340 1249 compararentve
1356 1199 1455 1234 inter

337 1275 390 1305 se,
413 1269 495 1298 uter
515 1262 734 1298 censoribus
762 1263 931 1298 creandis
956 1263 1112 1299 comitia
1140 1261 1310 1306 haberet,
1332 1263 1454 1312 prius-

336 1339 449 1375 quam
470 1327 516 1362 ad
536 1328 742 1362 exercituin
762 1327 1075 1377 proficisceretur.
1116 1326 1369 1375 Prorogatum
1389 1327 1452 1363 de-

337 1390 423 1425 inde
444 1391 642 1439 imperium
663 1390 853 1433 omnibus,
875 1391 936 1439 qui
959 1390 1005 1426 ad
1026 1391 1211 1426 exereitus
1233 1398 1353 1433 erant,
1367 1389 1452 1439 jus-

337 1455 443 1501 sique
474 1455 512 1489 in
541 1455 744 1502 provinciis
775 1467 941 1497 manere,
961 1454 1022 1490 Ti,
1040 1454 1233 1490 Gracchus
1267 1453 1451 1497 Luceriae,

337 1517 402 1552 ubi
429 1530 512 1552 cum
534 1517 716 1553 volonum
743 1519 910 1554 exercitu
933 1525 1027 1561 erat,
1050 1519 1093 1555 C.
1109 1518 1309 1554 Terentius
1331 1518 1452 1554 Varro

338 1580 375 1615 in
397 1593 487 1627 agro
507 1580 664 1623 Piceno,
685 1580 754 1617 Μ’.
772 1581 1004 1631 Pomponius
1025 1583 1064 1617 in
1085 1581 1233 1617 Gallico
1253 1595 1259 1616 :
1292 1594 1336 1617 ex
1357 1594 1451 1631 prae-

337 1644 482 1680 toribus
504 1645 639 1693 prioris
656 1647 745 1680 anni
765 1658 833 1694 pro
854 1652 1015 1695 proetore
1031 1646 1080 1684 Q.
1093 1645 1244 1681 Mucius
1262 1644 1452 1682 obtineret

337 1708 560 1749 Sardiniam,
581 1707 638 1743 M.
652 1708 824 1744 Valerius
855 1710 901 1745 ad
929 1709 1173 1745 Brundisium
1202 1721 1278 1744 01·ae
1306 1709 1452 1744 mariti-

336 1785 420 1814 mae,
442 1772 608 1807 intentus
629 1772 802 1808 adversus
824 1786 953 1808 omnes
981 1780 1105 1809 motus
1127 1772 1293 1822 Philippi
1317 1772 1449 1809 {Mace-

336 1836 478 1871 donum
497 1836 610 1884 rcgis,
631 1844 819 1885 praeesset.
854 1837 896 1873 P.
912 1837 1090 1873 Cornelio
1110 1836 1278 1872 Lentulo
1297 1838 1451 1886 praetori

337 1898 466 1934 Sicilia
485 1900 634 1935 decreta
654 1901 871 1949 provincia3
905 1901 950 1937 T.
968 1901 1135 1937 Otacilio
1157 1900 1284 1936 classis
1305 1901 1448 1943 eadem,

336 1976 447 2011 quam
468 1963 643 1999 adversus
665 1964 1006 2013 Karthaginienses
1027 1967 1151 2015 priore
1172 1977 1272 2001 anno
1295 1964 1448 2000 habuis-

141 2037 293 2076 Prodigia.
337 2034 405 2062 set.
435 2027 614 2075 Prodigia
632 2041 676 2063 eo
693 2041 793 2064 anno
814 2029 932 2065 multa
948 2029 1129 2065 nunciata
1145 2036 1251 2064 sunt:
1275 2041 1356 2077 quae
1373 2040 1449 2076 quo

334 2091 453 2139 magis
484 2091 688 2128 credebant
716 2093 903 2142 simplices
933 2107 976 2129 ac
997 2093 1165 2142 religiosi
1195 2093 1381 2134 homines,
1403 2105 1448 2128 eo

334 2155 442 2204 plura
467 2154 769 2191 nunciabantur:
802 2156 964 2192 Lanuvii
993 2158 1031 2192 in
1056 2156 1134 2192 aede
1159 2157 1259 2191 intus
1286 2155 1446 2204 Sospitae

334 2218 497 2253 3111101115
528 2229 660 2253 corvos
690 2219 819 2254 nidum
849 2219 1007 2256 fecisse:
1049 2220 1087 2255 in
1116 2218 1256 2268 Apulia
1283 2217 1447 2268 palmam

335 2281 489 2317 viridem
516 2280 675 2318 arsisse:
708 2281 880 2320 Mantuae
909 2290 1086 2332 stagnum
1115 2282 1272 2318 effusum
1300 2281 1447 2318 Mincio
