1527 2661
325 196 477 225 LIBER
501 194 621 223 xxv.
656 193 762 222 CAP.
789 194 981 222 xxv111.
1125 192 1207 236 477

94 284 258 323 inclusus
290 286 380 322 urbe
409 285 577 321 hostium
607 290 816 333 urgeretur,
841 295 1069 333 quamquam
1099 285 1208 335 inpar
1223 293 1312 324 U.C.
1331 302 1403 327 540.

94 364 254 388 numero
273 352 426 387 navium
456 356 550 392 erat,
571 349 774 400 prohibere
803 349 908 385 aditu
939 349 1210 399 Syracusarum
1221 338 1260 369 Α·
1274 338 1310 368 C·
1329 345 1404 370 ²¹2²

96 415 348 452 Bomilcarem
378 415 590 451 constituit.
647 414 745 451 Duae
775 413 912 451 classes
942 414 1089 451 infestae
1110 417 1211 453 circa

94 480 398 530 promontorium
425 479 646 528 Pachynum
671 478 838 521 stabant,
870 479 934 515 ubi
954 479 1075 530 prima
1104 486 1211 517 tran-

95 542 261 593 quillitas
282 543 393 579 maris
415 543 454 578 in
474 542 592 579 altum
613 543 812 586 evexisset,
834 556 1084 581 concursurae.
1131 544 1210 582 Ita-

96 620 183 656 que,
213 607 371 643 cadente
389 606 473 656 jam
502 606 621 649 Euro,
643 607 707 655 qui
736 619 802 657 per
821 606 898 643 dies
929 606 1078 657 aliquot
1106 610 1215 645 saevi-

99 677 192 713 erat,
214 671 317 721 prior
335 669 529 707 Bomilcar
548 671 690 706 movit:
723 670 830 720 cujus
860 671 980 720 prima
1001 671 1128 708 classis
1149 686 1215 723 pe—

99 740 179 770 tere
208 734 327 770 altum
355 735 434 771 visa
453 743 524 777 est,
545 747 621 784 quo
640 734 787 770 facilius
819 742 1011 784 superaret
1035 749 1216 786 promon-

99 799 263 834 torium:
296 805 476 841 ceterum,
498 805 700 848 postquam
719 799 872 835 tendere
894 799 940 835 ad
960 812 998 835 se
1019 800 1214 837 Romanas

100 874 213 898 naves
234 861 341 905 vidit,
363 863 547 898 incertum
569 876 643 912 qua
668 863 794 899 subita
813 864 965 899 territus
994 877 1046 907 re,
1068 865 1214 902 Bomil-
1228 875 1382 907 Proelium

103 938 167 962 car
178 925 261 962 vela
275 915 315 962 in
329 925 448 962 altum
463 926 580 969 dedit,
595 927 793 975 missisque
808 928 955 963 nunciis
973 927 1215 973 Heracleam,
1231 919 1343 949 navale
1359 921 1414 949 de-

99 990 169 1039 qui
197 990 388 1026 onerarias
417 997 519 1026 retro
548 990 587 1026 in
617 990 787 1027 Africam
820 998 989 1041 repetere
1019 991 1216 1042 juberent,
1230 969 1353 993 mem.

102 1053 197 1104 ipse,
218 1054 384 1090 Siciliam
414 1061 695 1104 praetervectus,
722 1053 932 1091 Tarentum
961 1056 1068 1106 petit.
1125 1057 1219 1108 Epi-

107 1117 232 1166 cydes,
253 1131 276 1154 a
293 1124 403 1155 tanta
422 1125 576 1168 repente
596 1119 798 1155 destitutus
819 1131 898 1169 spe,
918 1132 966 1155 ne
992 1121 1031 1156 in
1051 1121 1220 1158 obsidio-

106 1193 193 1217 nem
213 1194 351 1231 magna
379 1194 425 1218 ex
454 1188 561 1232 parte
580 1189 700 1232 captae
730 1182 831 1218 urbis
858 1183 1010 1226 rediret,
1032 1185 1221 1235 Agrigen-

108 1251 188 1282 tum
221 1247 390 1295 navigat,
421 1253 704 1296 exspectaturus
734 1248 853 1296 magis
888 1255 1078 1293 eventurn,
1109 1264 1222 1300 quam

108 1309 195 1346 inde
214 1311 419 1360 quidquam
439 1317 622 1348 moturus.

163 1375 360 1413 XXVIII.
390 1376 486 1415 Quae
507 1376 570 1413 ubi
590 1377 629 1412 in
650 1382 772 1412 castra
788 1375 1001 1413 Siculorum
1021 1384 1109 1414 sunt
1127 1391 1227 1415 nun-

109 1438 222 1482 ciata,
243 1440 451 1490 Epicydem
473 1441 665 1490 Syracusis
694 1441 912 1483 excessisse,
934 1453 955 1476 a
974 1440 1226 1491 Karthagini-

111 1504 262 1541 ensibus
283 1504 453 1543 relictam
480 1505 655 1547 insulam,
677 1511 714 1541 et
740 1517 858 1555 prope
878 1505 1014 1542 iterum
1040 1505 1226 1543 Romanis
1240 1525 1346 1564 Legati
1365 1534 1421 1555 ex,

111 1568 313 1614 traditam3
345 1568 491 1618 legatos
519 1569 565 1605 de
595 1568 878 1605 conditionibus
902 1569 1077 1606 dedendae
1110 1570 1226 1614 urbis,
1241 1569 1355 1598 ercitus
1374 1569 1423 1598 Si-

113 1633 310 1686 explorata
334 1634 437 1683 prius
462 1646 529 1684 per
550 1633 754 1683 conloquia
775 1633 972 1670 voluntate
999 1648 1143 1678 eorum,
1164 1636 1228 1684 qui
1240 1611 1433 1685 ἓὲιῖἑὲἶῖει-

114 1697 399 1741 obsidebantur,
420 1698 465 1734 ad
490 1698 715 1734 Marcellum
745 1699 914 1735 mittunt.
974 1699 1104 1736 Quum
1130 1696 1324 1736 haudlum·

114 1762 231 1798 ferme
251 1762 492 1812 discreparet,
514 1763 619 1811 quin,
640 1776 722 1811 quae
745 1762 883 1812 ubique
902 1775 1032 1812 regum
1052 1763 1228 1808 fuissent,

115 1826 380 1863 Romanorum
401 1835 550 1872 essent3
583 1827 717 1863 Siculis
739 1834 865 1864 cetera
884 1841 969 1864 cum
989 1828 1166 1864 libertate
1187 1842 1231 1865 ac

116 1891 263 1940 legibus
296 1892 372 1927 suis
411 1897 672 1936 servarentur3
706 1893 872 1927 evocatis
906 1892 950 1928 ad
987 1891 1231 1941 conloquium

116 1957 189 1998 his,
211 1956 346 2005 quibus
373 1955 420 1992 ab
446 1956 614 2005 Epicyde
644 1957 793 1992 creditae
823 1968 880 1992 res
910 1963 1032 2000 erant,
1052 1959 1175 1994 missos
1197 1970 1234 1994 se

116 2022 222 2057 simul
247 2023 297 2057 ad
314 2021 548 2063 Marcellum,
567 2022 675 2057 simul
698 2023 746 2057 ad
765 2033 823 2057 eos
852 2021 895 2057 ab
915 2024 1069 2058 exercitu
1089 2024 1232 2059 Siculo-

116 2098 212 2128 rum,
243 2086 363 2127 aiunt,
383 2090 425 2120 ut
451 2097 523 2121 una
550 2086 720 2127 omnium,
742 2087 802 2133 qui
830 2086 1085 2129 obsiderentur,
1106 2089 1234 2134 quique

117 2155 220 2186 extra
238 2150 452 2186 obsidionem
470 2153 594 2191 essent,
605 2148 766 2198 fortuna
784 2154 892 2193 esset‚·
920 2162 1004 2185 neve
1023 2151 1130 2185 alteri
1144 2162 1233 2198 pro-

120 2216 200 2263 prie
226 2214 292 2251 sibi
317 2216 581 2263 paciscerentur
602 2214 808 2261 quidquam.
838 2212 1000 2263 Recepti
1023 2213 1159 2249 deinde
1186 2213 1234 2249 ab

121 2279 183 2322 iis,
204 2284 245 2315 ut
264 2279 495 2315 necessarios
519 2278 761 2328 hospitesque
788 2277 1095 2327 adloquerentur,
1117 2290 1234 2327 expo-

123 2343 219 2386 sitis,
239 2356 322 2393 quae
342 2350 454 2394 pacta
466 2341 549 2393 jam
568 2355 652 2379 cum
671 2341 857 2378 Marcello
884 2342 1083 2384 haberent,
1104 2341 1233 2387 oblata
