1527 2661
326 221 404 262 170
772 225 817 252 T.
842 224 977 254 leu

130 304 172 376 ἕ·
181 305 218 378 (C)
238 313 309 338 ⁵³4·
322 315 448 345 tamen
477 316 514 345 et
544 322 589 345 ex
619 311 740 359 pretio
769 324 893 348 rerum
925 314 1160 350 venditarum
1188 314 1420 364 aliquantum

160 369 167 376 “
210 369 217 377 ’
236 357 489 424 218‘pecuniae
516 375 706 411 redactum
730 388 809 411 esse
835 383 1000 420 constat,
1028 384 1066 413 et
1094 378 1251 414 multam
1278 379 1418 428 pretio-

321 450 399 473 sam
420 438 688 488 supellectilem
715 445 929 488 vestemque
949 442 1099 476 missam
1127 442 1418 490 Karthaginem.

320 501 468 537 Octavo
499 514 638 543 mense,
669 515 781 550 quam
811 509 976 552 coeptum
1007 504 1233 552 obpugnari,
1267 511 1420 554 captum

320 565 543 612 Saguntum,
558 565 707 612 quidam
726 566 928 614 scripsere:
952 565 1038 601 inde
1054 566 1331 615 Karthaginem
1350 580 1420 603 no—

318 641 402 663 vam
436 629 474 663 in
511 628 669 664 hiberna
702 628 958 664 Hannibalem
992 631 1220 666 concessisse
1238 644 1246 666 :
1287 631 1420 679 quinto

316 691 447 726 deinde
466 703 606 733 mense,
628 704 739 739 quam
759 691 804 727 ab
825 692 1064 740 Karthagine
1089 692 1278 741 profectus
1298 695 1360 736 sit,
1381 694 1420 729 in

317 754 466 790 Italiam
483 755 706 804 pervenisse.
744 755 839 794 Quae
860 757 889 791 si
906 756 960 792 ita
975 763 1075 799 sunt,
1093 756 1171 792 fieri
1187 770 1263 792 non
1279 758 1418 806 potuit,

316 825 357 853 ut
376 818 418 854 P.
436 817 647 860 Cornelius,
669 818 727 854 Ti.
749 819 990 868 Sempronius
1011 819 1182 855 consules
1199 820 1351 862 fuerint,
1373 820 1420 856 ad

314 894 408 929 quos
425 887 462 916 et
477 881 662 930 principio
678 881 971 930 obpugnationis
987 881 1099 930 legati
1119 882 1317 930 Saguntini
1330 884 1418 918 mis-

315 945 346 980 si
366 945 455 987 sint,
476 951 513 979 et
533 946 596 993 qui
615 945 653 980 in
675 957 742 980 suo
763 946 987 993 magistratu
1007 959 1091 981 cum
1111 945 1343 989 Hannibale,
1362 946 1416 982 al-

315 1014 373 1043 ter
402 1009 448 1044 ad
477 1009 650 1044 Ticinum
685 1022 846 1052 amnem,
876 1009 987 1046 ambo
1021 1010 1216 1058 aliquanto
1251 1016 1338 1060 post
1369 1011 1415 1046 ad

315 1072 507 1114 Trebiam,
524 1073 784 1121 pugnaverint.
817 1074 896 1109 Aut
912 1074 1039 1109 omnia
1054 1074 1227 1110 breviora
1246 1073 1417 1122 aliquan-

316 1141 357 1171 to
376 1135 493 1177 fuere,
515 1142 578 1171 aut
599 1136 806 1184 Saguntum
828 1137 1013 1186 principio
1042 1137 1145 1180 anni,
1166 1149 1240 1185 quo
1260 1137 1302 1173 P.
1323 1137 1418 1173 Cor-

316 1197 450 1239 nelius,
471 1198 530 1234 Ti.
558 1198 799 1248 Sempronius
826 1199 997 1234 consules
1018 1199 1185 1242 fuerunt,
1214 1211 1292 1234 non
1315 1213 1416 1250 coep-

315 1268 395 1297 tum
429 1261 640 1311 obpugnari
670 1268 740 1304 est,
771 1263 836 1298 sed
865 1269 1028 1312 captum.
1083 1262 1185 1298 Nam
1214 1264 1416 1299 excessisse

315 1339 442 1375 pugna
461 1327 506 1362 ad
531 1327 708 1362 Trebiam
729 1328 766 1363 in
795 1340 935 1363 annum
956 1328 1025 1363 Cn.
1047 1327 1193 1363 Servilii
1212 1333 1250 1363 et
1269 1328 1311 1364 C.
1332 1328 1418 1364 Fla-

315 1390 422 1425 minii
441 1402 518 1425 non
544 1396 691 1439 potest:
725 1391 812 1438 quia
830 1390 1036 1425 Flaminius
1057 1391 1218 1425 Arimini
1244 1390 1417 1426 consula-

315 1460 396 1488 tum
425 1454 522 1496 iniit,
553 1460 697 1489 creatus
725 1454 770 1490 ab
799 1454 858 1490 Ti.
881 1454 1104 1503 Sempronio
1134 1453 1310 1498 consule3
1338 1455 1415 1502 qui,

315 1523 402 1565 post
421 1529 584 1566 pugnam
605 1517 650 1552 ad
677 1517 853 1552 Trebiam
880 1517 926 1552 ad
946 1517 1122 1552 creandos
1144 1516 1314 1552 consules
1334 1517 1415 1553 Ro-

316 1593 414 1616 mam
434 1593 546 1628 quum
567 1581 743 1623 venisset,
766 1580 927 1616 comitiis
952 1579 1126 1629 perfectis
1148 1580 1193 1615 ad
1214 1581 1418 1617 exercitum

317 1644 356 1679 in
374 1643 531 1679 hiberna
551 1645 671 1680 rediit.

129 1710 227 1748 Capto
244 1708 298 1737 Sa·
372 1706 481 1743 XVI.
513 1707 590 1742 Sub
610 1707 708 1742 idem
728 1707 804 1742 fere
830 1712 977 1756 tempus
1005 1713 1042 1742 et
1067 1706 1195 1754 legati,
1216 1707 1277 1754 qui
1302 1708 1417 1743 redie-

129 1759 309 1834 ξζᾍέΐῐὲἓῖ
321 1776 407 1806 rant
426 1784 447 1806 a
462 1770 715 1818 Karthagine,
733 1770 896 1805 Romam
916 1769 1137 1812 retulerunt,
1155 1770 1282 1805 omnia
1299 1771 1417 1806 hosti-

132 1839 231 1867 mani.
322 1834 371 1869 lia
397 1846 489 1876 esse,
516 1840 555 1869 et.
580 1834 738 1882 Sagunti
764 1833 950 1868 excidium
977 1833 1194 1868 nunciatum
1221 1839 1301 1869 est:
1334 1839 1417 1869 tan-

320 1904 454 1945 tusque
479 1897 589 1932 simul
607 1909 747 1932 moeror
771 1896 916 1938 Patres,
945 1896 1272 1944 misericordiaque
1297 1897 1419 1932 socio-

321 1973 403 1996 rum
422 1967 674 2009 peremtorum
693 1960 860 2007 indigne,
888 1965 924 1994 et
950 1960 1070 2008 pudor
1095 1972 1172 1994 non
1191 1958 1257 1995 lati
1276 1959 1419 2002 auxilii,

321 2030 358 2060 et
378 2024 432 2059 ira
444 2024 481 2058 in
498 2023 850 2071 Karthaginienses,
868 2029 1062 2070 metusque
1078 2022 1123 2057 de
1139 2034 1282 2057 summa
1297 2035 1419 2059 rerum

322 2090 435 2138 cepit,
461 2088 560 2123 velut
591 2088 621 2122 si
644 2087 727 2137 jam
752 2087 797 2122 ad
824 2093 950 2136 portas
978 2086 1097 2120 hostis
1128 2093 1247 2130 esset3
1281 2093 1335 2129 ut,
1362 2094 1421 2124 tot

324 2166 400 2188 uno
418 2158 587 2201 tempore
606 2151 770 2186 motibus
790 2151 904 2186 animi
924 2149 1077 2192 turbati,
1094 2149 1324 2198 trepidarent
1342 2164 1422 2188 ma-

325 2220 395 2266 gis,
416 2230 528 2265 quam
554 2216 802 2252 consulerent.
860 2215 960 2250 Nam
979 2227 1099 2262 neque
1124 2215 1272 2250 hostem
1298 2217 1419 2252 acrio-

321 2294 400 2317 rem
425 2280 772 2328 bellicosioremque
801 2292 927 2315 secum
947 2290 1214 2325 congressum;
1247 2290 1315 2314 nec
1340 2292 1416 2316 rem

321 2345 534 2380 Romanam
554 2350 629 2380 tam
651 2344 814 2380 desidem
834 2355 1009 2392 umquam
1035 2342 1148 2377 fuisse
1168 2347 1279 2389 atque
1298 2342 1416 2378 inbel-
