1527 2661
115 347 158 376 U.
175 346 212 376 C.
226 350 296 375 534.

115 393 154 422 Α,
169 392 204 422 C.
224 397 297 422 218·

117 856 243 905 Italiam

119 903 292 939 ingreditur

117 944 292 976 Hannibal.

316 248 394 290 194
763 251 809 278 Τ.
839 251 972 280 L1v11

312 344 564 381 consumtum,
593 337 777 388 jumentis
804 351 921 389 prope
946 339 1046 375 fame
1076 337 1284 375 absumtis:
1316 339 1417 376 nuda

310 401 410 436 enim
437 401 514 437 fere
544 404 739 438 cacumina
772 409 873 446 sunt,
908 410 959 446 et,
995 404 1025 439 si
1054 404 1145 452 quid
1181 410 1239 440 est
1274 403 1417 453 pabuli,

309 463 477 500 obruunt
496 466 612 502 nives.
669 466 856 502 Inferiora
875 467 989 503 valles
1009 474 1048 503 et
1067 468 1214 519 apricos
1236 468 1418 516 quosdam

311 527 426 564 colles
447 529 603 572 habent,
624 531 799 579 rivosque
818 543 936 580 prope
956 530 1081 574 silvas,
1102 538 1141 567 et
1154 531 1240 581 jam
1254 531 1422 567 humano

310 593 410 628 cultu
431 593 604 641 digniora
623 592 718 629 loca.
761 592 821 629 Ibi
834 592 1011 643 jumenta
1029 594 1066 628 in
1088 594 1267 643 pabulum
1288 595 1421 634 missa,

310 662 347 692 et
380 657 483 705 quies
516 657 721 693 muniendo
754 657 860 693 fessis
895 656 1112 693 hominibus
1146 658 1234 694 data
1265 659 1415 694 triduo:

309 720 396 756 inde
415 720 462 756 ad
488 720 641 770 planum
661 721 894 764 descensum,
917 722 1030 757 etiam
1061 721 1154 757 locis
1181 721 1416 758 mollioribus

309 790 347 819 et
366 784 582 821 adcolarum
600 785 774 833 ingeniis.

363 847 601 885 XXXVIII.
631 848 719 884 Hoc
748 848 910 884 maxime
942 848 1056 884 modo
1086 848 1124 884 in
1155 847 1304 884 Italiam
1333 861 1418 898 percr

309 918 462 948 ventum
493 918 564 955 est,
584 913 718 961 quinto
745 923 873 947 mense
900 924 922 946 a
951 910 1193 960 Karthagine
1220 924 1331 954 nova,
1359 914 1419 960 (ut

309 975 460 1024 quidam
489 982 661 1012 auctores
692 975 797 1022 sunt)
829 975 964 1023 quinto
993 975 1139 1010 decimo
1168 975 1228 1010 die
1256 974 1417 1025 Alpibus

306 1039 504 1089 superatis.
561 1037 725 1077 Quantae
764 1039 883 1088 copiae
920 1043 1159 1087 transgresso
1193 1039 1232 1073 in
1265 1038 1417 1074 Italiam

307 1102 518 1139 Hannibali
538 1102 693 1145 fuerint,
724 1113 962 1150 nequaquam
992 1102 1093 1137 inter
1121 1108 1294 1137 auctores
1325 1114 1416 1138 con·-

306 1173 405 1203 stat:
439 1167 502 1215 qui
522 1166 739 1216 plurimum,
761 1171 914 1201 centum
933 1165 1052 1201 millia
1080 1166 1261 1216 peditum,
1281 1166 1417 1214 viginti

308 1231 477 1279 equitum
496 1229 611 1265 fuisse
631 1227 824 1273 scribunt3
857 1229 923 1276 qui
945 1229 1158 1271 minimum,
1177 1229 1312 1277 viginti
1332 1228 1416 1263 mil-

306 1292 357 1330 lia
373 1294 556 1344 peditum,
572 1305 639 1329 sex
653 1293 834 1341 equitum.
872 1291 918 1328 L.
935 1291 1088 1328 Cincius
1108 1291 1337 1335 Alimentus,
1354 1292 1417 1340 qui

308 1364 461 1407 captum
481 1370 520 1393 se
546 1357 592 1393 ab
614 1355 833 1392 Hannibale
853 1355 997 1399 scribit,
1019 1356 1181 1392 maxime
1206 1361 1339 1392 auctor
1357 1368 1417 1392 me

306 1429 490 1465 moveret,
517 1423 589 1458 nisi
624 1420 872 1457 confunderet
901 1433 1112 1463 numerum,
1145 1420 1263 1456 Gallis
1296 1419 1398 1468 Ligu

307 1488 485 1536 ribusque
504 1486 639 1522 additis
655 1500 663 1521 z
696 1497 781 1520 cum
800 1485 859 1520 his
877 1485 1076 1534 octoginta
1093 1484 1212 1520 millia
1230 1484 1413 1534 peditum,

307 1553 436 1588 decem
473 1551 655 1600 equitum,
694 1548 856 1584 adducta
892 1549 931 1584 in
969 1548 1142 1584 Italiam:
1180 1548 1317 1596 (magis
1348 1548 1414 1584 ad-

304 1616 457 1652 fluxisse
476 1613 675 1651 verisimile
695 1619 765 1655 est,
787 1619 825 1648 et
844 1613 899 1648 ita
914 1612 1067 1661 quidam
1086 1618 1259 1648 auctores
1281 1618 1368 1647 sunt
1383 1612 1412 1657 z)

303 1692 352 1716 ex
371 1680 455 1729 ipso
481 1684 607 1714 autem
634 1678 782 1714 audisse
813 1677 1047 1721 Hannibale,
1075 1684 1276 1728 postquam
1306 1676 1414 1712 Rho-

304 1744 444 1780 danum
473 1742 678 1784 transierit,
699 1742 856 1790 triginta
885 1755 950 1778 sex
977 1741 1095 1778 millia
1123 1742 1334 1783 hominum,
1356 1741 1413 1777 in-

302 1812 532 1856 gentemque
551 1818 750 1842 numerum
772 1818 959 1854 equorum
979 1811 1016 1841 et
1043 1804 1202 1840 aliorum
1215 1803 1412 1854 jumento-

307 1885 390 1908 rum
409 1872 578 1908 amisisse
603 1872 642 1907 in
661 1871 854 1913 Taurinis,
875 1884 958 1920 quae
976 1870 1097 1906 Gallis
1128 1871 1303 1920 proxima
1321 1882 1412 1919 gens

307 1943 402 1980 erat,
432 1937 472 1972 in
503 1935 654 1972 Italiam
686 1935 874 1984 degresso.
932 1935 975 1971 Id
1009 1947 1124 1983 quum
1156 1934 1254 1970 inter
1283 1946 1413 1970 omnes

305 2006 468 2042 constet,
507 2012 552 2036 eo
589 1999 708 2048 magis
752 2000 868 2035 miror
904 1997 1060 2047 ambigi,
1099 2011 1261 2047 quanam
1296 1997 1412 2047 Alpes

303 2064 518 2101 transierit:
554 2070 592 2098 et
630 2062 742 2111 vulgo
780 2062 943 2104 credere,
981 2061 1142 2103 Penino,
1181 2067 1294 2109 atque
1326 2061 1412 2096 inde

303 2139 443 2164 nomen
463 2133 500 2162 et
512 2126 609 2176 jugo
622 2125 776 2175 Alpium
795 2125 971 2167 inditum,
987 2131 1273 2172 transgressum.
1322 2124 1411 2160 Coe-

306 2191 376 2227 lius
397 2203 462 2240 per
482 2190 679 2225 Cremonis
699 2188 838 2239 jugum
857 2188 950 2224 dicit
978 2188 1181 2223 transisse:
1214 2187 1277 2235 qui
1298 2187 1411 2223 ambo

304 2255 421 2291 saltus
442 2266 527 2290 eum
546 2266 624 2290 non
650 2254 687 2289 in
708 2253 914 2296 Taurinos,
935 2252 999 2288 sed
1019 2264 1085 2302 per
1105 2250 1273 2288 Salassos
1300 2264 1409 2288 mon-

303 2327 412 2355 tanos
434 2317 480 2354 ad
499 2317 644 2353 Libuos
661 2317 792 2353 Gallos
814 2317 1066 2353 deduxissent.
1109 2315 1192 2351 Nec
1208 2315 1408 2351 verisimile

301 2389 373 2426 est,
391 2395 434 2418 ea
452 2388 533 2418 tum
553 2382 599 2418 ad
616 2381 778 2418 Galliam
796 2382 963 2431 patuisse
983 2381 1141 2422 itinera3
1164 2380 1307 2428 utique,
1324 2392 1405 2428 quae
