1527 2661
75 336 115 367 U.
130 337 166 367 C.
181 342 253 368 ⁵36.

75 382 109 410 Α.
128 380 163 410 C.
180 385 253 412 216.

70 1110 133 1141 Pab
139 1108 241 1139 ulato-

71 1164 116 1184 res
134 1153 246 1184 Poenos

69 1197 198 1227 caedunt

73 1240 221 1272 Romani.

75 1952 201 1984 Hanni-

75 1997 155 2027 balis
172 1996 219 2026 in-

74 2041 173 2071 sidiae.

268 231 349 285 276
715 242 761 271 τ.
786 242 921 272 mvn

266 334 431 370 adventu
457 331 655 370 consulum
678 334 772 370 mire
791 334 982 383 gaudere:
1009 347 1089 372 non
1119 333 1243 372 solum
1271 334 1376 371 enim

264 398 361 436 nihil
381 411 427 435 ex
446 398 562 448 raptis
590 399 630 435 in
649 399 748 435 diem
768 398 1042 436 commeatibus
1070 399 1287 451 superabat,
1308 398 1375 435 sed

263 475 325 507 ne,
345 463 441 499 unde
456 468 619 512 raperet,
637 462 788 511 quidem
801 463 1007 512 quidquam
1025 463 1160 514 reliqui
1176 469 1270 507 erat,
1290 475 1379 500 om-

263 528 303 565 ni
332 527 498 575 undique
522 525 728 569 frumento,
755 534 958 577 postquam
988 540 1078 577 ager
1106 540 1239 578 pamm
1266 533 1375 564 tutus

263 598 357 634 erat,
379 593 418 628 in
438 590 548 627 urbes
575 583 740 628 munitas
764 600 972 629 convecto:
1004 599 1047 629 ut
1065 593 1128 630 vix
1147 592 1276 629 decem
1295 592 1376 629 die-

262 670 346 693 rum
360 656 479 705 (quod
499 663 734 707 compertum
753 663 888 707 postea
902 657 977 705 est)
993 657 1226 694 frumentum
1243 667 1375 707 super-

261 729 375 767 esset,
406 723 743 774 Hispanorumque
764 723 813 759 ob
844 723 1013 774 inopiam
1038 723 1216 760 transitio
1242 727 1376 773 parata

262 787 390 831 fuerit,
410 788 442 824 si
462 788 660 824 maturitas
678 793 894 838 temporum
914 794 1134 838 exspectata
1151 787 1264 823 foret.

315 852 425 889 XLI.
457 853 634 889 Ceterum
653 853 859 888 temeritati
881 851 1048 888 consulis
1067 864 1110 889 ac
1129 861 1377 902 praepropero

260 918 415 967 ingenio
434 917 631 954 materiam
650 917 765 953 etiam
778 916 933 953 fortuna
948 916 1050 953 dedit
1065 931 1072 952 ε
1105 916 1209 966 quod
1225 915 1265 951 in
1283 927 1376 966 pro-

262 982 437 1019 hibendis
464 981 738 1033 pra-:datoribus
769 981 1018 1018 tumultuario
1043 981 1195 1031 proelio,
1217 993 1260 1017 ac
1282 992 1371 1031 pro-

263 1059 375 1083 cursu
394 1047 514 1095 magis
541 1046 719 1088 militum,
740 1059 853 1094 quam
880 1058 926 1082 ex
944 1052 1157 1096 praeparato
1177 1051 1243 1081 aut
1260 1044 1373 1095 jussu

263 1110 549 1160 imperatorum,
581 1117 682 1151 orto,
709 1109 1000 1158 haudquaquam
1026 1122 1094 1160 par
1112 1109 1241 1146 Poenis
1262 1108 1377 1144 dimi-

264 1174 366 1210 catio
384 1173 482 1210 fuit:
514 1173 561 1209 ad
587 1172 691 1209 mille
719 1180 757 1209 et
786 1173 1018 1222 septingenti
1048 1174 1148 1216 caesi,
1178 1185 1257 1208 non
1289 1171 1374 1221 plus

264 1244 416 1275 centum
435 1237 701 1274 Romanorum
726 1238 990 1286 sociorumque
1016 1237 1175 1274 occisis:
1206 1243 1375 1273 ceterum

261 1302 470 1339 victoribus
492 1302 605 1339 effuse
624 1301 867 1351 sequentibus
887 1308 991 1338 metu
1010 1302 1233 1338 insidiarum
1252 1300 1373 1338 obsti-

263 1368 310 1404 tit
329 1367 484 1404 Paullus
511 1365 668 1411 consu13
702 1365 808 1416 cujus
838 1380 883 1403 eo
903 1367 962 1403 die
986 1368 1091 1416 (nam
1118 1366 1273 1403 alternis
1301 1366 1373 1402 im-

262 1431 496 1482 peritabant)
524 1431 723 1481 imperium
754 1437 848 1473 erat,
876 1430 1048 1466 Varrone
1078 1431 1301 1479 indignante
1330 1441 1376 1465 ac

263 1495 511 1538 vociferante,
536 1495 712 1531 emissum
739 1495 887 1530 hostem
908 1508 928 1531 e
946 1494 1144 1540 manibus;
1177 1493 1375 1530 debellari-

265 1573 350 1609 que,
375 1560 414 1597 ni
434 1566 621 1596 cessatum
640 1559 753 1602 foret,
774 1560 956 1609 potuisse.
999 1558 1198 1596 Hannibal
1216 1559 1253 1594 id
1271 1558 1376 1594 dam-

265 1637 355 1662 num
374 1625 476 1661 haud
497 1625 689 1674 aegerrime
715 1625 794 1674 pati
811 1639 818 1660 :
852 1625 942 1673 quin
965 1625 1092 1674 potius
1113 1624 1276 1666 credere,
1295 1622 1375 1659 vel-

264 1696 307 1726 ut
325 1690 532 1726 inescatam
561 1690 813 1725 temeritatem
834 1688 1029 1724 ferocioris
1047 1687 1212 1724 consulis
1242 1700 1285 1723 ac
1303 1700 1376 1724 no-

264 1767 399 1790 vorum
416 1754 581 1790 maxime
607 1753 771 1790 militum
791 1766 894 1789 esse:
928 1759 966 1789 et
984 1753 1113 1788 onmia
1132 1752 1166 1788 ei
1191 1752 1374 1795 hostium,

264 1818 367 1854 haud
386 1831 492 1854 secus
509 1831 621 1868 quam
640 1831 721 1860 sua,
742 1824 835 1853 nota
855 1822 985 1852 erant:
1018 1815 1215 1853 dissimiles
1231 1815 1375 1851 discor-

267 1883 406 1931 desque
424 1884 654 1933 imperitare,
676 1883 765 1919 duas
792 1894 910 1932 prope
929 1888 1054 1932 partes
1081 1882 1250 1916 tironum
1276 1879 1377 1916 mili-

267 1955 350 1984 tum
368 1949 407 1984 in
434 1949 602 1984 exercitu
621 1961 714 1984 esse.
770 1947 919 1996 Itaque,
939 1947 1066 1984 locum
1093 1953 1131 1983 et
1149 1953 1297 1996 tempus
1316 1947 1375 1982 in-

270 2013 372 2050 sidiis
404 2018 533 2063 aptum
563 2025 600 2048 se
629 2011 768 2048 habere
796 2018 914 2054 ratus,
935 2020 1049 2047 nocte
1080 2011 1254 2060 proxima
1281 2009 1377 2045 nihil

269 2083 406 2128 praeter
434 2090 539 2113 arma
557 2076 719 2112 ferentes
749 2088 875 2112 secum
904 2075 1041 2111 milites
1069 2075 1222 2117 ducem,
1253 2080 1377 2110 castra

269 2142 382 2194 plena
409 2141 531 2178 omnis
550 2140 712 2177 fortunae
739 2140 898 2191 publicae
918 2140 1148 2190 privataeque
1171 2138 1376 2187 relinquit3

267 2213 449 2256 transque
478 2207 672 2256 proximos
701 2211 848 2242 montes
878 2204 970 2241 laeva
998 2203 1142 2255 pedites
1170 2203 1377 2238 instructos

269 2271 412 2314 condit,
433 2270 565 2306 dextra
594 2271 752 2320 equites,
781 2270 1035 2320 inpedimenta
1060 2279 1127 2318 per
1149 2266 1375 2309 convallem,

269 2335 435 2371 medium
463 2347 614 2383 agmen,
644 2333 830 2370 traducit:
862 2340 904 2371 ut
932 2331 1149 2383 diripiendis
1178 2330 1281 2367 velut
1310 2331 1377 2366 de-

271 2399 379 2434 sertis
411 2398 504 2448 fuga
535 2399 776 2436 dominorum
809 2398 940 2435 castris
970 2403 1198 2448 occupatum
1231 2395 1378 2446 inpedi-
