1527 2661
340 223 492 252 LIBER
518 222 623 249 xxl.
656 219 762 248 cAP.
782 219 916 246 xvn.
1103 212 1176 257 171

84 312 170 350 lem.
225 313 376 354 Sardos,
397 312 624 359 Corsosque,
655 315 693 345 et
718 308 851 350 Istros,
878 313 991 355 atque
1017 305 1179 356 Illyrios,
1195 310 1282 340 U.C.
1300 314 1374 339 53⁴.

84 377 275 413 lacessisse
301 377 434 424 magis,
462 388 574 423 quam
600 373 822 414 exercuisse,
849 370 1026 406 Romana
1054 353 1283 405 armazA‘C'
1300 357 1373 382 ²¹⁸⁸

84 445 123 475 et
142 452 224 475 cum
252 439 370 475 Gallis
396 437 665 473 tumultuatum
685 436 821 477 verius,
849 446 960 482 quam
984 432 1183 481 belligera-

84 509 175 539 tum.
231 503 407 545 Poenum,
426 502 574 537 hostem
595 506 826 540 veteranum,
857 497 968 532 trium
993 502 1031 532 et
1050 497 1184 544 viginti

85 579 269 602 annorum
301 566 435 602 militia
469 565 667 601 durissima
699 563 795 598 inter
829 561 1019 610 Hispanas
1054 566 1184 608 gentes

85 642 230 679 semper
255 630 450 672 victorem,
480 629 641 677 primum
668 624 899 666 Hamilcare,
926 624 1058 659 deinde
1085 623 1186 659 Has-

84 693 253 736 drubale,
272 706 373 729 nunc
396 691 626 733 Hannibale,
657 690 750 725 duce
776 688 957 724 acerrimo
977 688 1185 731 adsuetum,

84 762 271 792 recentem
305 756 351 792 ab
388 756 534 791 excidio
565 752 858 803 opulentissimae
888 750 1004 793 urbis,
1036 750 1187 787 Iberum

84 819 265 854 transire:
304 820 453 855 trahere
490 830 613 853 secum
651 821 711 851 tot
747 814 890 850 excitos
929 813 1187 863 Hispanorum

83 881 269 931 populos:
301 882 536 917 conciturum
562 879 686 915 avidas
717 889 862 926 semper
888 888 1075 911 armorum
1095 876 1187 912 Gal-

86 944 175 981 licas
195 951 348 994 gentes:
381 957 463 980 cum
494 943 586 979 orbe
611 948 794 978 terrarum
821 939 960 976 bellum
981 940 1186 988 gerendum

86 1009 125 1044 in
145 1008 257 1045 Italia
275 1023 318 1045 ac
337 1022 405 1059 pro
425 1007 612 1044 moenibus
632 1006 818 1041 Romanis
839 1017 930 1040 esse.

139 1072 256 1108 XVII
263 1101 270 1109 .
297 1072 514 1108 Nominatae
525 1069 606 1120 jam
626 1075 737 1105 antea
753 1067 968 1104 consulibus
985 1067 1186 1117 provinciae
1201 1077 1279 1108 Beni
1296 1078 1390 1116 adpa-

88 1142 218 1181 erant3
249 1142 330 1171 tum
350 1136 475 1171 sortiri
489 1134 599 1184 jussi.
656 1132 834 1169 Cornelio
855 1132 1054 1182 Hispania,
1083 1131 1188 1167 Sem·
1201 1121 1386 1193 ssg‘ga‘ffigfl

87 1199 223 1247 pronio
243 1198 372 1234 Africa
397 1210 482 1233 cum
508 1196 636 1233 Sicilia
662 1196 798 1232 evenit.
855 1195 928 1230 Sex
948 1195 986 1229 in
1012 1206 1096 1229 eum
1122 1207 1188 1230 an—

88 1273 178 1296 num
193 1261 348 1297 decretae
364 1260 545 1308 legiones,
567 1267 603 1295 et
619 1258 764 1294 sociam
781 1263 962 1306 quantum
978 1257 1067 1306 ipsis
1088 1258 1189 1293 vide—

88 1330 203 1367 retur,
224 1331 262 1360 et
288 1324 414 1360 classis
442 1329 583 1372 quanta
609 1322 733 1372 parari
760 1326 897 1371 posset.
954 1321 1127 1359 Quatuor
1153 1327 1191 1357 et

89 1387 221 1435 viginti
248 1387 413 1436 peditum
438 1386 701 1421 Romanorum
728 1384 845 1419 millia
865 1390 951 1419 sunt
978 1384 1129 1433 scripta,
1152 1390 1188 1419 et

87 1449 188 1485 mille
207 1449 416 1497 octingenti
435 1449 576 1497 equites
594 1463 600 1483 :
631 1447 818 1483 sociorum
837 1447 1086 1495 quadraginta
1106 1447 1188 1481 mil-

86 1513 138 1548 lia
161 1513 341 1562 peditum,
361 1519 523 1562 quatuor
541 1511 658 1547 millia
676 1517 714 1547 et
732 1510 995 1559 quadringenti
1015 1511 1157 1558 equites
1177 1525 1184 1545 ε

86 1588 198 1612 naves
217 1575 386 1611 ducentae
412 1576 546 1624 viginti
566 1575 864 1626 quinqueremeS,
888 1573 1031 1608 celoces
1056 1573 1188 1622 viginti

86 1639 266 1675 deductae.
312 1638 452 1675 Latum
471 1639 556 1674 inde
575 1639 620 1674 ad
641 1637 836 1688 populum,
853 1638 996 1679 vellent,
1008 1636 1186 1683 juberent,

83 1704 219 1751 populo
247 1703 541 1750 Karthaginiensi
568 1703 698 1738 bellum
724 1703 845 1737 indici.
906 1700 1074 1750 Ejusque
1099 1700 1187 1735 belli

88 1780 218 1805 caussa
244 1768 470 1817 supplicatio
496 1780 562 1817 per
586 1767 716 1803 urbem
735 1767 879 1808 habita,
904 1773 1015 1814 atque
1043 1766 1187 1801 adorati

87 1831 167 1873 Dii,
184 1837 226 1866 ut
240 1831 336 1866 bene
356 1844 397 1866 ac
417 1830 576 1866 feliciter
594 1831 772 1874 eveniret,
789 1830 887 1879 quod
907 1828 1047 1865 bellum
1066 1842 1185 1879 popu-2

87 1893 143 1929 lus
163 1893 356 1929 Romanus
370 1892 557 1943 jussisset.
603 1894 709 1929 Inter
728 1892 899 1929 consules
921 1893 973 1927 ita
992 1893 1109 1942 copiae
1130 1893 1185 1928 di-

86 1957 185 1992 visae.
240 1957 463 2005 Sempronio
490 1957 585 1992 datae
612 1956 778 2004 legiones
805 1956 900 1998 duae,
924 1957 987 2002 (ea
1005 1962 1186 2004 quaterna

87 2019 203 2055 millia
217 2026 322 2055 eraut
337 2020 517 2069 peditum,
534 2026 572 2056 et
586 2020 744 2055 trecenti
760 2020 921 2068 equites)
940 2025 978 2055 et
997 2020 1184 2055 sociorum

87 2081 271 2118 sexdecim
299 2081 415 2117 millia
443 2083 623 2132 peditum,
652 2083 794 2130 equites
817 2081 918 2117 mille
947 2082 1179 2129 octingenti:

84 2157 194 2181 naves
223 2144 345 2193 longae
375 2151 525 2180 centum
557 2145 765 2192 sexaginta,
795 2144 940 2180 celoces
973 2144 1182 2182 duodecim.

86 2207 182 2242 Cum
207 2207 263 2242 his
290 2208 527 2243 terrestribus
555 2208 826 2254 maritimisque
854 2208 971 2256 copiis
997 2207 1056 2243 Ti.
1077 2207 1182 2244 Sem-

86 2270 237 2318 pronius
267 2271 399 2305 missus
426 2272 463 2306 in
494 2270 681 2314 Siciliam5
714 2271 767 2305 ita
796 2271 834 2306 in
860 2270 1028 2306 Africam
1060 2277 1180 2306 trans-

85 2333 277 2382 missurus,
297 2335 327 2369 si
349 2334 394 2369 ad
413 2335 614 2371 arcendum
634 2333 746 2370 Italia
760 2334 921 2371 Poenum
938 2333 1069 2370 consul
1087 2333 1181 2370 alter
