1527 2661
396 211 551 241 LIBER
576 211 644 239 IX.
678 209 783 239 CAP.
807 209 914 238 XIV·
1153 205 1202 239 21

89 313 140 338 ea
158 306 384 352 tempestate
403 302 441 338 in
463 300 655 337 montibus
675 300 829 336 vicatim
846 297 1080 340 habitantes,
1103 310 1204 334 cam·
1218 307 1308 340 U.C.
1325 311 1399 338 434.

97 366 238 415 pestria
263 374 300 401 et
327 366 517 402 maritima
546 364 644 407 loca,
665 370 860 400 contemto
891 361 1079 398 cultorum
1108 360 1204 398 mol-
1218 351 1309 383 A·C·
1326 354 1403 380 31⁸.

95 429 190 466 liore
218 437 346 479 atque,
368 436 409 466 ut
438 431 563 466 evenit
582 429 675 472 fere,
706 428 799 464 locis
828 426 939 463 simili
961 439 1111 476 genere,
1137 427 1210 476 ipsi

96 494 270 529 montani
289 500 402 542 atque
430 501 596 542 agrestes
616 491 967 543 depopulabantur:
1000 490 1210 539 quaessregio

97 557 129 593 si
148 557 222 594 fida
252 558 484 594 Samnitibus
514 557 662 600 fuisset,
683 564 749 593 aut
778 556 972 605 pervenire
990 556 1116 604 Arpos
1146 567 1212 591 ex-

98 622 236 657 ercitus
256 621 453 658 Romanus
474 621 680 670 nequisset,
702 625 769 656 aut
794 618 994 669 interjecta
1012 619 1112 654 inter
1130 617 1213 654 Ro-

99 696 200 721 mam
227 691 266 720 et
285 685 424 734 Arpos,
445 685 601 734 penuria
630 696 754 720 rerum
784 683 968 725 omnium,
989 681 1161 718 exclusos
1192 694 1215 717 a

90 748 373 784 -commeatibus
411 748 668 784 absumsisset.
709 747 808 782 Tum
837 759 988 796 quoque
1020 744 1368 797 profectosPapjriu’

99 810 187 847 inde
216 811 264 846 ad
295 810 511 854 Luceriam,
542 810 659 860 juxta
693 810 910 846 obsidentes
948 810 1214 859 obsessosque,
1227 786 1431 862 <gig-:glaliu-

99 877 231 927 inopia
245 877 417 913 vexavit:
450 876 579 913 omnia
598 876 645 913 ab
662 877 775 926 Arpis
795 876 981 912 Romanis
998 875 1217 926 subpedita-

102 938 268 985 bantur3
302 946 469 976 ceterum
497 940 593 976 adeo
623 941 773 989 exigue,
803 947 845 976 ut
873 940 1000 983 militi,
1031 946 1220 990 occupato

104 1003 333 1040 stationibus
362 1003 574 1053 vigiliisque
603 1010 642 1040 et
670 1016 799 1054 opere,
829 1017 941 1054 eques
972 1003 1151 1041 folliculis
1181 1005 1221 1040 in

102 1074 228 1105 castra
255 1068 302 1105 ab
321 1069 435 1119 Arpis
455 1068 688 1105 frumentum
717 1070 898 1115 veheret3
931 1069 1122 1105 interdum
1151 1067 1224 1105 ob-

106 1144 218 1168 cursu
236 1132 406 1169 hostium
425 1140 639 1182 cogeretur,
660 1133 812 1184 abjecto
832 1146 879 1170 ex
898 1145 996 1183 equo
1011 1133 1221 1176 frumento,

104 1208 299 1246 pugnare:
332 1198 495 1233 obsessis
514 1199 632 1248 prius,
660 1212 773 1248 quam
802 1198 898 1235 alter
917 1197 1050 1234 consul
1080 1198 1225 1233 victore

108 1262 278 1297 exercitu
307 1262 473 1304 advenit,
495 1268 533 1297 et
561 1270 794 1298 commeatus
816 1275 862 1297 ex
890 1261 1086 1298 montibus
1117 1261 1226 1297 Sam-

107 1325 245 1360 nitium
264 1325 404 1361 invecti
424 1331 544 1368 erant,
566 1332 604 1361 et
632 1326 773 1362 auxilia
792 1326 1023 1361 intromissa.
1069 1325 1228 1360 Artiora

109 1389 238 1425 omnia
265 1389 447 1425 adventus
477 1388 633 1425 Publilii
651 1389 765 1434 feeit,
799 1390 877 1437 qui,
898 1389 1098 1425 obsidione
1126 1387 1227 1424 dele-

111 1459 201 1502 gata
220 1454 258 1489 in
285 1466 414 1490 curam
433 1453 603 1502 collegae,
624 1467 763 1490 vacuus
791 1467 858 1504 per
877 1467 989 1503 agros
1010 1459 1147 1490 cuncta
1167 1453 1226 1489 in—

106 1518 206 1555 festa
243 1519 516 1556 commeatibus
553 1520 721 1556 hostium
749 1519 902 1556 fecerat.
948 1519 1083 1568 Itaque
1111 1531 1229 1567 quum

112 1596 196 1634 spes
226 1583 331 1620 nulla
358 1589 470 1627 esset,
501 1584 640 1620 diutius
671 1584 847 1620 obsessos
868 1585 1035 1634 inopiam
1068 1583 1226 1626 laturos,

115 1648 239 1685 coacti
266 1648 469 1691 Samnites,
491 1649 555 1697 qui
581 1649 629 1685 ad
647 1649 849 1685 Luceriam
869 1656 992 1685 castra
1018 1648 1227 1692 habebant,

113 1713 280 1762 undique
299 1713 504 1749 contractis
534 1713 690 1756 viribus,
711 1714 819 1762 signa
849 1713 1111 1763 cum-Papirio
1135 1725 1228 1749 con-

108 1776 220 1814 ferre.

169 1841 282 1878 XIV.
309 1841 383 1878 Per
412 1842 450 1877 id
477 1848 640 1892 tempus,
667 1841 888 1892 parantibus
917 1842 1086 1891 utrisque
1115 1854 1154 1878 se
1184 1841 1231 1878 ad

118 1905 308 1957 proelium,
325 1906 439 1955 legati
455 1906 653 1942 Tarentini
669 1907 940 1950 interveniunt,
959 1907 1231 1943 denunciantes

119 1971 350 2008 Samnitibus
372 1972 646 2021 Romanisque,
667 1979 709 2008 ut
728 1972 869 2008 bellum
889 1973 1132 2009 omitterent:
1166 1984 1233 2021 per

115 2041 222 2072 utros
242 2036 422 2079 stetisset,
440 2049 515 2084 quo
534 2037 658 2072 minus
678 2036 933 2072 discederetur
952 2036 998 2073 ab
1019 2037 1147 2079 armis,
1166 2035 1232 2071 ad-

118 2112 244 2136 versus
265 2112 329 2136 eos
359 2112 398 2135 se
423 2112 492 2149 pro
512 2099 638 2135 alteris
668 2107 915 2149 pugnaturos.
962 2100 1022 2136 Ea
1041 2100 1233 2147 legatione

119 2163 292 2214 Papirius
313 2164 455 2207 audita,
473 2164 626 2213 perinde
646 2177 689 2200 ac
708 2170 834 2201 motus
850 2165 960 2200 dictis
981 2176 1126 2206 eorum,
1148 2175 1233 2199 cum

123 2230 271 2279 collega
303 2243 342 2266 se
375 2230 741 2266 communicaturum
778 2230 997 2279 respondit.-
1032 2231 1234 2278 adcitoque

122 2307 182 2337 eo,
204 2308 318 2344 quum
347 2300 495 2344 tempus
525 2307 639 2330 omne
667 2295 706 2330 in
736 2294 919 2344 adparatu
948 2295 1233 2338 consumsisset,

121 2359 346 2396 conlocutus
377 2360 422 2396 de
450 2372 490 2396 re
516 2359 619 2396 haud
647 2358 776 2403 dubia,
799 2359 952 2409 signum
977 2372 1116 2411 pugnae
1144 2372 1234 2411 pro-
