1527 2661
355 205 510 234 Lmen
534 203 680 232 xxvr.
711 201 817 231 eAr.
841 203 888 232 v.
1101 202 1183 246 505

72 292 176 330 ribus
197 293 319 330 inest:
351 306 415 330 eos
436 291 605 342 singulos
629 292 668 328 in
692 303 810 341 equos
841 303 928 327 suos
955 291 1182 342 accipientes
1197 294 1239 325 U.
1252 293 1290 324 C-
1306 300 1378 323 541.

74 358 218 406 equites
250 357 550 400 adsuefecerunt,
571 363 609 393 et
633 357 719 393 vehi
748 362 836 406 post
861 368 955 399 sese,
980 362 1017 392 et
1037 356 1186 393 desilire
1197 338 1236 368 A.
1253 337 1289 367 Ο·
1306 342 1378 367 ‘²¹¹'

74 423 290 472 perniciter,
311 422 376 459 ubi
396 423 546 472 signum
565 422 695 458 datum
715 427 826 458 esset.
881 420 1091 470 Postquam
1120 420 1186 457 ad-

75 487 272 523 suetudine
300 487 525 536 quotidiana
550 487 641 523 satis
671 486 858 536 intrepide
876 486 997 522 visum
1016 492 1073 522 est
1091 485 1185 529 fieri,

75 552 114 588 in
134 562 322 602 campum,
343 554 405 602 qui
426 552 569 588 medius
590 551 688 587 inter
705 557 830 587 castra
851 561 1073 599 murumque
1092 556 1186 592 erat,

76 616 249 652 adversus
278 616 485 652 instructos
516 616 799 665 Campanorum
825 615 968 664 equites
994 627 1186 665 processe-

75 687 189 716 runt:
222 686 273 723 et,
296 679 359 716 ubi
388 680 436 716 ad
464 678 681 729 conjectum
708 677 775 714 teli
803 684 958 714 ventum
980 685 1051 721 est,
1077 678 1188 726 siguo

75 742 165 779 dato
185 742 315 779 velites
335 743 539 779 desiliunt:
571 742 753 793 pedestris
781 742 868 778 inde
892 742 991 778 acies
1016 754 1063 778 ex
1084 742 1188 791 equi-

75 812 159 843 tatu
178 815 332 857 repente
359 808 397 843 in
423 807 592 843 hostium
613 807 756 856 equites
780 807 960 843 incurrit:
986 805 1190 857 jaculaque

76 882 160 906 cum
177 871 309 920 inpetu
324 870 396 907 alia
413 884 524 921 super
540 871 614 907 alia
633 872 825 907 emittunt.
855 870 1003 910 Quibus
1019 867 1190 920 plurimis

76 934 116 970 in
134 947 249 983 equos
269 935 443 984 virosque
463 935 603 984 passim
622 933 806 984 conjectis
832 933 1039 985 permultos
1058 933 1189 969 vulne*

76 1004 254 1034 taverunt
271 1012 279 1033 ι
311 999 460 1048 pavoris
480 1004 608 1034 tamen
622 997 710 1048 ,plus
732 1010 777 1033 ex
797 1009 837 1033 re
856 1010 956 1034 nova
973 1003 1088 1046 atque
1107 997 1191 1033 ino-

77 1062 209 1112 pinata
227 1061 408 1112 injectum
434 1068 504 1105 est,
525 1068 564 1097 et
587 1062 625 1097 in
646 1059 859 1111 perculsum
878 1061 1028 1097 hostem
1047 1060 1194 1110 equites

78 1125 231 1168 invecti,
247 1125 386 1174 fugam
414 1132 653 1174 stragemque
683 1137 813 1161 eorum
843 1137 960 1174 usque
989 1125 1035 1161 ad
1064 1130 1192 1175 portas

72 1188 261 1226 fecerunt.
313 1189 414 1226 ¹Inde
442 1189 613 1238 equitatu
642 1201 792 1238 quoque
821 1189 990 1239 superior
1015 1188 1195 1225 Romana

75 1265 135 1290 res
155 1253 239 1289 fuit.
296 1253 534 1297 Institutum,
552 1260 593 1290 ut
610 1253 741 1290 velites
762 1254 800 1289 in
821 1253 1033 1302 legionibus
1054 1259 1371 1292 essentvelitesin

77 1318 287 1354 Auctorem
316 1318 483 1368 peditum
514 1318 631 1367 equiti
659 1317 979 1354 inmiscendorum
1001 1319 1192 1355 centurio·
1204 1304 1404 1345 legionibu⁵²'

79 1394 166 1419 nem
186 1383 234 1422 Q.
250 1382 416 1419 Navium
435 1383 576 1425 ferunt,
596 1383 810 1431 honorique
835 1382 874 1418 id
897 1383 930 1419 ei
949 1383 1050 1433 apud
1074 1383 1193 1434 impe-

80 1453 244 1483 ratorem
263 1447 391 1484 fuisse.

132 1510 179 1547 V.
223 1511 352 1550 Quum
384 1511 424 1547 in
453 1512 527 1547 hoc
559 1517 662 1547 statu
690 1511 737 1547 ad
767 1512 937 1562 Capuam
958 1524 1023 1548 ¹res
1052 1518 1191 1556 essent,

80 1573 338 1611 Hannibalem
375 1575 563 1611 diversum
605 1575 822 1611 Tarentinae
860 1575 955 1612 arcis
999 1576 1192 1625 potiundae
1206 1581 1370 1615 Hannibal

81 1639 296 1688 Capuaeque
324 1640 530 1676 retinendae
557 1640 761 1676 trahebant
790 1653 913 1676 curae:
946 1641 1036 1676 vicit
1064 1627 1366 1702 tamengffnfwu‘

81 1710 270 1754 respectus
293 1704 447 1753 Capuae,
468 1705 506 1740 in
526 1717 638 1753 quarm
657 1705 827 1740 omnium
853 1705 1042 1740 sociorum
1069 1704 1191 1741 hosti-

82 1780 219 1817 umque
239 1780 439 1804 conversos
459 1768 612 1804 videbat
638 1769 807 1814 animos3
841 1768 1070 1805 documento
1088 1769 1193 1805 futu-

81 1843 146 1874 rae,
181 1830 491 1880 qualemcumque
525 1837 702 1867 eventum
731 1831 894 1868 defectio
925 1831 971 1868 ab
1006 1831 1192 1869 Romanis

80 1894 287 1931 habuisset.
331 1894 468 1943 Igitur,
487 1907 627 1943 magna
646 1902 752 1945 parte
771 1896 1112 1946 inpedimentorum
1132 1910 1191 1934 re-

81 1958 172 1995 licta
191 1958 227 1994 in
248 1958 424 2001 Bruttiis,
445 1964 484 1994 et
509 1959 613 1994 omni
639 1959 811 2007 graviore
834 1966 994 2003 armatu,
1016 1973 1101 1996 cum
1128 1960 1192 1997 de-

81 2021 188 2058 lectis
215 2021 382 2072 peditum
410 2023 666 2071 equitumque,
688 2034 799 2071 quam
819 2029 970 2073 poterat
988 2024 1192 2074 aptissimis

81 2086 130 2123 ad
152 2087 414 2123 maturandum
440 2088 526 2130 iter,
546 2087 583 2122 in
607 2087 856 2137 Campaniam
879 2087 1101 2124 contendit:
1133 2100 1193 2124 se-

81 2151 160 2187 cuti
185 2157 313 2187 tamen
343 2157 421 2189 tam
446 2152 584 2201 raptim
611 2158 763 2187 euntem
788 2158 863 2188 tres
884 2158 922 2187 et
940 2153 1098 2201 triginta
1117 2151 1192 2188 ele-

80 2214 229 2265 phanti.
286 2213 332 2250 In
353 2213 448 2250 valle
468 2214 617 2251 occulta
635 2222 723 2265 post
744 2215 873 2252 Tifata
891 2222 1060 2251 montem
1080 2216 1192 2252 inmi-

81 2284 235 2314 nentem
257 2277 397 2327 Capuae
416 2279 600 2316 consedit.
631 2279 847 2316 Adveniens
866 2292 979 2328 quum
998 2278 1193 2315 castellum

82 2340 290 2385 Galatiam,
310 2342 484 2392 praesidio
515 2343 550 2379 vi
577 2342 701 2394 pulso,
722 2345 897 2395 cepisset,
925 2344 963 2380 in
992 2344 1191 2381 circumse-

136 2403 238 2443 Vot..
259 2404 312 2443 Π.
630 2405 667 2442 -Z
