1527 2661
277 180 330 223 72
742 168 787 208 T}
812 179 943 207 mvn

80 274 122 304 U.
134 274 171 304 C.
190 281 262 307 449·
276 273 385 316 moti,
403 278 507 308 metu
526 272 745 308 insidiarum
762 270 974 307 subsistunt
990 284 997 305 ε
1020 269 1245 318 transgressi
1261 269 1395 306 deinde

79 318 120 348 A.
133 317 170 347 C.
189 323 261 349 303.

54 1162 90 1193 C.
109 1161 236 1193 Flavius

54 1207 153 1237 aedilis
171 1216 227 1237 cu—

51 1250 140 1281 rulis.

274 336 429 379 vallum,
464 348 579 384 quum
609 334 757 370 deserta
790 334 920 370 omnia
952 333 1197 376 invenissent,
1233 340 1397 383 pergunt

274 401 426 437 hostem
446 400 614 448 vestigiis
636 399 766 447 sequi:
801 398 865 433 sed
884 398 1058 446 vestigia,
1080 397 1119 432 in
1138 409 1268 433 omnes
1290 410 1396 447 oeque

274 464 437 501 ferentia
452 469 594 513 partes,
617 468 657 497 ut
680 463 717 497 in
740 461 895 511 dilapsis
917 461 1070 510 passim,
1087 461 1210 510 primo
1228 473 1394 497 errorem

274 528 489 572 faciebant3
522 534 624 577 post,
645 539 711 575 per
729 524 988 575 exploratores
1007 526 1209 575 compertis
1225 525 1393 562 hostium

275 591 458 634 consiliis,
498 590 545 626 ad
583 588 752 638 singulas
792 588 903 624 urbes
941 588 1240 625 circumferendo
1277 587 1392 633 bello,

275 648 394 692 unum
413 662 451 691 et
472 653 725 704 quadraginta
741 653 881 703 oppida
900 653 1000 689 intra
1020 652 1098 689 dies
1119 653 1396 702 quinquaginta

274 721 405 758 onmia
424 719 685 769 obpugnando
715 724 920 768 ceperunt,
954 731 1116 767 quorum
1141 717 1320 768 pleraque
1338 718 1396 754 di-

273 792 359 822 ruta
388 791 503 834 atque
533 785 702 826 incensa,
723 796 942 832 nomenque
961 783 1177 832 AEquorum
1202 795 1322 832 prope
1347 782 1395 819 ad

271 850 574 886 internecionem
608 847 786 884 deletum.
838 847 899 883 De
918 847 1056 896 AEquis
1093 848 1393 897 triumphatum:

272 913 522 964 exemploque
542 924 673 948 eorum
694 911 817 948 clades
837 911 924 955 fuit,
945 918 988 947 ut
1012 911 1238 954 Marrucini,
1257 910 1394 954 Marsi,

271 977 436 1026 Peligni,
457 976 640 1012 Frentani
666 976 863 1012 mitterent
893 974 1059 1011 Romam
1090 981 1260 1011 oratores
1290 975 1394 1025 pacis

270 1041 444 1092 petendae
473 1040 749 1089 amicitiaeque:
782 1039 826 1075 iis
856 1038 1006 1089 populis
1026 1038 1148 1075 foedus
1175 1037 1392 1089 petentibus

271 1107 413 1143 datum.

323 1170 472 1207 XLVI.
500 1169 647 1206 Eodem
666 1181 767 1205 anno
785 1168 856 1205 Cn.
875 1167 1026 1205 Flavius
1046 1168 1116 1204 Cn.
1137 1167 1234 1204 filius
1255 1167 1392 1212 scriba,

270 1242 379 1286 patre
407 1234 603 1276 libertino,
623 1231 759 1268 humili
777 1231 934 1269 fortuna
953 1238 1073 1275 ortus,
1095 1238 1262 1268 ceterum
1285 1230 1391 1267 calli-

272 1301 338 1336 dus
358 1299 415 1335 vir
433 1305 472 1335 et
490 1297 689 1340 facundus,
712 1296 828 1334 aedilis
861 1296 1000 1333 curulis
1021 1296 1107 1333 fuit.
1163 1295 1324 1333 Invenio
1349 1296 1389 1333 in

272 1364 496 1415 quibusdam
516 1362 730 1405 annalibus,
753 1375 868 1411 quum
895 1361 1093 1411 adpareret
1119 1360 1304 1404 aedilibus,
1325 1360 1392 1398 fie-

268 1432 376 1480 rique
395 1442 435 1465 se
464 1441 533 1479 pro
552 1427 655 1463 tribu
676 1426 821 1463 aedilem
850 1426 1008 1469 videret,
1029 1438 1151 1475 neque
1180 1425 1302 1476 accipi
1320 1438 1391 1462 no-

268 1508 370 1538 men,
405 1493 494 1542 quia
527 1492 708 1542 scriptum
736 1491 901 1536 faceret3
934 1490 1105 1526 tabulam
1137 1490 1322 1540 posuisse,
1354 1497 1392 1527 et

259 1559 426 1609 jurasse,
449 1571 487 1594 se
508 1558 690 1607 scriptum
716 1569 795 1592 non
815 1556 1028 1593 facturum:
1062 1568 1174 1604 quem
1193 1554 1390 1604 aliquanto

266 1630 357 1660 ante
376 1623 515 1659 desisse
540 1622 722 1671 scriptum
742 1619 880 1663 facere,
902 1621 1028 1668 arguit
1052 1619 1186 1656 Macer
1204 1618 1391 1662 Licinius,

266 1688 463 1724 tribunatu
484 1691 572 1721 ante
588 1691 696 1734 gesto
716 1684 1105 1733 triumviratibusque‚
1126 1689 1316 1720 nocturno
1333 1682 1388 1719 al·

266 1760 363 1796 tero,
395 1750 515 1788 altero
545 1749 706 1786 coloniae
726 1749 966 1785 deducendae.
1009 1748 1189 1784 Ceterum
1210 1748 1266 1796 (id
1288 1748 1390 1797 quod

265 1817 367 1853 haud
393 1815 598 1866 discrepat)
622 1814 863 1851 contumacia
892 1813 1068 1850 adversus
1098 1818 1388 1849 contemnentes

265 1880 519 1917 humilitatem
540 1892 647 1916 suam
668 1878 814 1915 nobiles
836 1878 996 1914 certavit
1014 1892 1022 1914 :
1056 1876 1165 1914 civile
1177 1876 1258 1928 jus,
1274 1890 1387 1928 repo-

266 1946 380 1981 situm
400 1945 439 1980 in
464 1942 722 1994 penetralibus
751 1942 991 1992 pontificum,
1021 1942 1227 1990 evulgavit,
1248 1942 1388 1979 fastos-

266 2022 338 2059 que
359 2009 459 2045 circa
477 2008 603 2044 forum
623 2008 662 2043 in
693 2007 780 2044 albo
808 2007 1022 2057 proposuit,
1045 2012 1100 2049 ut,
1121 2006 1273 2055 quando
1303 2006 1388 2056 lege

265 2074 326 2122 agi
348 2079 490 2123 posset,
513 2073 694 2108 sciretur:
729 2071 845 2107 aedem
866 2071 1091 2107 Concordiae
1118 2071 1158 2106 in
1185 2083 1273 2107 area
1291 2070 1386 2107 Vul-

267 2138 350 2173 cani
373 2148 519 2173 summa
538 2135 680 2171 invidia
705 2135 893 2171 nobilium
913 2134 1098 2171 dedicavit
1111 2150 1122 2180 3
1156 2140 1386 2184 coactusque

267 2213 455 2237 consensu
473 2199 606 2250 populi
626 2199 825 2236 Cornelius
846 2199 1036 2236 Barbatus
1066 2198 1244 2250 pontifex
1263 2199 1384 2235 maxi-

266 2278 348 2302 mus
371 2264 489 2301 verba
507 2264 653 2315 praeire,
675 2277 789 2313 quum
809 2276 914 2300 more
929 2263 1116 2314 majorum
1134 2270 1305 2313 negaret,
1326 2264 1386 2300 ni-

267 2330 295 2365 si
318 2329 513 2366 consulem
539 2335 605 2366 aut
633 2330 917 2381 imperatorem,
937 2341 1050 2380 posse
1079 2327 1262 2380 templum
1281 2329 1385 2366 ‹ledi-
