1527 2661
326 176 412 220 572
790 187 836 215 T.
860 188 995 217 mvn

131 270 175 301 U.
186 271 223 302 C.
242 280 314 305 542.

128 314 157 345 A
185 314 211 345 C
240 324 303 349 210
328 269 392 317 qui
425 270 535 307 simul
567 284 652 309 cnm
671 287 717 310 eo
746 278 848 327 capti
878 285 1000 322 erant,
1021 280 1062 317 in
1091 293 1225 320 navem
1253 284 1447 333 inpositis,

327 335 509 371 nuncium
531 338 698 376 victoriae
724 339 892 378 Romam
918 344 1061 381 mittit:
1093 346 1174 396 ipse
1192 358 1333 397 paucos
1354 348 1448 392 dies,

327 397 464 446 quibus
483 403 623 437 morari
646 403 889 454 Karthagine
915 414 1114 453 statuerat,
1135 411 1353 447 exercendis
1378 424 1449 450 na-

327 464 472 501 valibus
499 469 811 522 pedestribusque
836 476 956 525 copiis
975 475 1180 514 absumsit.
1236 477 1367 514 Primo
1390 477 1452 514 die

326 529 496 580 legiones
527 534 565 569 in
597 538 709 573 armis
737 545 900 588 quatuor
930 541 1090 578 millium
1120 538 1246 592 spafio
1275 543 1451 579 dcem-re-

326 602 438 631 runt:
472 599 638 636 secundo
659 601 719 638 die
744 615 850 640 arma
868 616 1000 642 curare
1026 613 1065 642 et
1089 613 1239 655 tergere
1259 613 1348 643 ante
1366 611 1452 643 ten·
1472 638 1475 641 ,

326 659 428 696 toria
448 659 589 711 jussit:
622 666 739 702 tertio
758 667 819 704 die
847 669 1003 706 rudibus
1032 671 1133 707 inter
1161 683 1201 707 se
1228 671 1270 707 in
1297 670 1454 708 modum

319 722 437 774 justae
464 739 602 775 pugnae
630 740 919 777 concurrerunt,
939 735 1222 786 praepilatisque
1247 735 1454 772 missilibus

318 786 482 838 jaculati
503 798 614 828 sunt:
647 802 783 843 quarto
804 797 862 834 die
882 798 987 847 quies
1009 800 1120 836 data:
1153 801 1289 849 quinto
1313 800 1454 836 iterum

325 854 366 888 in
386 855 499 891 armis
520 856 719 896 decursum
738 867 808 899 est.
861 863 978 900 Hunc
998 865 1170 901 ordinem
1188 864 1329 901 laboris
1347 864 1455 912 quie·

327 918 466 969 tisque,
498 924 623 971 quoad
660 925 904 975 Karthagine
933 930 1072 965 morati
1107 935 1210 973 sunt,
1242 930 1453 966 servarunt.

327 982 548 1032 Remigium
584 987 807 1035 classicique
839 992 993 1032 milites,
1024 993 1231 1039 tranquillo
1264 994 1304 1028 in
1335 992 1454 1029 altum

328 1046 465 1088 evecti,
487 1047 699 1095 agilitatem
728 1051 883 1086 navium
910 1052 1119 1089 simulacris
1146 1052 1291 1089 navalis
1318 1066 1455 1102 pugnae

329 1110 637 1160 experiebantur.
686 1113 782 1151 Haec
798 1121 908 1152 extra
923 1116 1055 1152 urbem
1069 1123 1170 1153 terra
1186 1118 1356 1166 marique
1371 1130 1456 1155 cor·

329 1187 425 1226 pora
440 1176 552 1212 simul
567 1178 791 1228 animosque
806 1180 852 1215 ad
869 1179 1011 1216 bellum
1024 1180 1214 1217 acuebant
1228 1196 1236 1217 :
1270 1181 1358 1217 urbs
1373 1182 1459 1231 ipsa

330 1240 525 1290 strepebat
551 1241 736 1292 adparatu
754 1243 859 1287 belli,
880 1243 998 1279 fabris
1019 1245 1190 1280 omnium
1211 1257 1393 1293 generum
1417 1246 1459 1281 in

331 1304 485 1354 publica
504 1307 657 1344 officina
682 1307 859 1344 inclusis:
894 1309 970 1345 dux
993 1316 1131 1345 cuncta
1157 1310 1239 1358 pari
1264 1321 1354 1345 cura
1371 1308 1457 1345 obi-

330 1368 420 1406 bat:
455 1383 556 1406 nunc
576 1372 616 1407 in
643 1371 763 1408 classe
783 1385 826 1408 ac
853 1372 979 1409 navali
998 1380 1102 1418 erat3
1136 1385 1238 1408 nunc
1257 1386 1343 1408 cum
1363 1372 1458 1421 legi-

331 1433 469 1470 onibus
490 1435 737 1482 decurrebat5
771 1450 871 1473 nunc
892 1437 1069 1487 operibus
1090 1437 1341 1487 adspiciendis
1362 1443 1459 1473 tem-

330 1512 399 1550 pus
420 1499 548 1542 dabat,
570 1513 729 1549 quaeque
749 1501 785 1537 in
807 1501 982 1544 officinis,
1004 1514 1162 1550 quaeque
1186 1501 1225 1536 in
1245 1512 1472 1536 armamenw

331 1564 430 1600 tario
459 1576 502 1599 ac
531 1564 729 1599 navalibus
759 1564 955 1600 fabrorum
986 1564 1191 1600 multitudo
1221 1564 1384 1614 plurima
1413 1564 1454 1600 in

331 1626 501 1676 singulos
533 1628 611 1663 dies
641 1630 848 1664 certamine
878 1629 1023 1676 ingenti
1054 1627 1232 1664 faciebat.
1290 1627 1364 1664 His
1398 1626 1454 1663 ita

333 1692 538 1734 inchoatis,
566 1691 807 1740 refectisque,
828 1705 902 1741 qua
929 1692 1054 1742 quassi
1081 1698 1203 1734 erant,
1231 1692 1361 1734 muris,
1382 1691 1458 1727 dis-

137 1770 167 1801 It
181 1770 293 1799 Tarra-
335 1757 546 1807 positisque
566 1757 749 1806 praesidiis
771 1758 817 1793 ad
833 1757 1047 1794 custodiam
1068 1755 1185 1799 urbis,
1201 1755 1459 1791 Tarraconem

138 1822 270 1845 ⁰0nem·
336 1828 394 1857 est
412 1822 622 1871 profectus,
644 1836 665 1858 a
691 1822 819 1857 multis
849 1821 1105 1871 legationibus
1135 1821 1310 1870 protinus
1340 1820 1378 1856 in
1399 1819 1458 1855 via

336 1885 484 1922 aditus:
517 1899 608 1935 quas
637 1888 775 1937 partim
796 1887 885 1922 dato
913 1897 1097 1935 responso
1124 1897 1170 1921 ex
1196 1885 1331 1920 itinere
1350 1883 1461 1920 dimi·

336 1950 399 1992 sit,
420 1951 561 2000 partim
586 1950 734 1986 distulit
759 1950 1032 1991 Tarraconem,
1053 1961 1129 1997 quo
1150 1947 1326 1984 omnibus
1352 1946 1459 1982 novis

335 2014 602 2064 veteribusque
628 2015 740 2050 sociis
769 2015 937 2051 edixerat
964 2019 1206 2050 conventum.
1264 2011 1316 2047 Et
1335 2010 1462 2046 cuncti

336 2080 429 2123 fere,
455 2081 518 2128 qui
548 2082 601 2116 cis
633 2080 785 2116 Iberum
815 2080 1002 2122 incolunt,
1033 2076 1178 2128 populi,
1209 2074 1317 2113 multi
1347 2076 1462 2112 etiam

339 2143 527 2180 ulterioris
543 2145 748 2194 provinciae
764 2152 1035 2181 convenerunt.
1078 2140 1461 2190 Karthaginiensium

339 2210 452 2247 duces
476 2212 599 2259 primo
621 2223 667 2246 ex
693 2211 879 2246 industria
898 2209 1038 2246 famam
1067 2215 1186 2258 captae
1207 2204 1457 2252 Karthaginis

339 2281 666 2323 compresserunt:
699 2275 848 2317 deinde,
869 2280 912 2309 ut
931 2273 1068 2309 clarior
1087 2283 1144 2307 res
1166 2276 1261 2313 erat,
1283 2280 1396 2318 quam
1418 2272 1458 2302 ut

347 2340 426 2388 tegi
454 2352 497 2375 ac
517 2338 745 2375 dissimulari
771 2344 915 2390 posset,
943 2335 1143 2374 elevabant
1168 2332 1304 2372 verbis.
1352 2331 1464 2368 Nec0=
