1527 2661
79 261 123 292 U.
140 262 178 292 C.
194 268 268 293 433.

85 305 124 335 A.
140 305 176 335 C.
194 312 268 339 319.

281 177 334 208 12
715 177 760 206 Τ.
794 177 927 207 LIVII

279 270 423 313 gentem
454 265 583 301 molem
617 266 753 301 irarum
782 278 824 302 ex
851 267 927 302 alto
960 267 1079 301 animo
1111 266 1233 302 cientis
1265 264 1399 301 indicia

281 342 373 366 esse:
406 335 472 366 aut
491 330 659 367 Romana
683 343 720 367 se
748 333 914 379 ignorare
940 332 1100 378 ingenia,
1130 335 1195 366 aut
1218 330 1399 366 silentium

280 395 375 430 illud
394 394 617 430 Samnitibus
630 395 771 444 flebiles
789 395 883 431 brevi
906 396 1076 431 clamores
1092 395 1311 442 gemitusque
1335 404 1396 427 ex-

280 459 476 494 citaturum
487 474 500 501 ,·
532 458 771 507 Caudinaeque
803 461 905 507 pacis
941 460 1127 507 aliquanto
1163 456 1396 498 Samnitibus,

279 535 388 570 quam
408 522 593 565 Romanis,
608 525 798 558 tristiorem
813 525 1022 559 memoriam
1031 522 1131 570 fore.
1164 523 1306 570 Quippe
1319 531 1399 556 suos

278 598 452 635 quemque
470 599 590 622 eorum
613 589 751 623 animos
770 587 990 629 habiturum,
1010 587 1219 634 ubicumque
1237 595 1399 632 congres-

68 850 188 880 Luctus
205 850 268 880 Ro-

65 903 141 924 mae.

80 2131 122 2160 Q.
139 2129 256 2160 Fabius

77 2175 222 2204 dictator.

82 2281 131 2310 M.
148 2280 257 2310 AEmi*

81 2324 142 2354 lius
157 2325 256 2353 dicta-

83 2375 139 2397 [ΟΥ.

277 654 354 686 suri
371 653 468 687 sint:
495 652 610 687 saltus
632 651 811 688 Caudinos
828 664 899 688 non
918 652 1044 700 ubique
1070 650 1291 687 Samnitibus
1299 648 1399 698 fore.

279 716 367 752 Jam
386 716 522 753 Romae
543 718 658 753 etiam
679 730 746 754 sua
764 717 916 753 infamis
938 717 1062 753 clades
1083 722 1175 752 erat.
1213 714 1388 751 Obsessa

277 787 443 836 primum
463 786 687 822 audierunt:
719 788 866 822 tristior
886 786 1019 823 deinde
1048 785 1313 834 ignominiosa!
1333 796 1401 833 pa-

280 857 332 892 cis
363 857 498 905 magiS,
520 868 633 905 quam
662 855 833 906 periculi,
864 856 1026 892 nuncius
1051 855 1136 891 fuit.
1181 854 1242 890 Ad
1260 852 1402 889 famam

282 920 493 956 obsidionis
528 919 694 955 delectus
732 919 865 956 haberi
902 925 1048 969 coeptus
1088 923 1193 954 erat:
1225 917 1399 954 dimissus

283 984 418 1021 deinde
445 983 674 1020 auxiliorum
701 984 917 1034 adparatus,
939 990 1141 1034 postquam
1168 981 1401 1019 deditionem

283 1056 363 1085 tam
381 1049 482 1085 foede
498 1048 637 1085 factam
654 1055 880 1099 acceperunt
898 1064 905 1084 τ
938 1047 1205 1098 extemploque
1224 1046 1305 1082 sine
1324 1044 1403 1081 ulla

284 1112 438 1163 publica
468 1114 697 1150 auctoritate
726 1125 954 1149 consensum
986 1113 1026 1149 in
1059 1124 1211 1148 ornnem
1240 1110 1405 1147 formam

284 1177 408 1212 luctus
437 1184 506 1214 est.
549 1177 736 1213 Tabernae
758 1179 857 1213 circa
877 1177 1003 1213 forum
1023 1176 1174 1218 clausae,
1189 1175 1405 1225 justitium-

286 1252 357 1288 que
383 1240 422 1275 in
451 1238 538 1275 foro
568 1251 635 1275 sua
665 1244 803 1289 sponte
834 1247 1002 1289 coeptum
1039 1240 1157 1288 prius,
1196 1250 1310 1287 quam
1347 1238 1406 1274 in·-

287 1305 454 1340 dictum:
486 1303 555 1339 lati
584 1303 695 1346 clavi,
717 1303 847 1339 annuli
877 1304 980 1339 aurei
1008 1304 1152 1354 positi3
1184 1315 1281 1353 pene
1310 1315 1407 1339 moe·

287 1369 382 1404 stior
401 1367 570 1403 exercitu
595 1368 680 1417 ipso
708 1367 839 1404 civitas
867 1380 970 1404 esse:
1001 1381 1072 1404 nec
1100 1367 1255 1404 ducibus
1283 1366 1407 1403 solum

289 1438 403 1482 atque
433 1430 652 1468 auctoribus
690 1431 1013 1482 sponsoribusque
1049 1433 1152 1482 pacis
1186 1432 1312 1475 irasci,
1346 1432 1411 1468 sed

288 1496 467 1532 innoxios
485 1497 598 1532 etiam
618 1495 758 1532 milites
777 1496 915 1539 odisse,
933 1503 970 1533 et
988 1509 1128 1545 negare
1144 1496 1238 1532 urbe
1252 1496 1410 1532 tectisve

290 1559 544 1611 accipiendos.
599 1560 726 1599 Quam
760 1561 1061 1596 concitationem
1089 1561 1302 1596 animorum
1331 1559 1408 1595 fre-

293 1627 346 1676 git
367 1626 551 1662 adventus
572 1626 774 1668 exercitus,
798 1627 912 1662 etiam
932 1627 1037 1662 iratis
1058 1625 1282 1662 miserabilis
1300 1640 1306 1661 z
1328 1638 1408 1662 non

292 1691 391 1727 enim
414 1696 606 1739 tamquam
632 1691 671 1726 in
698 1691 859 1741 patriam
886 1697 1116 1733 revertentes
1143 1703 1190 1727 ex
1215 1691 1409 1741 insperato

291 1754 516 1798 incolumes,
547 1755 612 1791 sed
645 1761 842 1804 captorum
872 1754 1007 1791 habitu
1036 1755 1218 1804 vultuque
1249 1756 1411 1804 ingressi

294 1831 377 1855 sero
398 1820 435 1854 in
457 1818 602 1861 urbem,
624 1819 676 1855 ita
706 1832 744 1855 se
770 1820 810 1855 in
838 1821 914 1855 suis
935 1820 1093 1868 quisque
1118 1819 1228 1855 tectis
1256 1819 1412 1856 abdide-

292 1890 395 1926 runt,
422 1889 465 1919 ut
493 1889 648 1932 postero
679 1890 792 1931 atque
820 1885 1107 1932 insequentibus
1138 1884 1269 1921 diebus
1298 1897 1412 1921 nemo

293 1960 425 1983 eorum
450 1947 575 1983 forum
602 1953 667 1983 aut
692 1947 886 1997 publicum
915 1948 1108 1997 adspicere
1133 1947 1257 1984 vellet.
1307 1948 1411 1985 Con-

293 2011 406 2055 sules,
426 2012 468 2048 in
493 2013 643 2061 privato
663 2012 794 2056 abditi,
815 2012 912 2048 nihil
939 2025 1009 2062 pro
1034 2014 1260 2061 magistratu
1287 2025 1413 2061 agere,

294 2077 366 2112 nisi
388 2076 489 2125 quod
518 2089 736 2126 expressum
764 2076 1095 2113 senatusconsulto
1127 2083 1197 2120 est,
1225 2083 1267 2113 ut
1293 2078 1412 2113 dicta-

293 2147 418 2176 torem
437 2140 605 2176 dicerent
625 2141 867 2177 comitiorum
886 2153 1030 2177 caussa.
1073 2141 1120 2180 Q.
1142 2140 1303 2177 Fabium
1322 2143 1416 2177 Am-

296 2204 451 2241 bustum
477 2204 667 2248 dixerunt,
705 2212 741 2240 et
771 2205 813 2241 P.
834 2205 981 2241 AElium
1009 2204 1157 2240 Paetum
1193 2206 1416 2254 magistrum

300 2270 467 2317 equitum
485 2284 492 2304 ε
527 2269 662 2317 quibus
689 2269 783 2305 vitio
805 2270 954 2313 creatis,
976 2268 1138 2305 subfecti
1156 2268 1213 2305 M.
1233 2268 1414 2306 AEmilius

255 2369 257 2371 .
299 2333 425 2384 Papus
447 2334 624 2378 dictator,
650 2334 698 2371 L.
725 2333 898 2370 Valerius
918 2333 1075 2371 Flaccus
1102 2334 1282 2383 magister
1309 2334 1413 2384 equi-
