1527 2661
139 244 180 274 U.
193 244 229 274 C.
248 250 322 279 537.

140 289 176 318 A.
194 288 230 319 C.
248 295 320 320 215.

139 1200 167 1227 A
185 1197 297 1235 conju·

139 1244 211 1270 ratis
226 1243 310 1271 occi-

135 1285 231 1313 ditur.

331 142 415 196 378
790 155 834 183 T.
860 155 994 184 mvn

388 240 477 277 VII.
509 241 582 277 Sed
608 243 735 278 omnia
759 243 797 279 in
818 256 863 278 eo
888 242 1098 292 praecipitia
1123 242 1169 278 ad
1189 243 1346 279 exitium
1364 243 1447 281 fue⁴

334 312 445 341 runt:
479 318 566 341 nam
586 319 715 354 quum,
735 308 936 356 praemissis
962 307 1199 356 Hippocrate
1224 313 1336 356 atque
1354 308 1450 357 Epi·
1488 328 1491 333 1
1522 316 1525 330 ³

333 369 426 419 cyde
455 382 539 404 cum
572 369 672 405 binis
702 370 867 406 millibus
902 377 1133 406 armatorum
1166 371 1213 407 ad
1244 371 1448 407 tentandas

332 433 457 476 urbes,
479 447 560 482 quae
579 435 762 483 praesidiis
783 433 1011 470 tenebantur
1029 434 1230 477 Romanis,
1252 441 1289 470 et
1308 436 1388 484 ipse
1408 436 1448 471 in

331 496 544 532 Leontinos
576 510 660 532 cum
690 504 816 532 cetero
846 498 951 533 omni
980 498 1147 533 exercitu
1177 500 1302 544 (erant
1321 505 1448 534 autem

333 560 380 596 ad
399 560 613 608 quindecim
639 560 756 596 millia
779 560 947 610 peditum
973 561 1233 609 equitumque)
1256 561 1448 610 profectus

333 630 451 668 esset,
483 622 619 659 liberas
642 624 736 659 aedes
757 623 945 672 conjurati
964 625 1020 670 (et
1039 636 1169 659 omnes
1189 623 1289 659 forte
1308 624 1448 661 milita-

331 685 443 733 bant)
477 688 704 722 inminentes
734 687 803 722 viae
833 693 1018 735 angustae,
1045 700 1118 735 qua
1148 687 1372 723 descendere
1401 687 1450 723 ad

331 750 458 787 forum
488 763 554 786 rex
583 750 743 794 solebat,
775 757 1008 786 sumserunt:
1041 751 1108 794 ibi,
1133 764 1247 799 quum
1272 752 1450 787 instructi

333 815 543 863 armatique
563 816 678 850 ceteri
697 816 898 852 transitum
922 821 1184 864 exspectantes
1205 821 1363 858 starent,
1384 815 1451 851 uni

333 891 378 914 ex
403 880 470 922 eis,
495 879 722 927 (Dinomeni
741 879 814 915 fuit
839 880 996 924 nomen)
1019 880 1107 928 quia
1133 885 1259 915 custos
1280 880 1452 929 corporis

333 949 427 985 erat,
449 948 573 991 partes
594 943 690 978 datae
718 949 819 985 suut,
841 949 895 985 ut,
918 955 1032 991 quum
1056 942 1376 992 adpropinquaret
1386 940 1452 991 ja«

332 1018 417 1042 nuae
438 1019 517 1050 rex,
534 1020 600 1057 per
620 1020 790 1044 caussam
806 1007 970 1056 aliquam
990 1008 1029 1043 in
1045 1008 1229 1056 angustiis
1247 1007 1452 1043 sustineret

333 1069 380 1104 ab
411 1075 519 1117 tergo
548 1082 696 1117 agmen.
754 1071 828 1112 lta,
854 1076 896 1105 ut
919 1077 1161 1113 convenerat,
1191 1071 1334 1106 factum
1364 1076 1421 1106 est
1438 1083 1452 1106 ε

332 1138 527 1181 tamquam
558 1133 703 1170 laxaret
740 1134 881 1170 elatum
914 1135 1046 1184 pedem
1084 1134 1132 1170 ab
1165 1135 1298 1170 stricto
1330 1134 1450 1177 nodo,

333 1204 501 1233 moratus
521 1198 672 1234 turbam
697 1198 947 1241 Dinomenes,
967 1204 1117 1234 tantum
1136 1197 1324 1234 intervalli
1343 1197 1452 1237 fecit.-

332 1267 390 1304 υτ,
412 1274 526 1309 quum
546 1263 583 1297 in
610 1269 901 1311 praetereuntem
925 1264 1004 1299 sine
1024 1264 1177 1298 armatis
1197 1275 1323 1310 regem
1343 1262 1451 1310 inpe-.
1498 1256 1501 1259 Δ

334 1333 394 1362 tus
428 1325 547 1368 fieret,
587 1327 854 1362 confoderetur
895 1326 1041 1375 aliquot
1078 1327 1179 1376 prius
1217 1324 1450 1367 vulneribus,-

334 1403 446 1437 quam
466 1390 637 1426 subcurri
662 1397 803 1439 posset.
862 1390 1038 1427 Clamore
1059 1397 1097 1426 et
1119 1389 1284 1426 tumultu
1304 1389 1450 1432 audito,

334 1454 373 1487 in
389 1452 659 1496 Dinomenem,
673 1453 756 1503 jam
772 1454 875 1489 haud
891 1454 1002 1490 dubie
1018 1453 1249 1495 obstantem,
1266 1452 1342 1488 tela
1358 1464 1450 1488 con-

327 1514 540 1564 jiciuntur:
574 1517 672 1552 inter
691 1530 773 1565 quae
799 1524 941 1559 tamen,
963 1517 1110 1553 duobus
1134 1517 1298 1566 acceptis
1318 1515 1450 1551 vulne-

332 1578 451 1622 ribus,
473 1580 602 1616 evasit.
658 1580 767 1629 Fuga
793 1580 1013 1623 satellitum,
1042 1586 1083 1616 ut
1105 1579 1300 1630 jacentem
1326 1579 1451 1616 videre

332 1656 474 1691 regem,
507 1644 610 1680 facta
641 1650 720 1679 est:
762 1644 1024 1680 interfectores
1058 1657 1143 1694 pars
1178 1645 1216 1680 in
1249 1644 1374 1679 forum
1404 1642 1452 1679 ad

332 1707 613 1744 multitudinem
642 1708 768 1743 laetam
796 1707 986 1751 libertate,
1019 1720 1104 1758 pars
1135 1708 1335 1756 Syracusas
1366 1719 1452 1756 per-

332 1777 441 1820 gunt,
477 1771 524 1806 ad
556 1771 856 1821 praeoccupanda
883 1773 1152 1808 Andrauodori
1185 1773 1451 1820 regiorumque

332 1835 492 1871 aliorum
513 1834 683 1870 consilia.
720 1835 874 1871 Incerto
894 1849 1016 1872 rerum
1035 1842 1149 1879 statu,
1166 1837 1239 1885 Ap.
1254 1835 1447 1877 Claudius,

331 1898 473 1935 bellum
493 1900 618 1934 oriens
639 1911 685 1934 ex
705 1900 919 1949 propinquo
936 1914 1050 1948 quum
1071 1906 1255 1942 cerneret,
1276 1906 1450 1935 senatum

332 1961 449 1997 literis
480 1963 680 1997 certiorem
709 1962 812 2004 fecit,
841 1963 1009 1999 Siciliam
1035 1962 1351 2011 Karthaginiensi
1380 1974 1451 2010 po-

333 2025 424 2076 pulo
444 2031 483 2061 et
502 2025 712 2061 Hannibali
739 2026 955 2063 conciliari:
989 2028 1069 2076 ipse
1093 2027 1268 2063 adversus
1289 2026 1449 2074 Syracu-

334 2102 427 2124 sana
447 2088 617 2130 consilia,
635 2090 882 2139 provinciam,
904 2091 1085 2138 regnique
1103 2090 1193 2125 fines
1210 2089 1337 2124 omnia
1357 2101 1449 2124 con-

335 2152 446 2188 vertit
466 2152 649 2201 praesidia.
706 2152 825 2189 Exitu
845 2154 934 2189 anni
954 2152 1048 2202 ejus,
1070 2153 1118 2192 Q.
1135 2152 1273 2188 Fabius
1295 2164 1341 2187 ex
1359 2164 1447 2187 auc-

333 2217 489 2252 toritate
518 2222 667 2252 senatus
699 2216 894 2259 Puteolos,
919 2229 984 2266 per
1011 2216 1152 2253 bellum
1177 2222 1344 2265 coeptum
1372 2215 1447 2251 fre-

332 2281 506 2329 quentari
526 2280 749 2330 emporium,
773 2281 1011 2324 communiit,
1027 2279 1316 2331 praesidiumque
1336 2279 1447 2329 iupo-
