1527 2661
111 237 152 265 U.
168 238 204 268 C.
222 246 295 270 540.

109 282 148 310 A.
165 281 200 311 C.
220 290 293 313 212.

111 702 226 734 Classis

110 747 241 778 Punica.

309 138 393 189 476
777 154 821 180 Τ.
848 154 979 182 L1v11

309 247 410 277 tecta
430 248 467 278 et
489 243 628 280 umbrae
656 255 928 283 recreaverant.
985 247 1101 283 Multi
1121 254 1248 285 tamen
1275 262 1320 286 ex
1342 249 1423 287 Ro-

307 317 421 341 mano
442 308 609 343 exercitu
631 309 760 344 eadem
781 316 886 359 peste
907 311 1070 347 absumti
1092 322 1192 348 sunt.

360 370 534 408 XXVII.
566 372 707 409 Delcto
730 376 899 410 terrestri
921 376 1066 412 Punico
1088 378 1269 420 exercitu,
1293 377 1424 422 Siculi,

304 435 369 482 qui
390 434 638 485 Hippocratis
670 438 807 474 milites
828 439 992 482 fuerant,
1014 441 1052 475 in
1077 441 1178 477 haud
1198 455 1336 491 magna
1355 455 1424 492 op-

305 499 406 547 pida,
426 506 592 536 ceterum
609 508 647 537 et
667 502 741 538 situ
759 509 796 538 et
818 505 1061 540 munimentis
1082 511 1178 548 tuta,
1200 507 1289 553 (tria
1309 506 1427 543 millia

305 562 465 600 alterurn
498 564 544 600 ab
566 566 775 615 Syracusis,
808 567 966 604 alterum
988 569 1203 617 quindecim
1233 569 1357 617 abest)
1381 583 1426 606 eo

306 632 344 662 et
375 636 607 665 commeatus
639 644 659 666 e
692 632 909 667 civitatibus
943 634 1017 667 suis
1051 633 1358 683 comportabant,
1390 641 1429 671 et

306 691 447 728 auxilia
467 694 720 731 arcessebant.
781 695 933 732 Interea
951 696 1160 740 Bomilcar,
1182 697 1319 733 iterum
1341 710 1426 735 cum

305 756 424 793 classe
450 758 644 808 profectus
671 760 967 810 Karthaginem,
996 763 1049 797 ita
1076 763 1253 812 exposita
1271 763 1426 801 fortuna

305 823 509 867 sociorum,
529 832 570 860 ut
586 838 691 875 spem
706 826 861 869 faceret,
879 839 958 862 non
978 827 1068 876 ipsis
1085 827 1200 863 modo
1221 826 1426 865 salutarem

304 899 414 937 opem
445 888 534 925 ferri
565 903 691 940 posse,
725 892 789 928 sed
819 890 1018 927 Romanos
1050 904 1201 941 quoque
1239 892 1279 927 in
1313 898 1426 942 capta

304 952 585 1000 quodammodo
607 955 699 991 urbe
720 956 817 1005 capi,
840 955 1018 1006 perpulit,
1038 962 1078 991 ut
1098 957 1291 992 onerarias
1312 956 1427 997 naves

305 1029 416 1066 quam
454 1018 634 1068 plurimas
666 1021 771 1056 omni
801 1020 913 1069 copia
946 1033 1068 1055 rerum
1101 1026 1258 1056 onustas
1297 1033 1425 1057 secum

304 1082 514 1125 mitterent,
543 1083 776 1132 classemque
802 1097 909 1120 suam
935 1090 1141 1132 augerent:
1175 1084 1304 1132 igitur,
1336 1097 1426 1121 cen-

304 1152 384 1182 tuni
405 1147 566 1195 triginta
585 1148 743 1185 navibus
764 1149 889 1198 longis
911 1156 947 1185 et
968 1149 1220 1198 septingentis
1241 1149 1425 1186 onerariis

303 1210 496 1260 profectus
529 1226 550 1249 a
576 1213 834 1263 Karthagine,
867 1214 956 1250 satis
988 1225 1190 1264 prosperos
1219 1219 1353 1250 ventos
1379 1214 1427 1251 ad

302 1274 568 1325 trajiciendum
589 1278 628 1313 in
651 1278 818 1314 Siciliam
837 1278 994 1314 habuit:
1028 1278 1092 1314 sed
1112 1277 1224 1314 iidem
1239 1278 1342 1314 venti
1363 1290 1425 1314 su-

301 1352 433 1389 perare
454 1354 541 1378 eum
555 1342 777 1392 Pachynum
795 1342 1062 1394 prohibebant.
1111 1342 1337 1379 Bomilcaris
1358 1343 1425 1380 ad·

300 1412 451 1449 ventuS,
471 1405 573 1442 fama
600 1408 738 1457 primo,
760 1408 845 1444 dein
873 1413 1010 1457 praeter
1034 1419 1139 1457 spem
1167 1419 1288 1451 mora,
1309 1419 1426 1456 quum

300 1470 481 1517 gaudium
502 1478 540 1507 et
566 1478 709 1508 metum
736 1473 775 1507 in
801 1472 921 1507 vicem
948 1471 1135 1507 Romanis
1157 1471 1423 1520 Syracusanis-

300 1548 372 1582 que
394 1536 640 1584 praebuisset3
673 1537 862 1586 Epicydes
884 1542 1071 1579 metuenS,
1092 1548 1155 1579 ne,
1173 1536 1204 1572 si
1223 1543 1426 1586 pergerent

302 1599 427 1642 iidem,
450 1601 514 1649 qui
535 1607 615 1636 tum
635 1601 833 1644 tenebant,
856 1601 902 1637 ab
924 1607 1010 1636 ortu
1039 1600 1128 1636 solis
1148 1600 1239 1636 flare
1258 1613 1326 1650 per
1345 1600 1424 1638 dies

300 1663 425 1713 plures
447 1666 563 1707 venti,
597 1665 725 1701 classis
754 1665 899 1702 Punica
918 1665 1089 1701 Africam
1116 1670 1318 1714 repeteret,
1346 1670 1424 1701 tra-

299 1730 380 1765 dita
399 1730 620 1766 Achradina
648 1732 967 1767 mercenariorum
995 1731 1159 1766 militum
1179 1730 1352 1773 ducibUS,
1376 1731 1424 1767 ad

300 1793 555 1830 Bomilcarem
586 1796 763 1843 navigat:
797 1795 955 1831 classem
986 1796 1025 1830 in
1056 1795 1222 1830 statione
1248 1807 1355 1830 versa
1383 1795 1423 1830 in

298 1859 470 1895 Africam
490 1859 710 1903 habentem,
728 1866 841 1909 atque
862 1860 1060 1895 timentem
1077 1858 1211 1895 navale
1231 1858 1423 1908 proelium,

297 1937 377 1960 non
397 1931 474 1960 tam
496 1925 597 1972 quod
623 1925 732 1973 inpar
751 1924 892 1961 viribus
921 1930 986 1960 aut
1005 1936 1165 1960 numero
1192 1924 1344 1959 navium
1366 1935 1424 1959 es-

299 1995 370 2031 set,
395 1989 553 2039 (quippe
573 1990 685 2025 etiam
708 1989 831 2039 plures
852 1988 1037 2034 habebat)
1061 2001 1174 2037 quam
1195 1987 1294 2037 quod
1316 1988 1421 2023 venti

298 2053 465 2103 aptiores
486 2053 688 2096 Ronianae,
709 2067 822 2102 quam
843 2066 934 2096 suae,
956 2053 1067 2089 classi
1087 2053 1235 2094 flarent,
1257 2050 1421 2101 perpulit

297 2117 466 2160 tandem,
488 2124 530 2152 ut
550 2117 743 2154 fortunam
763 2117 905 2154 navalis
928 2117 1143 2153 certaminis
1166 2116 1328 2165 experiri
1342 2114 1420 2150 vel-

297 2182 360 2218 let.
418 2181 471 2218 Et
489 2181 710 2224 Marcellus,
733 2195 848 2232 quum
879 2188 915 2218 et
947 2182 1113 2218 Siculum
1140 2180 1346 2217 exercitum
1374 2191 1422 2215 ex

296 2253 380 2282 tota
401 2247 523 2283 insula
543 2248 685 2282 conciri
706 2247 862 2290 videret,
885 2253 921 2283 et
939 2260 1024 2283 cum
1042 2245 1187 2294 ingenti
1205 2249 1420 2280 commeatu

295 2310 453 2347 classem
475 2311 658 2348 Punicam
680 2311 896 2353 adventare,
918 2324 965 2348 ne
993 2310 1104 2347 simul
1124 2316 1223 2347 terra
1250 2307 1419 2356 marique
