1527 2661
308 205 387 247 180
756 220 802 248 τ.
826 220 967 249 L1v1r

115 308 157 339 U.
167 308 203 339 C.
221 306 466 343 ⁵:34.Annius.
521 306 669 344 Lutatii
694 320 833 345 nomen
858 309 959 344 haud
981 308 1136 345 dubium
1161 314 1241 345 est:
1272 320 1342 358 pro
1361 308 1405 344 C.

115 352 154 382 Α·
167 351 205 382 c.
223 359 297 383 2¹⁸·
309 368 467 406 Servilio
493 376 531 406 et
555 370 601 407 Τ.
621 371 764 414 Annio,
791 372 839 411 Q.
859 372 1023 408 Acilium
1049 377 1087 407 et
1106 372 1149 408 e.
1169 371 1410 408 Herennium

118 1259 261 1289 Manlius

116 1309 230 1339 praetor

118 1344 201 1373 male
216 1354 281 1374 rem

115 1386 202 1423 gerit.

307 432 451 468 habent
470 433 622 481 quidam
651 434 829 471 annales:
862 435 925 470 alii
950 435 993 471 P.
1008 434 1226 471 Cornelium
1251 434 1412 470 Asinam

308 497 348 532 e't
367 496 410 532 C.
432 495 624 545 Papirium
647 496 860 533 Masonem.
918 497 963 533 Id
982 510 1131 546 quoque
1156 497 1311 534 dubium
1336 502 1408 540 est,

308 558 438 607 legati,
469 558 516 594 ad
551 558 867 608 expostulandum
903 560 1006 596 missi
1035 561 1081 596 ad
1109 560 1243 603 Boios,
1278 559 1411 595 violati

309 622 399 664 sint,
421 634 468 657 an
498 622 536 657 in
564 622 778 658 triumviros
809 635 941 671 agrum
969 628 1154 659 metantes
1183 623 1332 672 inpetus
1361 622 1411 657 sit

308 684 443 722 factus.
498 685 660 722 Mutinae
696 699 811 734 quum
847 686 1122 729 obsiderentur,
1161 693 1198 722 et
1230 699 1335 735 gens,
1365 685 1411 721 ad

309 749 649 799 obpugnandarum
678 750 827 785 urbium
856 757 954 786 artes
982 751 1098 794 rudis,
1118 751 1320 801 pigerrima
1347 762 1410 785 ea-

309 813 394 848 dem
424 813 471 849 ad
501 812 680 848 militaria
713 825 841 862 opera,
879 814 1004 861 segnis
1038 814 1188 850 intactis
1226 813 1411 849 adsideret

309 876 437 918 muris,
465 875 631 911 simulari
651 882 817 924 coeptum
832 876 876 911 de
895 889 986 925 pace
1006 877 1089 924 agi:
1122 877 1341 924 evocatique
1361 874 1408 910 ab

309 938 506 975 Gallorum
534 938 766 988 principibus
804 938 919 987 legati
951 940 998 975 ad
1035 939 1292 988 conloquium,
1329 950 1408 974 non

309 1009 442 1039 contra
460 1001 525 1052 jus
555 1002 668 1038 modo
698 1003 880 1050 gentium,
911 1003 974 1039 sed
1003 1003 1145 1039 violata
1173 1003 1301 1045 etiam,
1324 1014 1408 1050 quae

308 1066 395 1103 data
414 1067 453 1102 in
474 1066 510 1102 id
530 1072 676 1115 tempus
697 1073 789 1109 erat,
811 1066 896 1108 fide,
917 1067 1310 1115 comprehenduntur5
1341 1077 1408 1100 ne-

308 1130 482 1178 gantibus
514 1129 647 1172 Gallis,
676 1131 749 1165 nisi
779 1129 927 1165 obsides
956 1129 1027 1165 sihi
1056 1130 1313 1171 redderentur,
1343 1139 1407 1164 eos

308 1194 537 1230 dimissuros,
594 1193 721 1231 Quum
748 1194 828 1228 haec
848 1193 892 1228 de
912 1192 1045 1240 legatis
1071 1193 1250 1228 nunciata
1269 1197 1410 1234 essent,

309 1263 345 1293 et
363 1258 516 1293 Mutina
534 1257 821 1307 praesidiumque
846 1257 885 1292 in
904 1256 1071 1306 periculo
1097 1263 1208 1299 esset,
1227 1255 1274 1292 L.
1293 1255 1409 1291 Man-

308 1321 378 1357 lius
405 1326 556 1371 praetor,
578 1321 633 1356 ira
661 1333 852 1362 accensuS,
875 1320 1031 1356 effusum
1060 1331 1196 1367 agmen
1215 1319 1261 1355 ad
1288 1318 1410 1354 Muti-

308 1398 396 1420 nam
416 1384 529 1420 (lucit.
587 1383 695 1419 Silvae
722 1390 810 1419 tunc
837 1385 935 1420 circa
959 1385 1058 1419 viam
1084 1389 1204 1426 erant,
1225 1383 1411 1433 plerisque

310 1448 458 1484 incultis
476 1464 482 1482 :
514 1447 581 1489 ibi,
602 1447 840 1496 inexplorato
860 1449 1064 1496 profectus,
1085 1448 1123 1483 in
1143 1447 1294 1483 insidias
1314 1459 1409 1496 prae-

308 1512 499 1561 cipitatus,
520 1510 710 1558 multaque
730 1523 813 1545 cum
834 1511 934 1546 caede
957 1523 1109 1546 suorum
1129 1522 1225 1558 aegre
1244 1510 1282 1545 in
1304 1522 1412 1559 aper-

308 1582 367 1610 tos
406 1586 557 1623 campos
596 1573 769 1608 emersit:
809 1574 862 1609 ibi
902 1580 1025 1609 castra
1061 1574 1315 1618 communita3
1356 1579 1408 1615 et,

310 1638 396 1686 quia
417 1636 534 1672 Gallis
562 1636 608 1671 ad
633 1637 814 1671 tentanda
840 1649 882 1672 ea
904 1636 1021 1672 defuit
1048 1649 1145 1686 spes,
1166 1635 1295 1671 refecti
1323 1642 1410 1671 sunt

311 1700 470 1736 militum
508 1700 638 1742 animi,
672 1712 897 1747 quamquam
931 1700 1073 1735 adcisas
1101 1711 1160 1734 res
1198 1699 1288 1734 satis
1317 1711 1409 1734 con-

311 1765 447 1801 stabat.
505 1764 582 1800 Iter
601 1764 732 1800 deinde
752 1763 796 1799 de
821 1765 970 1811 integro
997 1769 1186 1813 coeptum3
1218 1775 1302 1806 nee,
1322 1763 1410 1798 dum

311 1842 377 1878 per
395 1829 564 1877 patentia
583 1828 665 1863 loca
682 1828 887 1877 ducebatur
907 1840 1056 1875 agmen,
1073 1827 1245 1875 adparuit
1263 1826 1382 1862 hostis
1397 1841 1410 1871 3

311 1893 374 1927 ubi
394 1905 518 1928 rursus
540 1892 640 1927 silvae
660 1893 822 1934 intratt-e,
842 1898 922 1927 tum
943 1898 1152 1940 postremos
1173 1891 1307 1933 adorti,
1325 1903 1409 1927 cum

311 1967 447 2002 magna
468 1955 719 2004 trepidatione
739 1968 781 1990 ac
808 1967 946 2004 pavore
966 1955 1147 1995 omnium,
1169 1954 1411 2001 octingentos

311 2019 446 2054 milites
485 2018 715 2060 occiderunt,
754 2030 818 2053 sex
855 2019 962 2065 signa
998 2017 1179 2053 ademerea
1235 2016 1339 2051 Finis
1376 2023 1414 2052 et

312 2081 430 2116 Gallis
451 2081 658 2122 territandi,
680 2087 715 2115 et
742 2081 901 2129 pavendi
926 2080 1110 2116 Romanis
1130 2079 1215 2121 fuit,
1235 2084 1277 2114 ut
1297 2091 1317 2114 e
1336 2079 1410 2115 sal-

311 2150 353 2179 tu
372 2145 474 2180 invio
499 2150 610 2192 atque
638 2144 806 2193 inpedito
826 2156 999 2180 evasere:
1029 2142 1129 2186 inde,
1150 2143 1287 2192 apertis
1317 2141 1410 2178 locis

311 2209 421 2246 facile
457 2215 624 2245 tutantes
661 2222 811 2258 agmen,
848 2209 1015 2245 Romani
1050 2209 1252 2250 Tanetum,
1286 2208 1409 2243 vicum

311 2274 564 2325 propinquum
593 2273 711 2317 Pado,
741 2274 990 2310 contendere:
1021 2273 1073 2308 ibi
1107 2284 1145 2307 se
1174 2271 1410 2308 munimento
