1527 2661
10 344 12 354 ,
64 313 366 362 Samnitiumque
383 315 604 357 exercitum,
622 315 661 350 in
678 314 877 350 Tifernum
893 321 1061 351 montem
1078 329 1182 352 com—

347 161 500 189 LIBER
527 161 573 188 X·
607 160 712 188 CAP.
736 161 882 189 XXXI.
1104 163 1176 204 117

62 250 222 286 victoria
238 256 305 286 est.
336 249 561 285 Volumnius
583 251 620 285 in
642 250 797 286 Samnio
819 251 970 286 iuterim
990 264 1046 287 res
1067 253 1179 300 gerit,
1194 251 1284 282 U·C·
1301 255 1378 284 457-

1197 297 1234 327 Α.
1248 295 1285 327 C.
1304 301 1379 327 295.

63 378 227 428 pulsum,
250 392 327 416 non
348 380 547 415 deterritus
572 380 773 428 iniquitate
801 380 890 424 loci,
910 381 1036 417 fundit
1055 382 1182 431 fugat-

64 454 148 490 que.
191 444 239 482 Q.
253 443 407 487 Fabius,
425 443 599 479 Deciano
615 444 783 479 exercitu
802 444 935 480 relicto
955 445 993 480 iu
1013 446 1184 490 Etruria,

66 507 141 542 suis
161 507 376 556 legionibus
398 509 567 544 deductis
596 509 644 544 ad
671 508 816 551 urbem,
838 508 883 545 de
903 508 1023 545 Gallis
1049 511 1186 547 Etrus-

66 571 193 621 cisque
227 586 270 610 ac
309 574 543 610 Samnitibus
578 574 851 624 triumphavit:
885 574 1022 611 milites
1052 577 1186 614 trium-

65 637 246 686 phantem
267 641 386 675 secuti
406 647 505 675 sunt.
557 639 757 676 Celebrata
787 641 990 676 inconditis
1012 644 1189 679 carmini-

67 700 136 736 bus
163 702 388 738 militaribus
419 716 498 738 non
530 704 650 751 magis
679 704 838 739 victoria
863 704 912 742 Q.
932 704 1056 748 Fabii,
1077 719 1190 754 quam

66 776 166 800 mors
198 766 377 815 praeclara
410 767 451 803 P.
472 767 583 802 Decii
617 774 700 802 est:
734 769 972 816 excitataque
1008 772 1191 807 memoria

66 832 248 879 parentis,
270 838 417 880 aequata
444 837 581 867 eventu
601 831 754 881 publico
776 833 998 881 privatoque
1019 833 1084 869 filii
1111 834 1193 870 lau-

71 894 191 931 dibus.
248 895 353 931 Data
372 908 418 932 ex
437 896 563 945 praeda
584 895 766 931 militibus
796 897 878 932 aeris
898 898 1077 945 octogeni
1099 897 1194 942 bini,

71 970 235 1007 sagaque
263 966 301 995 et
320 960 482 1005 tuuicae,
516 960 672 1009 praemia
698 959 763 995 illa
788 966 1015 1010 tempestate
1048 961 1194 998 militiae

71 1021 361 1072 haudquaquam
382 1024 605 1074 spernenda.

124 1085 283 1124 XXXI.
314 1087 386 1124 His
418 1089 471 1123 ita
500 1088 612 1124 rebus
633 1088 766 1136 gestiS,
796 1100 866 1124 nec
896 1087 934 1124 in
959 1088 1192 1126 Samnitibus
1206 1098 1329 1130 Etrusci
1347 1106 1378 1129 et

74 1153 210 1197 adhuc,
236 1167 306 1190 nec
333 1156 371 1190 in
392 1155 547 1191 Etruria
574 1168 648 1204 pax
673 1162 777 1191 erat:
811 1167 899 1191 nam
927 1165 978 1198 et,
999 1156 1191 1192 Perusinis
1205 1142 1394 1222 {ssffungeje-

75 1217 307 1261 auctoribus,
328 1224 415 1267 post
434 1219 636 1254 deductum
656 1219 703 1254 ab
725 1218 879 1253 consule
900 1220 1106 1255 exereitum
1133 1233 1191 1256 re·-
1206 1236 1328 1269 parant.

74 1281 255 1317 bellatum
281 1282 427 1318 fuerat:
461 1291 498 1319 et
532 1283 719 1319 Samnites
751 1282 960 1332 praedatum
990 1284 1028 1319 in
1061 1296 1195 1333 agrum

75 1344 279 1381 Vescinum
300 1346 635 1395 Formianumque,
657 1352 703 1382 et
724 1352 832 1396 parte
861 1346 935 1383 alia
962 1348 1001 1382 in
1022 1348 1196 1384 AEserni-

70 1423 179 1454 num,
206 1425 288 1460 quae
327 1412 516 1448 Vulturno
554 1412 729 1462 adjacent
765 1411 925 1454 flumini,
957 1412 1196 1450 descendere.

72 1475 263 1512 Adversus
291 1463 354 1513 eos
375 1478 447 1526 Ap.
466 1476 645 1512 Claudius
666 1483 805 1526 praetor
828 1489 911 1512 cum
933 1478 1101 1513 exercitu
1116 1477 1197 1513 De-

76 1541 187 1577 ciano
217 1542 363 1578 missus.
410 1538 550 1577 Fabius
582 1542 620 1577 in
652 1542 808 1577 Etruria
838 1541 1045 1577 rebellante
1073 1542 1198 1578 denuo

74 1612 241 1654 quatuor
269 1606 387 1642 millia
416 1612 454 1642 et
480 1607 712 1655 quingentos
734 1605 1005 1641 Perusinorum
1032 1607 1195 1642 occidit:

81 1671 181 1719 cepit
218 1671 265 1706 ad
298 1670 400 1706 mille
434 1670 696 1719 septingentos
732 1670 1007 1717 quadraginta:
1044 1671 1108 1717 qui
1141 1682 1199 1705 re-

81 1734 198 1770 demti
218 1734 356 1782 singuli
377 1735 459 1769 aeris
486 1734 665 1769 trecentis
687 1733 839 1769 decem:
873 1734 999 1783 praeda
1025 1734 1100 1770 alia
1119 1747 1201 1769 om-

83 1799 141 1833 nis
167 1798 350 1834 militibus
376 1810 568 1834 concessa.
627 1798 853 1833 Samnitium
881 1797 1065 1846 legioneS‚
1087 1811 1203 1846 quum

83 1864 221 1913 partim
247 1864 320 1913 Ap.
342 1863 519 1900 Claudius
549 1869 702 1913 praetor,
738 1864 876 1912 partim
907 1863 953 1899 L.
975 1862 1200 1899 Volumnius

85 1939 154 1977 pro
183 1928 337 1964 consule
366 1935 597 1977 sequeretur,
618 1928 657 1963 in
684 1939 816 1976 agrum
848 1926 1043 1962 Stellatem
1064 1939 1203 1964 conve-2

76 2000 240 2029 nerunt:
273 1994 325 2029 ibi
346 2000 383 2030 et
403 1995 629 2030 Samnitium
648 1993 816 2041 legiones
834 2005 964 2027 omnes
987 1993 1205 2035 considunt,

85 2067 122 2096 et
140 2059 286 2109 Appius
313 2057 614 2105 Volumniusque
642 2063 766 2092 castra
793 2055 1044 2105 conjungunt.
1102 2056 1205 2105 Pug-

86 2130 218 2160 natum
247 2122 501 2158 infestissimis
531 2122 680 2163 animis,
700 2121 790 2156 hinc
816 2121 872 2156 ira
900 2120 1119 2157 stimulante
1139 2121 1205 2157 ad-

85 2200 213 2224 versus
240 2186 465 2223 rebellantes
485 2186 615 2228 toties,
637 2184 742 2220 illinc
771 2184 817 2220 ab
840 2183 972 2220 ultima
996 2183 1080 2234 jam
1100 2185 1211 2220 dimi-

89 2252 261 2288 cantibus
282 2264 358 2301 spe.
417 2251 526 2286 Caesa
545 2262 636 2298 ergo
658 2249 887 2285 Samnitium
915 2249 1105 2284 sexdecim
1125 2248 1210 2284 mil—

88 2315 142 2351 ha
168 2316 343 2359 trecenti,
374 2320 487 2365 capta
509 2315 585 2350 duo
614 2313 733 2350 millia
762 2313 1018 2363 septingenti:
1053 2324 1098 2349 ex
1128 2311 1212 2348 Ro-
