1527 2661
375 194 530 223 LrnER
554 194 698 223 XXIV.
731 195 839 224 CAP.
863 195 947 224 xx.
1132 194 1215 239 395

98 284 258 320 ‘trecenti
288 284 551 333 septuaginta;
583 296 678 332 quos
708 296 823 333 quum
851 283 1019 320 Romam
1050 284 1214 320 misisset
1226 287 1266 317 U.
1285 285 1321 317 C.
1340 291 1413 318 538.

96 347 243 391 consul,
263 348 376 395 virgis
396 347 435 383 in
455 347 612 383 comitio
631 348 718 383 caesi
738 360 885 390 omnes,
907 360 950 383 ac
970 348 1014 383 de
1034 360 1126 384 saxo
1147 347 1211 384 de-
1225 332 1265 362 A·
1281 330 1319 362 C·
1336 337 1411 361 ‘²¹4‘

89 410 198 462 jecti.
228 411 325 448 Haec
340 425 362 448 a
380 412 428 451 Q.
442 411 563 448 Fabio
583 412 684 448 intra
704 424 845 462 paucos
863 412 941 447 dies
958 418 1078 461 gesta.
1107 412 1214 448 Mar·
1227 390 1410 472 ξίῗὲζὲἔζεςί

95 478 230 515 cellum
250 478 297 515 ab
318 478 494 528 gerundis
515 477 625 515 rebus
645 478 821 515 valetudo
842 478 998 514 adversa
1017 476 1129 513 Nolae
1155 483 1211 512 te-
1226 483 1257 505 et
1267 478 1311 524 ‘de
1327 486 1405 526 §axo

94 543 190 580 nuit.
246 544 299 580 Et
327 557 350 580 a
368 551 530 594 praetore
559 544 607 583 Q.
627 543 762 586 Fabio,
794 544 853 579 cui
883 543 983 578 circa
1011 542 1211 578 Luceriam
1225 520 1350 559 dejecn.

94 610 290 659 provincia
309 616 402 654 erat,
423 610 554 646 Accua
572 610 753 660 oppidum
772 622 838 659 per
857 621 920 644 eos
951 608 1028 644 dies
1058 608 1093 643 vi
1124 620 1211 658 cap-

93 680 173 710 tum
191 691 197 711 :
221 675 433 724 stativaque
452 675 499 711 ad
517 675 714 710 Ardoneas
736 674 980 710 communita.
1011 672 1115 711 Dum
1130 673 1211 709 haec

93 737 176 774 aliis
196 738 289 775 locis
310 740 356 776 ab
377 740 563 776 Romanis
584 746 780 788 geruntur,
794 738 878 789 jam
897 738 1105 774 Tarentum
1125 751 1209 788 per·
1222 739 1400 790 Tarentum

91 809 247 839 venerat
259 802 471 846 Hannibal,
489 816 574 839 cum
590 805 756 839 maxima
771 804 955 845 omnium,
973 815 1210 851 quacumque
1224 788 1420 856 {2³3ssfo

92 866 200 908 ierat,
222 866 338 903 clade.
375 867 422 903 In
441 867 652 903 Tarentino
671 867 823 903 demum
842 879 934 915 agro
954 872 1132 916 pacatum
1151 867 1209 902 in-
1222 868 1285 899 bal.

91 931 222 968 cedere
241 944 377 981 agmen
397 933 540 982 coepit:
572 931 668 968 nihil
694 932 747 967 ibi
776 931 973 974 violatum,
994 943 1117 980 neque
1146 944 1209 967 us-

90 1008 204 1044 quam
222 997 283 1032 via
301 1009 495 1032 excessum
522 1002 602 1042 est,
635 996 930 1046 adparebatque,
951 1009 1029 1032 non
1059 996 1097 1031 id
1126 1009 1209 1032 mo-

89 1060 210 1097 destia
227 1060 391 1097 militum
410 1069 475 1097 aut
495 1061 611 1104 ducis,
626 1061 699 1097 uisi
719 1061 766 1097 ad
786 1061 1045 1097 conciliandos
1062 1061 1209 1098 Taren-

89 1125 258 1160 tinorum
286 1126 447 1168 animos,
468 1125 562 1162 fieri.
619 1126 798 1162 Ceterum
828 1139 944 1175 quum
972 1126 1209 1176 propemodo

90 1190 205 1225 muris
219 1190 450 1233 accessisset,
461 1190 566 1226 nullo
581 1190 628 1226 ad
642 1197 886 1241 conspectum
903 1191 1013 1240 primi
1031 1191 1208 1239 agminis,

92 1260 131 1289 ut
160 1252 326 1297 rebatur,
348 1261 454 1290 motu
474 1254 591 1297 facto,
613 1262 735 1290 castra
755 1255 802 1291 ab
823 1255 914 1290 urbe
939 1255 1057 1291 ferme
1076 1268 1208 1305 passus

90 1318 192 1355 mille
221 1318 334 1355 locat.
391 1319 563 1361 Tarenti,
586 1319 714 1355 triduo
744 1325 846 1361 ante,
868 1332 981 1368 quam
1010 1318 1209 1356 Hannibal

90 1382 137 1418 ad
165 1382 307 1418 moenia
335 1383 543 1426 accederet,
565 1397 587 1418 a
614 1382 671 1418 M.
689 1383 842 1418 Valerio
871 1389 1118 1433 propraetore,
1142 1385 1207 1432 qui

88 1445 197 1481 classi
217 1446 264 1482 ad
282 1446 528 1482 Brundisium
547 1452 720 1496 praeerat,
743 1447 876 1482 missus
896 1446 953 1483 M.
968 1446 1114 1490 Livius,
1128 1449 1206 1497 pri·

88 1521 192 1545 more
214 1508 418 1559 juventute
448 1511 676 1560 conscripta,
701 1510 970 1560 dispositisque
999 1511 1045 1547 ad
1073 1523 1204 1547 omnes

87 1581 231 1624 portas,
254 1575 427 1623 circaque
446 1588 588 1618 muros,
605 1589 679 1625 qua
699 1589 755 1612 res
777 1576 1009 1627 postulabat,
1028 1578 1205 1614 stationi-

86 1639 172 1681 bus,
188 1639 247 1675 die
263 1652 306 1675 ac
325 1647 438 1675 nocte
457 1640 660 1689 plurimum
676 1642 860 1684 intentus,
877 1654 999 1691 neque
1013 1641 1203 1686 hostibus,

86 1715 207 1751 neque
227 1702 349 1738 dubiis
370 1704 482 1739 sociis
502 1703 575 1739 loci
592 1705 796 1753 quidquam
811 1704 973 1754 praebuit
989 1705 1036 1741 ad
1050 1711 1204 1742 tentan-

83 1767 184 1804 dum.
239 1767 367 1806 Quare
404 1767 534 1804 diebus
566 1768 711 1818 aliquot
742 1768 882 1805 frustra
915 1769 969 1804 ibi
1002 1769 1201 1813 absumtis,

85 1831 294 1874 Hannibal,
315 1844 429 1880 quum
450 1845 579 1868 eor-um
600 1846 726 1876 nemo,
748 1834 811 1882 qui
832 1834 879 1870 ad
907 1833 1032 1870 lacum
1059 1835 1201 1870 Averni

85 1896 266 1937 adissent,
299 1905 364 1931 aut
393 1897 466 1946 ipsi
495 1898 680 1939 venirent,
716 1904 782 1933 aut
813 1899 994 1934 nuncium
1028 1898 1202 1935 literasve

84 1961 293 2001 mitterent,
308 1974 401 1997 vana
423 1951 612 2010 promissa
628 1974 667 1997 se
683 1969 824 1997 temere
841 1969 1011 1998 secutum
1028 1965 1199 2007 cernens,

85 2030 207 2059 castra
228 2024 313 2059 inde
336 2026 465 2063 movit.
521 2025 620 2061 Tum
641 2038 804 2074 quoque,
825 2026 970 2062 intacto
1001 2039 1093 2074 agro
1122 2027 1199 2063 Ta-

84 2088 248 2129 rentino,
274 2090 518 2137 (quamquam
538 2089 714 2125 simulata
733 2089 868 2125 lenitas
898 2089 1081 2126 nihildum
1110 2104 1198 2140 pro·-

82 2151 218 2194 fuerat,
239 2158 367 2188 tamen
388 2165 452 2202 spe
472 2153 743 2190 labefactandae
764 2154 849 2190 fidei
870 2154 971 2190 haud
991 2154 1195 2202 absistens)

83 2214 272 2265 Salapiam
292 2223 333 2251 ut
353 2217 469 2259 venit,
490 2216 720 2254 frumentum
742 2231 786 2254 ex
808 2218 906 2266 agris
926 2217 1199 2267 Bletapontino

81 2284 192 2327 atque
213 2279 451 2316 Heracliensi
475 2279 574 2330 (jam
594 2282 717 2318 media
737 2289 845 2318 aestas
875 2290 1008 2319 exacta
1037 2288 1130 2324 erat,
1162 2289 1199 2318 et

74 2342 248 2383 'hibernis
269 2343 443 2394 placebat
463 2344 586 2392 locus)
606 2354 846 2396 comportat„
878 2347 1090 2383 Praedatum
1112 2346 1198 2382 inde

613 2410 636 2446 S
659 2410 689 2445 6.
