1527 2661
0 1750 8 2661 —s——n—-ae———ff-›ss—-oe-vss———W

416 183 571 211 LIBER
596 183 643 210 X.
677 182 784 211 CAP.
805 181 891 210 XX.
1146 181 1219 211 101

105 284 236 321 agrum
275 270 562 315 transcendunt,
597 271 846 320 ingentesque
883 270 1027 320 praedas
1061 269 1219 306 faciunt.
1233 276 1323 306 U.C.
1343 280 1418 306 455.

103 336 366 379 Volumnium,
387 336 535 384 magnis
562 335 761 371 itineribus
788 336 827 371 in
848 335 1042 371 Samnium
1062 335 1220 371 redeun-
1233 321 1272 349 A·
1288 319 1325 349 C·
1344 323 1416 352 ²9⁶·

103 407 196 443 tem,
221 398 322 449 (jam
346 400 446 435 enim
473 399 595 435 Fabio
621 399 820 448 Decioque
850 398 1047 448 prorogati
1075 398 1226 448 imperii

105 463 188 501 finis
210 463 356 509 aderat)
380 463 482 498 fama
502 463 548 499 de
569 463 798 499 Samnitium
817 463 986 498 exercitu
1006 462 1225 512 populatio-

105 527 292 575 nibusque
313 527 499 576 Campani
519 527 600 576 agri
629 527 675 563 ad
694 527 855 562 tuendos
883 527 1006 562 socios
1027 527 1228 562 convertit.

106 591 163 629 Ut
182 592 220 628 in
243 591 428 628 Calenum
452 604 584 640 agrum
610 592 730 636 venit,
751 598 789 628 et
815 591 896 641 ipse
916 591 1038 627 cernit
1061 591 1231 630 recentia

108 656 224 692 cladis
245 656 419 705 vestigia,
438 663 475 692 et
492 656 624 692 Caleni
641 662 811 699 narrant,
828 661 977 692 tantum
990 655 1074 705 jam
1092 655 1228 706 praedoe

105 720 234 756 hostes
254 720 418 765 trahere,
440 727 482 756 ut
502 722 563 757 vix
583 720 773 770 explicare
793 733 929 769 agmen
949 721 1119 769 possint:
1152 720 1225 757 ita-

103 797 176 834 que
187 783 274 834 jam
296 785 494 834 propalam
512 785 624 821 duces
644 785 763 834 loqui,
785 785 975 834 extemplo
996 785 1160 820 eundum
1186 785 1228 820 in

107 849 302 890 Samnium
318 861 398 886 esse
412 866 422 895 3
445 856 501 894 ut,
516 850 648 886 relicta
668 849 721 886 ibi
737 850 877 900 praeda,
891 850 930 886 in
948 849 1229 899 expeditionem

108 913 278 961 redeant,
298 927 370 950 nec
389 921 469 959 tam
489 922 690 952 oneratum
709 927 847 963 agmen
867 914 1103 951 dimicationi
1124 926 1228 949 com-

109 979 277 1015 mittant.
320 979 394 1022 Ea,
415 991 643 1028 quamquam
667 979 803 1016 similia
830 980 927 1015 veris
947 984 1069 1021 erant,
1090 978 1228 1015 certius

109 1049 238 1085 tamen
260 1043 495 1093 exploranda
521 1052 639 1087 ratus,
661 1045 821 1081 dimittit
848 1045 1008 1094 equites,
1029 1044 1093 1092 qui
1112 1055 1228 1092 vagos

108 1108 339 1157 praedatores
367 1109 406 1145 in
433 1122 544 1158 agros
573 1109 744 1159 palantes
773 1110 988 1160 excipiant:
1022 1121 1068 1145 ex
1095 1107 1231 1156 quibus

110 1170 338 1220 inquirendo
363 1172 576 1220 cognoscit,
606 1175 654 1207 ad
679 1174 910 1216 Vulturnum
936 1174 1076 1216 fiumen
1103 1171 1233 1211 sedere

112 1236 286 1282 hostem5
319 1236 407 1271 inde
433 1237 548 1272 tertia
567 1236 696 1285 vigilia
721 1244 935 1273 moturum:
968 1237 1040 1272 iter
1065 1236 1104 1270 in
1125 1235 1233 1271 Sam-

111 1300 217 1341 nium
237 1312 329 1346 esse.
370 1299 443 1337 His
465 1300 554 1345 satis
576 1299 780 1349 exploratis
807 1300 1015 1350 profectus,
1035 1305 1145 1335 tanto
1170 1299 1229 1335 in·
1242 1301 1405 1353 prrirnit

111 1363 270 1400 tervallo
297 1364 343 1400 ab
363 1365 537 1410 hostibus
560 1365 745 1407 consedit,
767 1372 808 1401 ut
835 1378 904 1401 nec
931 1364 1113 1401 adventus
1140 1376 1228 1400 suus
1242 1346 1428 1429 Ξζὲᾚΐξες

109 1428 393 1478 propinquitate
421 1429 540 1465 nimia
567 1429 673 1464 nosci
703 1436 846 1479 posset,
868 1435 904 1465 et
931 1428 1188 1477 egredientem
1210 1431 1442 1472 eCampaniae.

111 1492 242 1528 castris
263 1493 414 1528 hostem
433 1493 677 1542 obprimeret.
707 1493 918 1542 Aliquanto
939 1498 1027 1530 ante
1047 1492 1169 1532 lucem
1185 1492 1233 1529 ad

114 1562 238 1592 castra
253 1558 412 1593 accessit
425 1574 435 1603 3
459 1571 673 1607 gnarosque
690 1557 801 1594 Oscae
819 1557 973 1607 linguae,
994 1556 1234 1607 exploratum

114 1620 205 1669 quid
225 1627 376 1669 agatur,
395 1623 526 1658 mittit.
563 1622 781 1658 Inter-mixti
797 1622 971 1658 homibus
988 1622 1108 1671 (quod
1123 1621 1235 1658 facile

115 1690 196 1720 erat
225 1685 264 1720 in
297 1692 486 1721 nocturna
517 1686 789 1736 trepidatione)
826 1692 1079 1734 cognoscunt,
1117 1685 1235 1721 infre-

115 1749 271 1796 quentia
301 1750 455 1785 armatis
490 1751 599 1797 signa
633 1763 796 1799 egressa,
831 1751 995 1800 praedam
1026 1750 1236 1799 praedaeque

115 1813 290 1849 custodes
312 1816 427 1857 exire,
444 1815 613 1863 ignobile
634 1828 785 1864 agmen,
807 1823 845 1851 et
864 1828 931 1851 sua
947 1827 1132 1864 quemque
1153 1827 1235 1850 mo-

115 1875 284 1920 lientem,
306 1878 411 1914 nullo
439 1879 538 1914 inter
564 1878 657 1914 alios
686 1891 887 1922 consensu,
915 1891 985 1915 nec
1012 1879 1103 1914 satis
1131 1885 1236 1914 certo

115 1940 287 1990 imperio.
317 1941 483 1992 Tempus
498 1942 742 1991 adgrediendi
758 1944 995 1993 aptissimum
1015 1944 1135 1979 visum
1154 1948 1210 1979 est
1226 1958 1232 1978 ;

115 2011 154 2040 et
171 2004 255 2054 jam
283 2005 350 2042 lux
378 2006 602 2056 adpetebat:
635 2008 762 2056 itaque
796 2009 905 2056 signa
935 2020 1069 2044 canere
1091 2006 1232 2057 jussit3

116 2081 325 2118 agmenque
344 2070 513 2107 hostium
533 2072 763 2121 adgreditur.
807 2073 1010 2116 Samnites,
1031 2073 1158 2123 praeda
1178 2074 1235 2110 in—

116 2133 248 2183 pediti,
268 2134 526 2183 infrequentes
553 2138 704 2180 armati,
731 2150 816 2188 pars
844 2138 980 2175 addere
1000 2138 1172 2187 gradum,
1193 2152 1237 2174 ac

117 2209 193 2246 prae
213 2209 253 2232 se
273 2210 389 2247 agere
410 2200 591 2249 praedam,
612 2214 697 2251 pars
719 2209 832 2245 stare,
851 2202 984 2238 incerti
1005 2208 1131 2238 utrum
1150 2215 1240 2252 pro-

118 2263 237 2310 gredi,
259 2276 309 2299 an
329 2265 478 2314 regredi
499 2267 536 2302 in
555 2274 678 2303 castra
697 2269 815 2303 tutius
833 2267 944 2310 foret,
966 2268 1065 2304 inter
1085 2274 1239 2304 cuncta-

116 2326 261 2365 tionem
277 2327 546 2381 obprimuntur
564 2345 570 2367 z
595 2339 633 2367 et
649 2331 817 2373 Romani
829 2331 912 2383 jam
927 2332 1239 2369 transcenderant

643 2395 673 2431 F
693 2396 714 2431 3
