1527 2661
0 1235 1 1299 l

0 1301 2 1349 r

253 467 602 516 EPITOME
646 467 870 516 LIBRI
904 468 1068 516 XXV.

107 804 188 885 P
231 804 532 853 CORNELIUS
557 804 744 847 SCIPIO,
761 808 887 852 postea
912 801 1120 852 Africanus,
1141 810 1226 844 ante

195 867 210 882 ⁶
245 880 355 904 annos
383 869 498 905 aedilis
522 867 654 916 factus
681 872 743 903 est.
789 867 979 903 Hannibal
1009 867 1127 903 urbem
1154 869 1226 903 Ta-

109 936 266 975 rentum,
292 936 427 980 proeter
453 943 585 974 arcem,
615 933 654 967 in
682 943 788 979 quam
813 932 1021 979 prcesidium
1037 931 1222 968 Romano-

110 1009 192 1033 rum
206 996 376 1045 fugerat,
396 1009 464 1045 per
488 997 698 1032 Tarentinos
714 993 876 1041 juvenes,
898 997 958 1043 qui
982 1008 1018 1031 se
1037 1001 1142 1032 noctu
1167 1009 1226 1032 re·

110 1066 238 1097 natum
269 1063 322 1097 ire
350 1062 620 1103 simulaverant,
655 1062 760 1109 cepit.
807 1060 905 1096 Ludi
924 1060 1154 1108 Apollinares
1185 1072 1228 1097 ex

111 1125 248 1161 BIarcii
275 1125 501 1168 carminibus,
529 1125 652 1173 quibus
687 1124 878 1160 Cannensis
906 1125 1024 1160 clades
1052 1126 1229 1172 prcedicta'

101 1188 248 1239 suerat,
266 1191 421 1226 instituti
437 1195 531 1226 sunt.
572 1190 608 1225 A
631 1189 675 1231 Q.
688 1189 812 1225 Fulvio
832 1193 866 1224 et
881 1190 950 1236 Ap.
968 1189 1120 1225 Claudio
1137 1202 1222 1225 con-

111 1255 245 1291 sulibus
270 1256 437 1291 adversus
465 1254 680 1290 Hannonem
700 1255 890 1290 Poenoruni
918 1255 1039 1289 ducem
1060 1266 1230 1302 prospere

108 1324 312 1368 pugnatum
344 1324 405 1355 est.
466 1319 520 1354 Τι’,
552 1318 783 1366 Sempronius
818 1317 996 1354 Gracchus
1022 1320 1227 1366 proconsul,

112 1384 155 1419 ab
181 1384 317 1431 hospite
339 1395 402 1419 suo
422 1384 569 1419 Lucano
595 1384 632 1418 in
659 1383 806 1418 insidias
824 1383 1008 1425 deductus,
1029 1395 1052 1417 a
1071 1384 1230 1430 Iisagone

111 1447 320 1496 inteifectus
344 1453 404 1483 est.
455 1447 642 1483 Centenius
667 1448 822 1490 Penula,
854 1449 914 1494 qui
943 1449 1103 1483 centurio
1129 1449 1227 1484 mili-

113 1516 266 1553 taverat,
287 1524 395 1560 quum
410 1513 556 1560 petisset
576 1524 599 1546 α
620 1517 759 1553 senatu,
779 1516 821 1546 ut
837 1511 903 1547 sibi
928 1513 1101 1547 exercitus
1120 1513 1224 1548 clare-

113 1581 184 1617 tur,
202 1576 453 1623 pollicitusque
468 1580 567 1617 esset,
587 1577 616 1611 si
637 1575 701 1611 lioc
720 1577 945 1623 inpetrasset,
963 1577 1006 1611 de
1021 1576 1226 1613 Hannibale

111 1641 310 1681 victoriam,
339 1644 416 1675 octo
440 1639 596 1675 millibus
624 1641 792 1687 acceptis,
819 1641 976 1675 militum
996 1641 1068 1675 (lux
1081 1639 1223 1688 factus,

109 1702 267 1752 conflixit
285 1704 362 1738 acie
380 1715 460 1738 cum
476 1703 696 1745 Hannibale,
713 1709 748 1738 et
767 1716 846 1739 cum
866 1705 1018 1738 exercitu
1039 1716 1144 1739 ccesus
1162 1709 1224 1740 cst.

113 1766 177 1802 Cn.
192 1766 335 1801 Fulvius
358 1770 490 1813 praetor
507 1766 603 1801 male
631 1767 796 1802 adversus
815 1767 1057 1802 Hannibalem
1079 1780 1222 1815 pugna-

110 1832 161 1865 vit
176 1846 186 1865 .·
208 1831 244 1864 in
260 1841 328 1877 quo
340 1830 467 1876 proelio
486 1828 664 1865 hominum
678 1830 850 1865 sexdecim
865 1831 982 1865 millia
997 1831 1198 1867 ceciderunt
1211 1847 1223 1868 .-

110 1895 183 1941 ipse
203 1905 282 1929 cum
306 1893 479 1941 equitibus
497 1894 657 1929 ducentis
675 1895 811 1943 effugit.
861 1894 989 1942 Capua
1014 1895 1146 1931 obsessa
1173 1901 1222 1931 est

109 1970 133 1993 a
154 1958 196 1998 Q.
210 1958 335 1993 Fulvio
354 1962 389 1993 et
406 1958 477 2005 Ap.
493 1957 647 1994 Claudio
671 1959 878 1995 consulibus
924 1959 1098 1996 Claudius
1116 1960 1221 1995 Mar-

108 2022 216 2057 cellus
235 2022 433 2069 Syracusas
461 2024 677 2069 expugnavit
707 2035 802 2059 anno
832 2025 950 2066 tertio,
980 2028 1016 2059 et
1045 2025 1222 2071 ingentem

107 2096 144 2120 se
162 2087 277 2121 virum
294 2087 402 2132 gessit
414 2102 424 2121 .-
454 2087 491 2121 in
510 2098 550 2122 eo
571 2086 725 2122 tumultu
739 2087 833 2122 urbis
848 2091 963 2134 capta>
976 2087 1218 2131 Archimedes,

108 2150 264 2184 intentus
281 2147 430 2196 formis,
452 2161 540 2197 quas
559 2150 593 2184 in
615 2150 763 2197 pulvere
784 2151 1028 2198 descripserat,
1049 2150 1217 2198 interjec-

108 2218 164 2248 tus
181 2218 244 2249 est.
302 2214 346 2249 P.
360 2219 395 2249 et
415 2214 479 2250 Cn.
492 2214 675 2262 Scipiones
693 2216 729 2250 in
743 2215 924 2262 IIispania
943 2219 995 2250 tot
1016 2220 1218 2251 tantarum-

107 2290 175 2325 que
199 2290 318 2314 rerum
333 2278 497 2326 feliciter
513 2283 692 2325 gestarum
713 2280 848 2314 tristem
874 2281 1008 2314 exitum
1035 2279 1220 2316 tulerunt:

103 2353 218 2389 prope
237 2354 315 2377 cum
344 2344 427 2378 totis
455 2343 662 2379 exercitibus
681 2345 759 2379 caesi
784 2356 876 2380 anno
896 2348 1032 2386 octavo,
1054 2355 1161 2392 quam
1180 2345 1218 2379 in

159 2404 193 2439 V
197 2417 258 2442 οι.
280 2404 332 2443 ΙΙ.
642 2406 678 2443 U
