1527 2661
334 217 489 245 LIBER
512 215 655 245 xxlv.
689 216 796 244 CAP.
821 216 928 243 XIX.
1107 216 1190 259 393

76 306 287 343 animorum
306 305 426 356 plebis
443 305 489 340 ad
507 305 767 341 sustinendam
793 305 963 355 inopiam
983 307 1103 342 aerarii
1124 306 1189 342 fie-
1204 304 1246 335 U·
1260 303 1296 333 C·
1313 309 1384 334 ⁵38-

75 378 155 416 ret3
187 371 355 420 pecuniae
380 382 531 419 quoque
560 369 764 419 pupillares
794 370 932 419 primo,
963 370 1098 406 deinde
1136 370 1189 405 vi·
1204 347 1377 378 A'C'214'

74 435 246 477 duarum,
267 440 402 484 coeptae
422 433 587 470 conferri
605 449 611 470 :
644 446 832 483 nusquam
860 447 921 470 eas
942 435 1060 470 tutius
1082 447 1189 470 sanc·

73 499 223 547 tiusque
242 499 430 549 deponere
457 498 713 541 credentibus,
736 499 799 547 qui
821 498 1056 542 deferebant,
1078 512 1191 548 quam

73 563 112 598 in
149 562 302 613 publica
330 562 425 598 fide:
457 562 558 605 inde,
590 563 620 598 si
648 563 737 612 quid
767 569 909 598 emtum
939 570 1190 613 paratumque

73 626 224 677 pupillis
252 640 295 663 ac
322 627 442 663 viduis
471 626 584 669 foret,
613 639 635 663 a
661 633 849 676 quaestore
874 627 1192 678 perscribebatur.

72 693 247 729 Manavit
267 706 311 729 ea
332 693 567 742 privatorum
587 692 805 742 benignitas
828 706 874 730 ex
896 693 987 730 urbe
1009 694 1122 730 etiam
1154 694 1192 728 in

72 764 209 800 castra,
231 763 272 793 ut
292 769 370 793 non
390 769 517 806 eques,
539 769 615 792 non
637 758 810 793 centurio
832 758 1060 808 stipendium
1090 758 1192 794 acci-

70 827 218 873 perent,
249 823 597 871 mercenariumque
631 823 871 872 increpantes
904 828 1100 865 vocarent,
1128 821 1191 871 qui

71 887 289 936 accepisset.

124 950 240 987 XIX.
270 951 318 990 Q.
339 950 478 987 Fabius
499 949 632 986 consul
653 950 700 987 ad
729 950 939 987 Casilinum
969 958 1093 988 castra
1121 951 1188 987 ha·
1207 952 1320 1002 Fabius
1337 951 1397 981 Ca-

71 1015 200 1058 bebat,
221 1015 321 1064 quod
342 1015 459 1051 duum
479 1015 637 1051 millium
662 1016 959 1066 Campanorum,
982 1023 1019 1052 et
1046 1017 1188 1067 septin-
1202 997 1336 1070 {32¹3th
1351 995 1409 1025 ob-

71 1086 273 1128 gentorum
309 1079 473 1116 militum
503 1080 733 1117 Hannibalis
767 1080 970 1117 tenebatur
1001 1082 1190 1131 praesidio.

72 1143 237 1179 Praeerat
258 1144 400 1180 Statius
420 1143 579 1187 Metius,
601 1145 735 1180 missus
759 1144 806 1181 ab
838 1145 909 1191 Cn.
928 1144 1063 1194 Magio
1084 1145 1192 1181 Atel-

71 1208 182 1244 lano:
215 1208 279 1257 qui
299 1220 344 1244 eo
364 1221 466 1244 anno
485 1207 761 1245 Medixtuticus
793 1218 887 1252 erat,
909 1210 1136 1259 servitiaque
1156 1216 1194 1246 et

72 1271 219 1321 plebem
240 1272 454 1322 promiscue
474 1272 660 1317 armabat,
684 1279 724 1309 ut
744 1279 867 1309 castra
888 1272 1067 1309 Romana
1088 1274 1192 1309 inva-

71 1336 189 1378 deret,
212 1337 360 1372 intento
382 1336 537 1372 consule
563 1337 609 1372 ad
641 1337 850 1373 Casilinum
880 1338 1190 1388 obpugnandum.

68 1400 179 1437 Nihil
197 1414 327 1437 eorum
347 1401 508 1438 Fabium
528 1401 675 1438 fefellit.
734 1401 869 1451 Itaque
888 1401 1030 1438 Nolam
1047 1402 1092 1438 ad
1113 1402 1190 1438 col-

68 1465 192 1514 legam
222 1467 353 1508 mittit,
382 1468 497 1503 altero
526 1469 694 1509 exercita,
718 1468 801 1503 dum
834 1467 1031 1503 Casilinum
1060 1467 1191 1515 obpug-

66 1535 189 1573 natur,
211 1544 298 1578 opus
317 1544 398 1575 esse,
430 1534 491 1580 qui
517 1532 711 1580 Campanis
739 1533 948 1580 obponatur.
1011 1532 1075 1567 Vel
1105 1534 1189 1579 ipse,

66 1596 193 1630 relicto
212 1595 317 1631 Nolae
335 1597 502 1643 proesidio
521 1597 672 1637 modico,
690 1598 845 1631 veniret:
859 1597 926 1638 vel,
943 1597 973 1631 si
993 1608 1073 1631 eum
1093 1596 1192 1631 Nola

70 1663 216 1700 teneret,
238 1664 273 1694 et
289 1661 437 1695 'necdum
467 1672 598 1696 secura?
626 1672 680 1695 res
709 1660 753 1695 ab
776 1659 984 1695 Hannibale
1012 1665 1136 1701 essent,
1156 1672 1192 1695 se

75 1724 128 1758 Ti.
163 1723 362 1759 Gracchum
397 1725 643 1771 proconsulem
678 1737 700 1759 a
738 1724 938 1760 Benevento
975 1725 1188 1760 adciturum.

69 1785 158 1822 Hoc
177 1787 317 1822 nuncio
337 1786 557 1829 Marcellus,
575 1786 722 1823 duobus
744 1787 907 1823 militum
923 1787 1087 1824 millibus
1105 1787 1187 1823 No·
1203 1786 1376 1817 Marcellus

68 1850 112 1886 1ae
134 1851 173 1886 in
193 1851 367 1900 praesidio
386 1851 539 1894 relictis,
555 1865 638 1887 cum
656 1858 782 1887 cetero
796 1853 963 1888 exercitu
980 1852 1188 1889 Casilinum
1201 1830 1404 1903 {Zffiffigum

68 1914 185 1955 venit,
204 1914 440 1963 adventuque
460 1913 540 1963 ejus
563 1915 761 1964 Campani,
775 1914 857 1965 jam
878 1922 1072 1952 moventes
1093 1916 1187 1961 sese,
1201 1917 1298 1946 venit.

67 1977 302 2025 quieverunt.
360 1977 421 2013 Ita
441 1991 462 2013 a
483 1978 629 2014 duobus
651 1978 869 2015 consulibus
888 1980 1096 2015 Casilinum
1119 1980 1188 2016 ob—

67 2042 227 2090 pugnari
249 2049 439 2091 coeptum:
474 2043 536 2078 ubi
557 2056 671 2091 quum
702 2042 836 2086 multa,
858 2044 1101 2080 succedentes
1131 2053 1193 2080 te*

68 2117 167 2141 mere
188 2106 391 2149 moenibus,
413 2105 581 2142 Romani
606 2107 743 2143 milites
774 2109 988 2157 acciperent
1017 2108 1186 2151 vulnera,

68 2183 187 2219 neque
208 2172 298 2207 satis
320 2173 479 2222 inceptis
511 2172 742 2215 succederet,
762 2171 918 2214 Fabius,
940 2172 1187 2208 omittendam

67 2246 142 2269 rem
173 2247 325 2284 parvam
356 2248 398 2271 ac
423 2234 538 2286 juxta
568 2236 716 2284 magnis
747 2235 950 2278 difficilem,
982 2235 1188 2270 absceden-

67 2297 229 2347 dumque
248 2299 334 2335 inde
365 2299 557 2342 censebat,
579 2312 695 2348 quum
715 2312 772 2335 res
797 2298 959 2349 majores
991 2299 1187 2334 instarent.

66 2360 282 2405 Marcellus,
305 2362 423 2400 multa
452 2364 600 2414 magnis
632 2363 788 2401 ducibus
820 2365 917 2400 sicut
949 2375 1025 2398 non
1054 2362 1185 2411 adgre-

593 2427 659 2464 55
