<?xml version="1.0" encoding="UTF-8"?>
<!DOCTYPE html PUBLIC "-//W3C//DTD XHTML 1.0 Transitional//EN"
    "http://www.w3.org/TR/xhtml1/DTD/xhtml1-transitional.dtd">
<html xmlns="http://www.w3.org/1999/xhtml" xml:lang="en" lang="en">
 <head>
  <title>
</title>
<meta http-equiv="Content-Type" content="text/html;charset=utf-8" />
  <meta name='ocr-system' content='tesseract 3.04.00' />
  <meta name='ocr-capabilities' content='ocr_page ocr_carea ocr_par ocr_line ocrx_word'/>
</head>
<body>
  <div class='ocr_page' id='page_1' title='image "./historiarumquaes02livyuoft/historiarumquaes02livyuoft_0539.png"; bbox 0 0 1527 2661; ppageno 0'>
   <div class='ocr_carea' id='block_1_1' title="bbox 316 171 1165 217">
    <p class='ocr_par' dir='ltr' id='par_1_1' title="bbox 316 171 1165 217">
     <span class='ocr_line' id='line_1_1' title="bbox 316 171 1165 217; baseline 0.005 -19"><span class='ocrx_word' id='word_1_1' title='bbox 316 171 472 198; x_wconf 81' lang='lat' dir='ltr'>LIBER</span> <span class='ocrx_word' id='word_1_2' title='bbox 495 171 641 199; x_wconf 80' lang='lat' dir='ltr'>xxvl.</span> <span class='ocrx_word' id='word_1_3' title='bbox 674 171 781 200; x_wconf 81' lang='lat' dir='ltr'>CAP.</span> <span class='ocrx_word' id='word_1_4' title='bbox 804 172 911 200; x_wconf 80' lang='lat' dir='ltr'><strong>xlx.</strong></span> <span class='ocrx_word' id='word_1_5' title='bbox 1082 171 1165 217; x_wconf 74' lang='lat'>527</span> 
     </span>
    </p>
   </div>
   <div class='ocr_carea' id='block_1_2' title="bbox 51 255 1362 313">
    <p class='ocr_par' dir='ltr' id='par_1_2' title="bbox 51 255 1362 313">
     <span class='ocr_line' id='line_1_2' title="bbox 51 255 1362 313; baseline 0.005 -20"><span class='ocrx_word' id='word_1_6' title='bbox 51 268 98 294; x_wconf 86' lang='lat' dir='ltr'>ex</span> <span class='ocrx_word' id='word_1_7' title='bbox 116 255 254 294; x_wconf 88' lang='lat' dir='ltr'>fiducia</span> <span class='ocrx_word' id='word_1_8' title='bbox 280 269 404 294; x_wconf 86' lang='lat' dir='ltr'>rerum</span> <span class='ocrx_word' id='word_1_9' title='bbox 432 257 619 308; x_wconf 85' lang='lat' dir='ltr'>subjicere</span> <span class='ocrx_word' id='word_1_10' title='bbox 638 259 745 297; x_wconf 88' lang='lat' dir='ltr'>solet.</span> <span class='ocrx_word' id='word_1_11' title='bbox 802 260 891 296; x_wconf 83' lang='lat' dir='ltr'>Fuit</span> <span class='ocrx_word' id='word_1_12' title='bbox 910 261 1011 298; x_wconf 86' lang='lat' dir='ltr'>enim</span> <span class='ocrx_word' id='word_1_13' title='bbox 1037 262 1166 313; x_wconf 89' lang='lat' dir='ltr'>Scipio</span> <span class='ocrx_word' id='word_1_14' title='bbox 1182 268 1222 299; x_wconf 91' lang='lat' dir='ltr'>U.</span> <span class='ocrx_word' id='word_1_15' title='bbox 1232 269 1270 301; x_wconf 88' lang='lat' dir='ltr'>C.</span> <span class='ocrx_word' id='word_1_16' title='bbox 1288 277 1362 303; x_wconf 76' lang='lat'>541.</span> 
     </span>
    </p>
   </div>
   <div class='ocr_carea' id='block_1_3' title="bbox 50 322 1165 437">
    <p class='ocr_par' dir='ltr' id='par_1_3' title="bbox 50 322 1165 437">
     <span class='ocr_line' id='line_1_3' title="bbox 50 322 1165 376; baseline 0.006 -19"><span class='ocrx_word' id='word_1_17' title='bbox 50 333 130 357; x_wconf 91' lang='lat' dir='ltr'>non</span> <span class='ocrx_word' id='word_1_18' title='bbox 149 322 245 358; x_wconf 85' lang='lat' dir='ltr'>veris</span> <span class='ocrx_word' id='word_1_19' title='bbox 269 328 419 358; x_wconf 90' lang='lat' dir='ltr'>tantum</span> <span class='ocrx_word' id='word_1_20' title='bbox 439 323 640 360; x_wconf 86' lang='lat' dir='ltr'>virtutibus</span> <span class='ocrx_word' id='word_1_21' title='bbox 666 324 863 368; x_wconf 85' lang='lat' dir='ltr'>mirabilis,</span> <span class='ocrx_word' id='word_1_22' title='bbox 885 326 948 361; x_wconf 91' lang='lat' dir='ltr'>sed</span> <span class='ocrx_word' id='word_1_23' title='bbox 972 333 1052 362; x_wconf 88' lang='lat' dir='ltr'>arte</span> <span class='ocrx_word' id='word_1_24' title='bbox 1071 340 1165 376; x_wconf 92' lang='lat' dir='ltr'>quo-</span> 
     </span>
     <span class='ocr_line' id='line_1_4' title="bbox 50 386 1165 437; baseline 0.006 -16"><span class='ocrx_word' id='word_1_25' title='bbox 50 397 123 434; x_wconf 89' lang='lat' dir='ltr'>que</span> <span class='ocrx_word' id='word_1_26' title='bbox 138 387 299 434; x_wconf 87' lang='lat' dir='ltr'>quadam</span> <span class='ocrx_word' id='word_1_27' title='bbox 315 386 363 434; x_wconf 82' lang='lat' dir='ltr'>ab</span> <span class='ocrx_word' id='word_1_28' title='bbox 376 387 537 437; x_wconf 87' lang='lat' dir='ltr'>juventa</span> <span class='ocrx_word' id='word_1_29' title='bbox 551 388 589 424; x_wconf 88' lang='lat' dir='ltr'>in</span> <span class='ocrx_word' id='word_1_30' title='bbox 606 389 903 425; x_wconf 78' lang='lat' dir='ltr'>ostentationem</span> <span class='ocrx_word' id='word_1_31' title='bbox 917 403 1044 427; x_wconf 85' lang='lat' dir='ltr'>earum</span> <span class='ocrx_word' id='word_1_32' title='bbox 1062 405 1165 428; x_wconf 91' lang='lat' dir='ltr'>com-</span> 
     </span>
    </p>
   </div>
   <div class='ocr_carea' id='block_1_4' title="bbox 1178 312 1362 449">
    <p class='ocr_par' dir='ltr' id='par_1_4' title="bbox 1178 312 1362 449">
     <span class='ocr_line' id='line_1_5' title="bbox 1179 312 1362 345; baseline 0.022 -4"><span class='ocrx_word' id='word_1_33' title='bbox 1179 312 1218 341; x_wconf 88' lang='lat' dir='ltr'>A.</span> <span class='ocrx_word' id='word_1_34' title='bbox 1233 312 1270 343; x_wconf 88' lang='lat' dir='ltr'>C.</span> <span class='ocrx_word' id='word_1_35' title='bbox 1286 320 1362 345; x_wconf 59' lang='grc' dir='ltr'>Ωιι.</span> 
     </span>
     <span class='ocr_line' id='line_1_6' title="bbox 1179 366 1336 406; baseline 0.013 -11"><span class='ocrx_word' id='word_1_36' title='bbox 1179 366 1336 406; x_wconf 82' lang='lat' dir='ltr'>Scipionis</span> 
     </span>
     <span class='ocr_line' id='line_1_7' title="bbox 1178 410 1360 449; baseline 0.016 -11"><span class='ocrx_word' id='word_1_37' title='bbox 1178 416 1257 439; x_wconf 88' lang='lat' dir='ltr'>artes</span> <span class='ocrx_word' id='word_1_38' title='bbox 1273 410 1360 449; x_wconf 87' lang='lat' dir='ltr'>apud</span> 
     </span>
    </p>
   </div>
   <div class='ocr_carea' id='block_1_5' title="bbox 49 450 1362 505">
    <p class='ocr_par' dir='ltr' id='par_1_5' title="bbox 49 450 1362 505">
     <span class='ocr_line' id='line_1_8' title="bbox 49 450 1362 505; baseline 0.006 -20"><span class='ocrx_word' id='word_1_39' title='bbox 49 450 218 499; x_wconf 91' lang='lat' dir='ltr'>positus:</span> <span class='ocrx_word' id='word_1_40' title='bbox 251 450 429 501; x_wconf 85' lang='lat' dir='ltr'>pleraque</span> <span class='ocrx_word' id='word_1_41' title='bbox 455 452 553 502; x_wconf 89' lang='lat' dir='ltr'>apud</span> <span class='ocrx_word' id='word_1_42' title='bbox 579 452 874 497; x_wconf 86' lang='lat' dir='ltr'>multitudinem,</span> <span class='ocrx_word' id='word_1_43' title='bbox 895 461 960 490; x_wconf 91' lang='lat' dir='ltr'>aut</span> <span class='ocrx_word' id='word_1_44' title='bbox 985 468 1051 505; x_wconf 84' lang='lat' dir='ltr'>per</span> <span class='ocrx_word' id='word_1_45' title='bbox 1072 469 1165 493; x_wconf 86' lang='lat' dir='ltr'>noc·</span> <span class='ocrx_word' id='word_1_46' title='bbox 1180 452 1362 483; x_wconf 78' lang='lat' dir='ltr'>multitudi-</span> 
     </span>
    </p>
   </div>
   <div class='ocr_carea' id='block_1_6' title="bbox 0 515 1169 2363">
    <p class='ocr_par' dir='ltr' id='par_1_6' title="bbox 0 515 1169 2363">
     <span class='ocr_line' id='line_1_9' title="bbox 48 515 1164 566; baseline 0.007 -18"><span class='ocrx_word' id='word_1_47' title='bbox 48 519 179 550; x_wconf 88' lang='lat' dir='ltr'>turnas</span> <span class='ocrx_word' id='word_1_48' title='bbox 196 515 275 552; x_wconf 83' lang='lat' dir='ltr'>visa</span> <span class='ocrx_word' id='word_1_49' title='bbox 290 517 447 566; x_wconf 89' lang='lat' dir='ltr'>species,</span> <span class='ocrx_word' id='word_1_50' title='bbox 466 523 531 553; x_wconf 92' lang='lat' dir='ltr'>aut</span> <span class='ocrx_word' id='word_1_51' title='bbox 550 517 652 554; x_wconf 90' lang='lat' dir='ltr'>velut</span> <span class='ocrx_word' id='word_1_52' title='bbox 667 517 846 554; x_wconf 84' lang='lat' dir='ltr'>divinitus</span> <span class='ocrx_word' id='word_1_53' title='bbox 864 525 990 555; x_wconf 82' lang='lat' dir='ltr'>mente</span> <span class='ocrx_word' id='word_1_54' title='bbox 1005 520 1164 564; x_wconf 86' lang='lat' dir='ltr'>monita,</span> 
     </span>
     <span class='ocr_line' id='line_1_10' title="bbox 10 579 1166 631; baseline 0.005 -18"><span class='ocrx_word' id='word_1_55' title='bbox 10 582 11 590; x_wconf 65' lang='lat'>¹</span> <span class='ocrx_word' id='word_1_56' title='bbox 49 590 189 626; x_wconf 88' lang='lat' dir='ltr'>agens:</span> <span class='ocrx_word' id='word_1_57' title='bbox 222 579 300 614; x_wconf 88' lang='lat' dir='ltr'>sive</span> <span class='ocrx_word' id='word_1_58' title='bbox 319 586 357 616; x_wconf 90' lang='lat' dir='ltr'>et</span> <span class='ocrx_word' id='word_1_59' title='bbox 385 583 465 630; x_wconf 86' lang='lat' dir='ltr'>ipse</span> <span class='ocrx_word' id='word_1_60' title='bbox 486 581 587 630; x_wconf 87' lang='lat' dir='ltr'>capti</span> <span class='ocrx_word' id='word_1_61' title='bbox 607 581 769 629; x_wconf 87' lang='lat' dir='ltr'>quadam</span> <span class='ocrx_word' id='word_1_62' title='bbox 796 583 1064 631; x_wconf 83' lang='lat' dir='ltr'>superstitione</span> <span class='ocrx_word' id='word_1_63' title='bbox 1084 584 1166 620; x_wconf 85' lang='lat' dir='ltr'>ani—</span> 
     </span>
     <span class='ocr_line' id='line_1_11' title="bbox 49 643 1167 694; baseline 0.004 -15"><span class='ocrx_word' id='word_1_64' title='bbox 49 643 116 685; x_wconf 89' lang='lat' dir='ltr'>mi,</span> <span class='ocrx_word' id='word_1_65' title='bbox 137 644 214 680; x_wconf 87' lang='lat' dir='ltr'>sive</span> <span class='ocrx_word' id='word_1_66' title='bbox 244 650 286 680; x_wconf 92' lang='lat' dir='ltr'>ut</span> <span class='ocrx_word' id='word_1_67' title='bbox 315 644 473 694; x_wconf 89' lang='lat' dir='ltr'>imperia</span> <span class='ocrx_word' id='word_1_68' title='bbox 502 644 749 692; x_wconf 84' lang='lat' dir='ltr'>consiliaque,</span> <span class='ocrx_word' id='word_1_69' title='bbox 770 645 872 681; x_wconf 88' lang='lat' dir='ltr'>velut</span> <span class='ocrx_word' id='word_1_70' title='bbox 901 653 1002 682; x_wconf 83' lang='lat' dir='ltr'>sorte</span> <span class='ocrx_word' id='word_1_71' title='bbox 1022 647 1167 684; x_wconf 86' lang='lat' dir='ltr'>oraculi</span> 
     </span>
     <span class='ocr_line' id='line_1_12' title="bbox 47 707 1168 761; baseline 0.004 -18"><span class='ocrx_word' id='word_1_72' title='bbox 47 707 176 750; x_wconf 82' lang='lat' dir='ltr'>missa,</span> <span class='ocrx_word' id='word_1_73' title='bbox 199 708 279 744; x_wconf 91' lang='lat' dir='ltr'>sine</span> <span class='ocrx_word' id='word_1_74' title='bbox 294 708 537 744; x_wconf 82' lang='lat' dir='ltr'>cunctatione</span> <span class='ocrx_word' id='word_1_75' title='bbox 555 714 860 757; x_wconf 81' lang='lat' dir='ltr'>exsequerentur.</span> <span class='ocrx_word' id='word_1_76' title='bbox 917 710 978 746; x_wconf 78' lang='lat' dir='ltr'>Ad</span> <span class='ocrx_word' id='word_1_77' title='bbox 997 711 1070 747; x_wconf 89' lang='lat' dir='ltr'>hoc</span> <span class='ocrx_word' id='word_1_78' title='bbox 1083 710 1168 761; x_wconf 87' lang='lat' dir='ltr'>jam</span> 
     </span>
     <span class='ocr_line' id='line_1_13' title="bbox 48 771 1168 822; baseline 0.004 -15"><span class='ocrx_word' id='word_1_79' title='bbox 48 772 136 808; x_wconf 87' lang='lat' dir='ltr'>inde</span> <span class='ocrx_word' id='word_1_80' title='bbox 162 771 209 808; x_wconf 86' lang='lat' dir='ltr'>ab</span> <span class='ocrx_word' id='word_1_81' title='bbox 230 772 341 808; x_wconf 87' lang='lat' dir='ltr'>initio</span> <span class='ocrx_word' id='word_1_82' title='bbox 367 784 582 822; x_wconf 86' lang='lat' dir='ltr'>praeparans</span> <span class='ocrx_word' id='word_1_83' title='bbox 603 773 764 816; x_wconf 83' lang='lat' dir='ltr'>animos,</span> <span class='ocrx_word' id='word_1_84' title='bbox 790 785 836 810; x_wconf 86' lang='lat' dir='ltr'>ex</span> <span class='ocrx_word' id='word_1_85' title='bbox 856 787 931 822; x_wconf 91' lang='lat' dir='ltr'>quo</span> <span class='ocrx_word' id='word_1_86' title='bbox 960 780 1091 822; x_wconf 83' lang='lat' dir='ltr'>togam</span> <span class='ocrx_word' id='word_1_87' title='bbox 1111 777 1168 811; x_wconf 89' lang='lat' dir='ltr'>vi-</span> 
     </span>
     <span class='ocr_line' id='line_1_14' title="bbox 48 833 1169 889; baseline 0.004 -19"><span class='ocrx_word' id='word_1_88' title='bbox 48 833 156 871; x_wconf 89' lang='lat' dir='ltr'>rilem</span> <span class='ocrx_word' id='word_1_89' title='bbox 182 836 330 878; x_wconf 86' lang='lat' dir='ltr'>sumsit,</span> <span class='ocrx_word' id='word_1_90' title='bbox 350 835 456 871; x_wconf 90' lang='lat' dir='ltr'>nullo</span> <span class='ocrx_word' id='word_1_91' title='bbox 476 836 536 871; x_wconf 86' lang='lat' dir='ltr'>die</span> <span class='ocrx_word' id='word_1_92' title='bbox 561 836 663 885; x_wconf 89' lang='lat' dir='ltr'>prius</span> <span class='ocrx_word' id='word_1_93' title='bbox 686 835 799 872; x_wconf 83' lang='lat' dir='ltr'>ullam</span> <span class='ocrx_word' id='word_1_94' title='bbox 826 837 1017 886; x_wconf 83' lang='lat' dir='ltr'>publicam</span> <span class='ocrx_word' id='word_1_95' title='bbox 1043 840 1169 889; x_wconf 83' lang='lat' dir='ltr'>priva-</span> 
     </span>
     <span class='ocr_line' id='line_1_15' title="bbox 47 900 1167 951; baseline 0.004 -16"><span class='ocrx_word' id='word_1_96' title='bbox 47 905 201 948; x_wconf 85' lang='lat' dir='ltr'>tamque</span> <span class='ocrx_word' id='word_1_97' title='bbox 216 912 295 936; x_wconf 90' lang='lat' dir='ltr'>rem</span> <span class='ocrx_word' id='word_1_98' title='bbox 313 901 403 948; x_wconf 88' lang='lat' dir='ltr'>egit,</span> <span class='ocrx_word' id='word_1_99' title='bbox 421 913 534 949; x_wconf 86' lang='lat' dir='ltr'>quam</span> <span class='ocrx_word' id='word_1_100' title='bbox 549 901 588 936; x_wconf 91' lang='lat' dir='ltr'>in</span> <span class='ocrx_word' id='word_1_101' title='bbox 606 900 838 950; x_wconf 77' lang='lat' dir='ltr'>Capitolium</span> <span class='ocrx_word' id='word_1_102' title='bbox 853 901 939 944; x_wconf 86' lang='lat' dir='ltr'>iret,</span> <span class='ocrx_word' id='word_1_103' title='bbox 956 903 1167 951; x_wconf 80' lang='lat' dir='ltr'>ingressus-</span> 
     </span>
     <span class='ocr_line' id='line_1_16' title="bbox 47 963 1166 1013; baseline 0.004 -14"><span class='ocrx_word' id='word_1_104' title='bbox 47 975 120 1012; x_wconf 88' lang='lat' dir='ltr'>que</span> <span class='ocrx_word' id='word_1_105' title='bbox 140 964 256 1000; x_wconf 85' lang='lat' dir='ltr'>aedem</span> <span class='ocrx_word' id='word_1_106' title='bbox 276 963 510 1000; x_wconf 82' lang='lat' dir='ltr'>consideret:</span> <span class='ocrx_word' id='word_1_107' title='bbox 543 970 582 999; x_wconf 82' lang='lat' dir='ltr'>et</span> <span class='ocrx_word' id='word_1_108' title='bbox 600 963 820 1013; x_wconf 88' lang='lat' dir='ltr'>plerumque</span> <span class='ocrx_word' id='word_1_109' title='bbox 840 965 940 1001; x_wconf 91' lang='lat' dir='ltr'>solus</span> <span class='ocrx_word' id='word_1_110' title='bbox 961 967 999 1001; x_wconf 89' lang='lat' dir='ltr'>in</span> <span class='ocrx_word' id='word_1_111' title='bbox 1020 973 1166 1003; x_wconf 83' lang='lat' dir='ltr'>secreto</span> 
     </span>
     <span class='ocr_line' id='line_1_17' title="bbox 48 1027 1166 1078; baseline 0.004 -15"><span class='ocrx_word' id='word_1_112' title='bbox 48 1027 100 1064; x_wconf 89' lang='lat' dir='ltr'>ibi</span> <span class='ocrx_word' id='word_1_113' title='bbox 119 1033 266 1077; x_wconf 89' lang='lat' dir='ltr'>tempus</span> <span class='ocrx_word' id='word_1_114' title='bbox 286 1034 437 1065; x_wconf 86' lang='lat' dir='ltr'>tereret.</span> <span class='ocrx_word' id='word_1_115' title='bbox 494 1027 571 1064; x_wconf 85' lang='lat' dir='ltr'>Hic</span> <span class='ocrx_word' id='word_1_116' title='bbox 591 1041 687 1071; x_wconf 89' lang='lat' dir='ltr'>mos,</span> <span class='ocrx_word' id='word_1_117' title='bbox 708 1030 772 1078; x_wconf 88' lang='lat' dir='ltr'>qui</span> <span class='ocrx_word' id='word_1_118' title='bbox 792 1042 858 1078; x_wconf 84' lang='lat' dir='ltr'>per</span> <span class='ocrx_word' id='word_1_119' title='bbox 877 1043 1028 1066; x_wconf 84' lang='lat' dir='ltr'>omnem</span> <span class='ocrx_word' id='word_1_120' title='bbox 1049 1032 1166 1068; x_wconf 80' lang='lat' dir='ltr'>vitam</span> 
     </span>
     <span class='ocr_line' id='line_1_18' title="bbox 48 1092 1166 1145; baseline 0.004 -18"><span class='ocrx_word' id='word_1_121' title='bbox 48 1092 281 1134; x_wconf 83' lang='lat' dir='ltr'>servabatur,</span> <span class='ocrx_word' id='word_1_122' title='bbox 310 1105 375 1128; x_wconf 86' lang='lat' dir='ltr'>seu</span> <span class='ocrx_word' id='word_1_123' title='bbox 401 1092 591 1135; x_wconf 88' lang='lat' dir='ltr'>consulto,</span> <span class='ocrx_word' id='word_1_124' title='bbox 620 1105 685 1128; x_wconf 88' lang='lat' dir='ltr'>seu</span> <span class='ocrx_word' id='word_1_125' title='bbox 711 1098 865 1136; x_wconf 86' lang='lat' dir='ltr'>temere,</span> <span class='ocrx_word' id='word_1_126' title='bbox 893 1093 1054 1143; x_wconf 78' lang='lat' dir='ltr'>vulgatae</span> <span class='ocrx_word' id='word_1_127' title='bbox 1082 1096 1166 1145; x_wconf 90' lang='lat' dir='ltr'>opi-</span> 
     </span>
     <span class='ocr_line' id='line_1_19' title="bbox 46 1156 1165 1207; baseline 0.004 -16"><span class='ocrx_word' id='word_1_128' title='bbox 46 1156 154 1192; x_wconf 90' lang='lat' dir='ltr'>nioni</span> <span class='ocrx_word' id='word_1_129' title='bbox 173 1156 284 1192; x_wconf 90' lang='lat' dir='ltr'>fidem</span> <span class='ocrx_word' id='word_1_130' title='bbox 313 1157 411 1207; x_wconf 86' lang='lat' dir='ltr'>apud</span> <span class='ocrx_word' id='word_1_131' title='bbox 432 1158 613 1205; x_wconf 77' lang='lat' dir='ltr'>quosdam</span> <span class='ocrx_word' id='word_1_132' title='bbox 632 1157 736 1199; x_wconf 88' lang='lat' dir='ltr'>fecit,</span> <span class='ocrx_word' id='word_1_133' title='bbox 768 1159 893 1207; x_wconf 88' lang='lat' dir='ltr'>stirpis</span> <span class='ocrx_word' id='word_1_134' title='bbox 924 1171 1009 1194; x_wconf 88' lang='lat' dir='ltr'>eum</span> <span class='ocrx_word' id='word_1_135' title='bbox 1029 1159 1165 1196; x_wconf 77' lang='lat' dir='ltr'>divinae</span> 
     </span>
     <span class='ocr_line' id='line_1_20' title="bbox 0 1220 1164 1272; baseline 0.003 -16"><span class='ocrx_word' id='word_1_136' title='bbox 0 1222 1 1226; x_wconf 74' lang='grc'>’</span> <span class='ocrx_word' id='word_1_137' title='bbox 47 1221 168 1257; x_wconf 90' lang='lat' dir='ltr'>virum</span> <span class='ocrx_word' id='word_1_138' title='bbox 188 1233 292 1266; x_wconf 62' lang='lat' dir='ltr'>esse,</span> <span class='ocrx_word' id='word_1_139' title='bbox 325 1220 529 1271; x_wconf 86' lang='lat' dir='ltr'>retulitque</span> <span class='ocrx_word' id='word_1_140' title='bbox 545 1221 699 1263; x_wconf 82' lang='lat' dir='ltr'>famam,</span> <span class='ocrx_word' id='word_1_141' title='bbox 723 1222 760 1257; x_wconf 86' lang='lat' dir='ltr'>in</span> <span class='ocrx_word' id='word_1_142' title='bbox 776 1221 996 1258; x_wconf 82' lang='lat' dir='ltr'>Alexandro</span> <span class='ocrx_word' id='word_1_143' title='bbox 1016 1223 1164 1272; x_wconf 78' lang='lat' dir='ltr'>Magno</span> 
     </span>
     <span class='ocr_line' id='line_1_21' title="bbox 47 1285 1165 1337; baseline 0.003 -16"><span class='ocrx_word' id='word_1_144' title='bbox 47 1286 149 1336; x_wconf 90' lang='lat' dir='ltr'>prius</span> <span class='ocrx_word' id='word_1_145' title='bbox 170 1285 377 1335; x_wconf 84' lang='lat' dir='ltr'>vulgatam,</span> <span class='ocrx_word' id='word_1_146' title='bbox 403 1293 440 1322; x_wconf 91' lang='lat' dir='ltr'>et</span> <span class='ocrx_word' id='word_1_147' title='bbox 458 1287 628 1322; x_wconf 77' lang='lat' dir='ltr'>vanitate</span> <span class='ocrx_word' id='word_1_148' title='bbox 655 1292 693 1322; x_wconf 89' lang='lat' dir='ltr'>et</span> <span class='ocrx_word' id='word_1_149' title='bbox 712 1286 843 1322; x_wconf 87' lang='lat' dir='ltr'>fabula</span> <span class='ocrx_word' id='word_1_150' title='bbox 868 1300 1010 1337; x_wconf 86' lang='lat' dir='ltr'>parem,</span> <span class='ocrx_word' id='word_1_151' title='bbox 1032 1289 1165 1336; x_wconf 78' lang='lat' dir='ltr'>anguis</span> 
     </span>
     <span class='ocr_line' id='line_1_22' title="bbox 46 1350 1164 1401; baseline 0.002 -15"><span class='ocrx_word' id='word_1_152' title='bbox 46 1351 208 1387; x_wconf 88' lang='lat' dir='ltr'>inmanis</span> <span class='ocrx_word' id='word_1_153' title='bbox 227 1350 434 1387; x_wconf 89' lang='lat' dir='ltr'>concubitu</span> <span class='ocrx_word' id='word_1_154' title='bbox 453 1357 693 1401; x_wconf 87' lang='lat' dir='ltr'>conceptum,</span> <span class='ocrx_word' id='word_1_155' title='bbox 716 1358 753 1387; x_wconf 90' lang='lat' dir='ltr'>et</span> <span class='ocrx_word' id='word_1_156' title='bbox 780 1352 818 1387; x_wconf 89' lang='lat' dir='ltr'>in</span> <span class='ocrx_word' id='word_1_157' title='bbox 839 1351 1014 1387; x_wconf 89' lang='lat' dir='ltr'>cubiculo</span> <span class='ocrx_word' id='word_1_158' title='bbox 1034 1353 1164 1388; x_wconf 80' lang='lat' dir='ltr'>matris</span> 
     </span>
     <span class='ocr_line' id='line_1_23' title="bbox 46 1414 1165 1467; baseline 0.003 -16"><span class='ocrx_word' id='word_1_159' title='bbox 46 1414 126 1465; x_wconf 87' lang='lat' dir='ltr'>ejus</span> <span class='ocrx_word' id='word_1_160' title='bbox 146 1428 314 1466; x_wconf 84' lang='lat' dir='ltr'>persaepe</span> <span class='ocrx_word' id='word_1_161' title='bbox 334 1417 451 1453; x_wconf 64' lang='lat' dir='ltr'>{risam</span> <span class='ocrx_word' id='word_1_162' title='bbox 478 1416 640 1466; x_wconf 85' lang='lat' dir='ltr'>prodigii</span> <span class='ocrx_word' id='word_1_163' title='bbox 667 1416 747 1467; x_wconf 85' lang='lat' dir='ltr'>ejus</span> <span class='ocrx_word' id='word_1_164' title='bbox 775 1418 952 1466; x_wconf 80' lang='lat' dir='ltr'>speciem,</span> <span class='ocrx_word' id='word_1_165' title='bbox 975 1418 1165 1454; x_wconf 88' lang='lat' dir='ltr'>interven·</span> 
     </span>
     <span class='ocr_line' id='line_1_24' title="bbox 45 1480 1163 1531; baseline 0.002 -16"><span class='ocrx_word' id='word_1_166' title='bbox 45 1486 162 1528; x_wconf 88' lang='lat' dir='ltr'>tuque</span> <span class='ocrx_word' id='word_1_167' title='bbox 190 1480 389 1517; x_wconf 90' lang='lat' dir='ltr'>hominum</span> <span class='ocrx_word' id='word_1_168' title='bbox 418 1480 609 1517; x_wconf 85' lang='lat' dir='ltr'>evolutam</span> <span class='ocrx_word' id='word_1_169' title='bbox 639 1488 807 1531; x_wconf 86' lang='lat' dir='ltr'>repente,</span> <span class='ocrx_word' id='word_1_170' title='bbox 829 1488 942 1530; x_wconf 84' lang='lat' dir='ltr'>atque</span> <span class='ocrx_word' id='word_1_171' title='bbox 972 1494 1017 1517; x_wconf 87' lang='lat' dir='ltr'>ex</span> <span class='ocrx_word' id='word_1_172' title='bbox 1044 1482 1163 1518; x_wconf 90' lang='lat' dir='ltr'>oculis</span> 
     </span>
     <span class='ocr_line' id='line_1_25' title="bbox 45 1543 1161 1595; baseline 0.002 -15"><span class='ocrx_word' id='word_1_173' title='bbox 45 1543 224 1594; x_wconf 87' lang='lat' dir='ltr'>elapsam.</span> <span class='ocrx_word' id='word_1_174' title='bbox 264 1544 338 1581; x_wconf 91' lang='lat' dir='ltr'>His</span> <span class='ocrx_word' id='word_1_175' title='bbox 354 1544 543 1581; x_wconf 85' lang='lat' dir='ltr'>miraculis</span> <span class='ocrx_word' id='word_1_176' title='bbox 563 1558 769 1594; x_wconf 88' lang='lat' dir='ltr'>numquam</span> <span class='ocrx_word' id='word_1_177' title='bbox 785 1545 832 1581; x_wconf 90' lang='lat' dir='ltr'>ab</span> <span class='ocrx_word' id='word_1_178' title='bbox 852 1546 935 1595; x_wconf 87' lang='lat' dir='ltr'>ipso</span> <span class='ocrx_word' id='word_1_179' title='bbox 952 1545 1056 1582; x_wconf 88' lang='lat' dir='ltr'>elusa</span> <span class='ocrx_word' id='word_1_180' title='bbox 1071 1545 1161 1582; x_wconf 84' lang='lat' dir='ltr'>fides</span> 
     </span>
     <span class='ocr_line' id='line_1_26' title="bbox 45 1608 1161 1658; baseline 0.001 -14"><span class='ocrx_word' id='word_1_181' title='bbox 45 1614 123 1644; x_wconf 89' lang='lat' dir='ltr'>est:</span> <span class='ocrx_word' id='word_1_182' title='bbox 156 1609 247 1657; x_wconf 92' lang='lat' dir='ltr'>quin</span> <span class='ocrx_word' id='word_1_183' title='bbox 275 1609 402 1658; x_wconf 84' lang='lat' dir='ltr'>potius</span> <span class='ocrx_word' id='word_1_184' title='bbox 433 1615 545 1644; x_wconf 81' lang='lat' dir='ltr'>aucta</span> <span class='ocrx_word' id='word_1_185' title='bbox 573 1615 652 1645; x_wconf 87' lang='lat' dir='ltr'>arte</span> <span class='ocrx_word' id='word_1_186' title='bbox 673 1609 847 1657; x_wconf 83' lang='lat' dir='ltr'>quadam,</span> <span class='ocrx_word' id='word_1_187' title='bbox 872 1621 942 1644; x_wconf 89' lang='lat' dir='ltr'>nec</span> <span class='ocrx_word' id='word_1_188' title='bbox 971 1608 1161 1645; x_wconf 87' lang='lat' dir='ltr'>abnuendi</span> 
     </span>
     <span class='ocr_line' id='line_1_27' title="bbox 45 1671 1163 1722; baseline 0.003 -15"><span class='ocrx_word' id='word_1_189' title='bbox 45 1671 122 1708; x_wconf 85' lang='lat' dir='ltr'>tale</span> <span class='ocrx_word' id='word_1_190' title='bbox 145 1673 361 1721; x_wconf 88' lang='lat' dir='ltr'>quidquam,</span> <span class='ocrx_word' id='word_1_191' title='bbox 391 1685 461 1708; x_wconf 91' lang='lat' dir='ltr'>nec</span> <span class='ocrx_word' id='word_1_192' title='bbox 490 1672 614 1722; x_wconf 85' lang='lat' dir='ltr'>palam</span> <span class='ocrx_word' id='word_1_193' title='bbox 644 1673 877 1709; x_wconf 83' lang='lat' dir='ltr'>adfirmandi.</span> <span class='ocrx_word' id='word_1_194' title='bbox 933 1673 1060 1708; x_wconf 87' lang='lat' dir='ltr'>Multa</span> <span class='ocrx_word' id='word_1_195' title='bbox 1089 1673 1163 1710; x_wconf 82' lang='lat' dir='ltr'>alia</span> 
     </span>
     <span class='ocr_line' id='line_1_28' title="bbox 44 1735 1160 1786; baseline 0.001 -14"><span class='ocrx_word' id='word_1_196' title='bbox 44 1735 211 1786; x_wconf 89' lang='lat' dir='ltr'>ejusdem</span> <span class='ocrx_word' id='word_1_197' title='bbox 232 1737 393 1786; x_wconf 85' lang='lat' dir='ltr'>generis,</span> <span class='ocrx_word' id='word_1_198' title='bbox 421 1736 496 1772; x_wconf 87' lang='lat' dir='ltr'>alia</span> <span class='ocrx_word' id='word_1_199' title='bbox 520 1749 619 1779; x_wconf 86' lang='lat' dir='ltr'>vera,</span> <span class='ocrx_word' id='word_1_200' title='bbox 643 1736 716 1772; x_wconf 82' lang='lat' dir='ltr'>alia</span> <span class='ocrx_word' id='word_1_201' title='bbox 743 1736 979 1780; x_wconf 85' lang='lat' dir='ltr'>adsimulata,</span> <span class='ocrx_word' id='word_1_202' title='bbox 1000 1738 1160 1773; x_wconf 80' lang='lat' dir='ltr'>admira-</span> 
     </span>
     <span class='ocr_line' id='line_1_29' title="bbox 39 1800 1158 1850; baseline 0.003 -15"><span class='ocrx_word' id='word_1_203' title='bbox 39 1800 155 1836; x_wconf 87' lang='lat' dir='ltr'>tionis</span> <span class='ocrx_word' id='word_1_204' title='bbox 184 1800 359 1837; x_wconf 85' lang='lat' dir='ltr'>humanae</span> <span class='ocrx_word' id='word_1_205' title='bbox 390 1801 428 1836; x_wconf 86' lang='lat' dir='ltr'>in</span> <span class='ocrx_word' id='word_1_206' title='bbox 458 1814 503 1837; x_wconf 90' lang='lat' dir='ltr'>eo</span> <span class='ocrx_word' id='word_1_207' title='bbox 532 1800 674 1850; x_wconf 87' lang='lat' dir='ltr'>juvene</span> <span class='ocrx_word' id='word_1_208' title='bbox 712 1808 950 1837; x_wconf 84' lang='lat' dir='ltr'>excesserant</span> <span class='ocrx_word' id='word_1_209' title='bbox 978 1801 1158 1838; x_wconf 85' lang='lat' dir='ltr'>modum:</span> 
     </span>
     <span class='ocr_line' id='line_1_30' title="bbox 45 1864 1158 1914; baseline 0.002 -14"><span class='ocrx_word' id='word_1_210' title='bbox 45 1864 180 1914; x_wconf 88' lang='lat' dir='ltr'>quibus</span> <span class='ocrx_word' id='word_1_211' title='bbox 206 1865 305 1901; x_wconf 88' lang='lat' dir='ltr'>freta</span> <span class='ocrx_word' id='word_1_212' title='bbox 334 1871 425 1901; x_wconf 88' lang='lat' dir='ltr'>tunc</span> <span class='ocrx_word' id='word_1_213' title='bbox 452 1865 597 1907; x_wconf 84' lang='lat' dir='ltr'>civitas,</span> <span class='ocrx_word' id='word_1_214' title='bbox 628 1866 729 1900; x_wconf 77' lang='lat' dir='ltr'>aetati</span> <span class='ocrx_word' id='word_1_215' title='bbox 755 1865 1046 1914; x_wconf 85' lang='lat' dir='ltr'>haudquaquam</span> <span class='ocrx_word' id='word_1_216' title='bbox 1077 1878 1158 1902; x_wconf 91' lang='lat' dir='ltr'>ma-</span> 
     </span>
     <span class='ocr_line' id='line_1_31' title="bbox 47 1928 1157 1979; baseline 0.001 -15"><span class='ocrx_word' id='word_1_217' title='bbox 47 1936 141 1965; x_wconf 87' lang='lat' dir='ltr'>turae</span> <span class='ocrx_word' id='word_1_218' title='bbox 153 1934 300 1965; x_wconf 86' lang='lat' dir='ltr'>tantam</span> <span class='ocrx_word' id='word_1_219' title='bbox 316 1928 454 1964; x_wconf 89' lang='lat' dir='ltr'>molem</span> <span class='ocrx_word' id='word_1_220' title='bbox 470 1942 607 1972; x_wconf 79' lang='lat' dir='ltr'>rerum,</span> <span class='ocrx_word' id='word_1_221' title='bbox 621 1935 844 1978; x_wconf 87' lang='lat' dir='ltr'>tantumque</span> <span class='ocrx_word' id='word_1_222' title='bbox 859 1930 1056 1979; x_wconf 88' lang='lat' dir='ltr'>imperium</span> <span class='ocrx_word' id='word_1_223' title='bbox 1073 1942 1157 1979; x_wconf 88' lang='lat' dir='ltr'>per-</span> 
     </span>
     <span class='ocr_line' id='line_1_32' title="bbox 44 1993 1158 2043; baseline 0 -14"><span class='ocrx_word' id='word_1_224' title='bbox 44 1994 160 2029; x_wconf 88' lang='lat' dir='ltr'>misit.</span> <span class='ocrx_word' id='word_1_225' title='bbox 216 1993 277 2029; x_wconf 85' lang='lat' dir='ltr'>Ad</span> <span class='ocrx_word' id='word_1_226' title='bbox 304 2005 365 2029; x_wconf 88' lang='lat' dir='ltr'>eas</span> <span class='ocrx_word' id='word_1_227' title='bbox 387 1994 529 2043; x_wconf 74' lang='lat' dir='ltr'>copiaS,</span> <span class='ocrx_word' id='word_1_228' title='bbox 551 2007 641 2042; x_wconf 91' lang='lat' dir='ltr'>quas</span> <span class='ocrx_word' id='word_1_229' title='bbox 663 2007 709 2030; x_wconf 82' lang='lat' dir='ltr'>ex</span> <span class='ocrx_word' id='word_1_230' title='bbox 728 1999 852 2030; x_wconf 85' lang='lat' dir='ltr'>vetere</span> <span class='ocrx_word' id='word_1_231' title='bbox 878 1994 1044 2030; x_wconf 85' lang='lat' dir='ltr'>exercitu</span> <span class='ocrx_word' id='word_1_232' title='bbox 1065 1993 1158 2030; x_wconf 90' lang='lat' dir='ltr'>His-</span> 
     </span>
     <span class='ocr_line' id='line_1_33' title="bbox 45 2056 1158 2107; baseline 0 -14"><span class='ocrx_word' id='word_1_233' title='bbox 45 2058 160 2107; x_wconf 85' lang='lat' dir='ltr'>pania</span> <span class='ocrx_word' id='word_1_234' title='bbox 187 2056 367 2100; x_wconf 88' lang='lat' dir='ltr'>habebat,</span> <span class='ocrx_word' id='word_1_235' title='bbox 395 2071 551 2106; x_wconf 73' lang='lat' dir='ltr'>quaeque</span> <span class='ocrx_word' id='word_1_236' title='bbox 581 2071 603 2093; x_wconf 91' lang='lat' dir='ltr'>a</span> <span class='ocrx_word' id='word_1_237' title='bbox 631 2057 799 2093; x_wconf 87' lang='lat' dir='ltr'>Puteolis</span> <span class='ocrx_word' id='word_1_238' title='bbox 830 2070 914 2093; x_wconf 90' lang='lat' dir='ltr'>cum</span> <span class='ocrx_word' id='word_1_239' title='bbox 945 2056 1158 2094; x_wconf 83' lang='lat' dir='ltr'>C.Ne1·0ne</span> 
     </span>
     <span class='ocr_line' id='line_1_34' title="bbox 42 2119 1157 2171; baseline 0 -15"><span class='ocrx_word' id='word_1_240' title='bbox 42 2119 213 2171; x_wconf 84' lang='lat' dir='ltr'>trajectae</span> <span class='ocrx_word' id='word_1_241' title='bbox 233 2128 354 2162; x_wconf 85' lang='lat' dir='ltr'>erant,</span> <span class='ocrx_word' id='word_1_242' title='bbox 375 2121 501 2156; x_wconf 91' lang='lat' dir='ltr'>decem</span> <span class='ocrx_word' id='word_1_243' title='bbox 522 2120 640 2156; x_wconf 86' lang='lat' dir='ltr'>millia</span> <span class='ocrx_word' id='word_1_244' title='bbox 658 2121 819 2156; x_wconf 83' lang='lat' dir='ltr'>militurn</span> <span class='ocrx_word' id='word_1_245' title='bbox 841 2127 877 2156; x_wconf 87' lang='lat' dir='ltr'>et</span> <span class='ocrx_word' id='word_1_246' title='bbox 896 2120 997 2157; x_wconf 85' lang='lat' dir='ltr'>mille</span> <span class='ocrx_word' id='word_1_247' title='bbox 1014 2122 1157 2169; x_wconf 87' lang='lat' dir='ltr'>equites</span> 
     </span>
     <span class='ocr_line' id='line_1_35' title="bbox 43 2184 1160 2235; baseline -0.001 -15"><span class='ocrx_word' id='word_1_248' title='bbox 43 2185 254 2221; x_wconf 86' lang='lat' dir='ltr'>adduntur:</span> <span class='ocrx_word' id='word_1_249' title='bbox 287 2192 325 2220; x_wconf 86' lang='lat' dir='ltr'>et</span> <span class='ocrx_word' id='word_1_250' title='bbox 353 2185 409 2221; x_wconf 88' lang='lat' dir='ltr'>M.</span> <span class='ocrx_word' id='word_1_251' title='bbox 422 2184 558 2221; x_wconf 84' lang='lat' dir='ltr'>Junius</span> <span class='ocrx_word' id='word_1_252' title='bbox 590 2185 737 2221; x_wconf 81' lang='lat' dir='ltr'>Silanus</span> <span class='ocrx_word' id='word_1_253' title='bbox 768 2191 978 2235; x_wconf 68' lang='lat' dir='ltr'>propraetor</span> <span class='ocrx_word' id='word_1_254' title='bbox 1007 2184 1160 2234; x_wconf 82' lang='lat' dir='ltr'>adjutor</span> 
     </span>
     <span class='ocr_line' id='line_1_36' title="bbox 43 2249 1157 2297; baseline -0.001 -12"><span class='ocrx_word' id='word_1_255' title='bbox 43 2250 90 2285; x_wconf 84' lang='lat' dir='ltr'>ad</span> <span class='ocrx_word' id='word_1_256' title='bbox 108 2261 164 2285; x_wconf 89' lang='lat' dir='ltr'>res</span> <span class='ocrx_word' id='word_1_257' title='bbox 186 2249 367 2297; x_wconf 82' lang='lat' dir='ltr'>gerendas</span> <span class='ocrx_word' id='word_1_258' title='bbox 389 2249 497 2285; x_wconf 87' lang='lat' dir='ltr'>datus</span> <span class='ocrx_word' id='word_1_259' title='bbox 518 2255 586 2286; x_wconf 88' lang='lat' dir='ltr'>est.</span> <span class='ocrx_word' id='word_1_260' title='bbox 643 2249 705 2285; x_wconf 86' lang='lat' dir='ltr'>Ita</span> <span class='ocrx_word' id='word_1_261' title='bbox 724 2262 809 2285; x_wconf 91' lang='lat' dir='ltr'>cum</span> <span class='ocrx_word' id='word_1_262' title='bbox 829 2250 987 2297; x_wconf 83' lang='lat' dir='ltr'>triginta</span> <span class='ocrx_word' id='word_1_263' title='bbox 1005 2249 1157 2285; x_wconf 85' lang='lat' dir='ltr'>navium</span> 
     </span>
     <span class='ocr_line' id='line_1_37' title="bbox 44 2312 1156 2363; baseline -0.001 -14"><span class='ocrx_word' id='word_1_264' title='bbox 44 2312 162 2350; x_wconf 86' lang='lat' dir='ltr'>classe</span> <span class='ocrx_word' id='word_1_265' title='bbox 184 2315 332 2359; x_wconf 88' lang='lat' dir='ltr'>(omnes</span> <span class='ocrx_word' id='word_1_266' title='bbox 357 2320 481 2350; x_wconf 87' lang='lat' dir='ltr'>autem</span> <span class='ocrx_word' id='word_1_267' title='bbox 503 2314 788 2363; x_wconf 84' lang='lat' dir='ltr'>quinqueremes</span> <span class='ocrx_word' id='word_1_268' title='bbox 816 2313 939 2361; x_wconf 81' lang='lat' dir='ltr'>erant)</span> <span class='ocrx_word' id='word_1_269' title='bbox 963 2313 1068 2350; x_wconf 85' lang='lat' dir='ltr'>ostiis</span> <span class='ocrx_word' id='word_1_270' title='bbox 1089 2312 1156 2348; x_wconf 82' lang='lat' dir='ltr'>Ti-</span> 
     </span>
    </p>
   </div>
   <div class='ocr_carea' id='block_1_7' title="bbox 1180 504 1269 527">
    <p class='ocr_par' dir='ltr' id='par_1_7' title="bbox 1180 504 1269 527">
     <span class='ocr_line' id='line_1_38' title="bbox 1180 504 1269 527; baseline 0.034 -3"><span class='ocrx_word' id='word_1_271' title='bbox 1180 504 1269 527; x_wconf 70' lang='lat' dir='ltr'>nem·</span> 
     </span>
    </p>
   </div>
  </div>
 </body>
</html>
