1527 2661
305 183 460 213 LIBER
484 182 629 212 XXIV·
663 182 769 211 CAP.
793 181 911 211 XXV.
1082 182 1163 222 401

1 270 3 276 ¹
43 272 268 309 auctoritate
284 285 414 309 eorum
433 272 608 322 praesidio
624 270 671 307 ad
686 270 788 306 fores
806 271 947 320 posito,
965 270 1152 318 ingressos
1167 273 1260 346 gg
1277 279 1349 305 ³38,

1198 338 1206 346 .
1249 340 1255 346 .
1271 324 1346 347 214.

2 396 3 401 ¹
43 409 154 437 runt:
188 407 239 444 et,
257 413 372 450 quum
392 399 574 437 tumultus
593 400 639 436 ab
655 412 694 435 re
715 400 752 434 in
771 399 934 449 speciem
950 399 1152 441 atrociore,
1167 368 1351 440 2ξὲᾱὲἕὲ

44 476 214 500 caussam
234 464 316 501 aliis
337 463 620 513 ignorantibus,
641 469 746 499 ortus
768 469 880 505 esset,
898 462 1050 498 silentio
1071 468 1156 497 tan·
1170 454 1276 484 mism-

44 337 186 374 curiam
210 337 448 378 Themistum
474 342 588 385 atque
607 335 927 371 Andranodorum
953 335 1153 370 interfece-

0 536 1 565 ζ
43 528 128 564 dem
147 528 266 572 facto,
294 529 455 564 indicem
481 529 520 563 in
549 528 691 563 curiam
718 527 1021 562 introduxerunt.
1079 526 1157 565 Qui

44 605 159 641 quum
189 594 320 629 ordine
347 593 475 629 omnia
502 592 727 628 edocuisset.
749 597 787 626 et
812 591 1039 640 principium
1066 603 1158 626 con-

0 684 1 706 ]
37 654 245 706 jurationis
263 658 405 693 factum
421 656 468 692 ab
486 656 707 692 Harmoniae
723 654 880 691 Gelonis
897 655 981 690 filiae
998 655 1155 704 nuptiis,

44 720 179 768 quibus
205 721 404 757 Themisto
427 720 567 770 juncta
595 727 716 764 esset,
748 719 930 755 Afrorum
960 719 1156 769 Hispano-

43 795 201 833 rumque
230 785 430 821 auxiliares
465 785 670 820 instructos
709 784 754 819 ad
783 784 922 820 caedem
951 790 1157 833 praetorum

43 847 331 897 principumque
358 847 543 893 aliorum5
576 848 753 896 bonaque
780 860 910 883 eorum
937 847 1072 896 praedae
1096 846 1155 882 fu-

45 918 130 947 tura
148 912 455 949 interfectoribus
483 912 778 962 pronunciatum
791 927 801 956 3
827 910 911 960 jam
930 911 1157 946 mercenari-

44 987 153 1012 orum
172 988 326 1012 manum
345 976 540 1012 adsuetam
560 976 727 1026 imperiis
748 974 1020 1010 Andranodori
1047 987 1157 1024 para-

43 1044 123 1074 tam
140 1039 256 1075 fuisse
276 1039 322 1076 ad
343 1039 513 1076 Insulam
540 1053 666 1077 rursus
690 1041 949 1090 occupandam
966 1056 974 1084 3
1008 1039 1159 1088 singula

41 1103 191 1147 deinde,
212 1117 295 1153 quae
321 1117 387 1155 per
407 1117 576 1154 quosque
603 1111 819 1154 agerentur,
846 1111 1043 1154 totamque
1069 1105 1158 1140 viris

46 1167 232 1216 armisque
251 1168 475 1205 instructam
495 1168 801 1219 conjurationem
820 1175 909 1205 ante
929 1168 1060 1205 oculos
1087 1181 1157 1217 po·

45 1233 203 1279 suisset3
237 1235 384 1270 senatui
411 1234 559 1283 quidem
588 1242 665 1271 tam
685 1234 774 1285 jure
801 1235 901 1277 caesi,
923 1248 1034 1283 quam
1063 1235 1159 1270 Hie-

45 1309 239 1347 ronymus,
260 1298 495 1336 videbantur.
553 1300 656 1336 Ante
676 1300 818 1336 curiam
837 1300 949 1335 variae
970 1306 1082 1347 atque
1101 1299 1160 1334 in-

47 1368 157 1397 certae
184 1374 309 1398 rerum
334 1362 587 1398 multitudinis
608 1363 750 1399 elamor
777 1368 879 1399 erat:
913 1375 1039 1411 quam,
1060 1361 1161 1397 fero·-

47 1424 140 1460 citer
165 1425 405 1461 minitantem
431 1426 470 1461 in
491 1426 679 1462 vestibulo
699 1426 826 1469 euriae,
848 1436 1008 1475 corpora
1027 1423 1160 1474 conju-

46 1493 214 1523 ratorum
231 1500 276 1524 eo
292 1494 395 1524 metu
410 1496 728 1539 compresserunt,
746 1495 788 1525 ut
803 1488 956 1524 silentes
972 1488 1162 1536 integram

46 1550 195 1600 plebem
211 1552 249 1588 in
266 1553 491 1589 concionem
506 1559 766 1602 sequerentur.
824 1553 988 1603 Sopatro
1004 1551 1168 1588 manda·-

46 1621 128 1651 tum
148 1615 194 1652 ab
215 1623 350 1652 senatu
368 1623 406 1653 et
426 1617 472 1653 ab
494 1616 664 1665 collegiS‚
686 1624 728 1653 ut
749 1616 862 1653 verba
881 1616 1035 1652 faceret.

99 1678 231 1715 XXV.
261 1679 316 1722 Is,
335 1686 530 1729 tamquam
552 1693 635 1716 reos
657 1686 800 1728 ageret,
822 1679 868 1715 ab
890 1685 1066 1715 anteacta
1084 1679 1163 1714 vita

48 1754 169 1785 orsus,
186 1755 430 1792 quaecumque
446 1750 533 1793 post
550 1744 731 1780 Hieronis
749 1750 910 1779 mortem
928 1742 1084 1779 sceleste
1105 1749 1162 1778 at·

49 1819 120 1855 que
137 1807 239 1856 inpie
255 1807 355 1843 facta
371 1815 510 1851 essent,
526 1808 847 1844 Andranodorum
864 1820 906 1843 ac
923 1807 1164 1843 Themistum

49 1872 173 1920 arguit
191 1870 336 1908 fecisse.
396 1873 492 1913 Quid
510 1874 603 1908 enim
621 1885 686 1908 sua
701 1878 825 1920 sponte
833 1871 966 1921 secisse
986 1872 1163 1920 Hierony-

49 1948 144 1971 mum
163 1948 326 1983 puerum,
347 1948 389 1971 ac
406 1937 550 1972 vixdum
571 1938 813 1985 pubescentem
830 1937 960 1985 facere
976 1938 1132 1984 potuisse
1146 1938 1166 1972 5>

55 2001 202 2036 Tutores
220 2012 262 2035 ac
286 2002 474 2047 magistros
498 2000 570 2046 ejus
594 2002 655 2037 sab
674 2002 792 2037 aliena
818 2003 955 2037 invidia
978 1999 1299 2048 regnqssessopatri

51 2064 171 2111 itaque
189 2068 253 2098 aut
272 2068 354 2098 ante
368 2064 638 2111 Hieronymwn,
656 2070 721 2100 aut
740 2070 833 2101 certe
852 2078 930 2100 cum
948 2065 1166 2112 Hieronymo
1176 2050 1324 2116 ἓζζῖξὲῐξῗι

49 2128 169 2174 perire
193 2138 250 2162 eos
268 2127 432 2162 debuisse.
489 2131 539 2162 At
566 2128 657 2170 illos,
679 2128 812 2164 debitos
819 2127 902 2174 jam
930 2130 1039 2163 mom
1058 2129 1163 2162 desti·
1178 2137 1338 2169 tyrannos.

53 2196 237 2239 natosque,
259 2192 334 2226 alia
356 2202 448 2226 nova
465 2192 599 2227 scelera
622 2197 702 2239 post
721 2197 871 2228 mortem
890 2194 1033 2238 tyranni
1061 2192 1163 2226 moli·

54 2260 130 2291 tos.-
155 2256 280 2303 palam
305 2257 441 2303 primo,
468 2267 548 2291 cum
580 2257 708 2292 clausis
732 2256 1017 2292 Andranodorus
1038 2255 1166 2290 Insulae

49 2320 164 2368 portis
192 2319 436 2356 haereditatem
467 2320 565 2367 regni
593 2322 754 2362 creverit,
782 2331 926 2368 quaeque
953 2322 1166 2367 procurator

1518 2441 1523 2450 u
1520 2388 1523 2392 ,
1518 2164 1526 2368 Αύ,-,,Α-ι-..-.-
1523 2115 1526 2124 -
