<?xml version="1.0" encoding="UTF-8"?>
<!DOCTYPE html PUBLIC "-//W3C//DTD XHTML 1.0 Transitional//EN"
    "http://www.w3.org/TR/xhtml1/DTD/xhtml1-transitional.dtd">
<html xmlns="http://www.w3.org/1999/xhtml" xml:lang="en" lang="en">
 <head>
  <title>
</title>
<meta http-equiv="Content-Type" content="text/html;charset=utf-8" />
  <meta name='ocr-system' content='tesseract 3.04.00' />
  <meta name='ocr-capabilities' content='ocr_page ocr_carea ocr_par ocr_line ocrx_word'/>
</head>
<body>
  <div class='ocr_page' id='page_1' title='image "./historiarumquaes02livyuoft/historiarumquaes02livyuoft_0047.png"; bbox 0 0 1527 2661; ppageno 0'>
   <div class='ocr_carea' id='block_1_1' title="bbox 0 118 5 700">
    <p class='ocr_par' dir='ltr' id='par_1_1' title="bbox 0 118 5 700">
     <span class='ocr_line' id='line_1_1' title="bbox 0 118 5 700; baseline 0 0"><span class='ocrx_word' id='word_1_1' title='bbox 0 118 5 700; x_wconf 95' lang='lat' dir='ltr'> </span> 
     </span>
    </p>
   </div>
   <div class='ocr_carea' id='block_1_2' title="bbox 400 193 1232 238">
    <p class='ocr_par' dir='ltr' id='par_1_2' title="bbox 400 193 1232 238">
     <span class='ocr_line' id='line_1_2' title="bbox 400 193 1232 238; baseline -0.004 -15"><span class='ocrx_word' id='word_1_2' title='bbox 400 194 554 223; x_wconf 77' lang='lat' dir='ltr'>LIBER</span> <span class='ocrx_word' id='word_1_3' title='bbox 580 194 650 222; x_wconf 83' lang='lat' dir='ltr'>IX·</span> <span class='ocrx_word' id='word_1_4' title='bbox 684 193 790 222; x_wconf 77' lang='lat' dir='ltr'><strong>CAP.</strong></span> <span class='ocrx_word' id='word_1_5' title='bbox 814 193 958 222; x_wconf 71' lang='lat' dir='ltr'>XXtV-</span> <span class='ocrx_word' id='word_1_6' title='bbox 1177 193 1232 238; x_wconf 78' lang='lat'>37</span> 
     </span>
    </p>
   </div>
   <div class='ocr_carea' id='block_1_3' title="bbox 119 281 1454 2324">
    <p class='ocr_par' dir='ltr' id='par_1_3' title="bbox 119 281 1430 909">
     <span class='ocr_line' id='line_1_3' title="bbox 120 281 1430 333; baseline -0.002 -14"><span class='ocrx_word' id='word_1_7' title='bbox 120 281 290 319; x_wconf 80' lang='lat' dir='ltr'>ardentia</span> <span class='ocrx_word' id='word_1_8' title='bbox 319 282 451 333; x_wconf 88' lang='lat' dir='ltr'>procul</span> <span class='ocrx_word' id='word_1_9' title='bbox 479 282 573 317; x_wconf 86' lang='lat' dir='ltr'>vidit</span> <span class='ocrx_word' id='word_1_10' title='bbox 601 288 725 317; x_wconf 86' lang='lat' dir='ltr'>castra</span> <span class='ocrx_word' id='word_1_11' title='bbox 754 282 933 328; x_wconf 80' lang='lat' dir='ltr'>magister</span> <span class='ocrx_word' id='word_1_12' title='bbox 962 281 1146 330; x_wconf 83' lang='lat' dir='ltr'>equitum,</span> <span class='ocrx_word' id='word_1_13' title='bbox 1176 283 1232 330; x_wconf 84' lang='lat' dir='ltr'>(id</span> <span class='ocrx_word' id='word_1_14' title='bbox 1249 281 1338 311; x_wconf 86' lang='lat' dir='ltr'><strong>U·C·</strong></span> <span class='ocrx_word' id='word_1_15' title='bbox 1356 287 1430 313; x_wconf 63' lang='lat'><em>4539-</em></span> 
     </span>
     <span class='ocr_line' id='line_1_4' title="bbox 119 324 1429 395; baseline 0 -13"><span class='ocrx_word' id='word_1_16' title='bbox 119 354 348 382; x_wconf 84' lang='lat' dir='ltr'>convenerat</span> <span class='ocrx_word' id='word_1_17' title='bbox 368 347 535 395; x_wconf 77' lang='lat' dir='ltr'>signum)</span> <span class='ocrx_word' id='word_1_18' title='bbox 565 346 733 381; x_wconf 85' lang='lat' dir='ltr'>hostium</span> <span class='ocrx_word' id='word_1_19' title='bbox 753 353 859 393; x_wconf 80' lang='lat' dir='ltr'>terga</span> <span class='ocrx_word' id='word_1_20' title='bbox 879 345 1023 381; x_wconf 81' lang='lat' dir='ltr'>invadit</span> <span class='ocrx_word' id='word_1_21' title='bbox 1042 361 1048 381; x_wconf 94' lang='lat'><strong>:</strong></span> <span class='ocrx_word' id='word_1_22' title='bbox 1083 347 1136 382; x_wconf 87' lang='lat' dir='ltr'>ita</span> <span class='ocrx_word' id='word_1_23' title='bbox 1159 347 1231 382; x_wconf 85' lang='lat' dir='ltr'>cir·</span> <span class='ocrx_word' id='word_1_24' title='bbox 1246 325 1286 356; x_wconf 81' lang='lat' dir='ltr'>A’</span> <span class='ocrx_word' id='word_1_25' title='bbox 1300 324 1336 354; x_wconf 80' lang='lat' dir='ltr'>C&#39;</span> <span class='ocrx_word' id='word_1_26' title='bbox 1354 330 1429 355; x_wconf 76' lang='lat'>31³·</span> 
     </span>
     <span class='ocr_line' id='line_1_5' title="bbox 119 409 1233 460; baseline 0.001 -15"><span class='ocrx_word' id='word_1_27' title='bbox 119 411 308 446; x_wconf 83' lang='lat' dir='ltr'>cumventi</span> <span class='ocrx_word' id='word_1_28' title='bbox 339 410 541 451; x_wconf 83' lang='lat' dir='ltr'>Samnites,</span> <span class='ocrx_word' id='word_1_29' title='bbox 565 422 639 457; x_wconf 89' lang='lat' dir='ltr'>qua</span> <span class='ocrx_word' id='word_1_30' title='bbox 664 415 791 458; x_wconf 88' lang='lat' dir='ltr'>potest</span> <span class='ocrx_word' id='word_1_31' title='bbox 818 409 989 457; x_wconf 73' lang='lat' dir='ltr'>quisque,</span> <span class='ocrx_word' id='word_1_32' title='bbox 1013 409 1143 457; x_wconf 77' lang='lat' dir='ltr'>fugam</span> <span class='ocrx_word' id='word_1_33' title='bbox 1167 423 1233 460; x_wconf 83' lang='lat' dir='ltr'>per</span> 
     </span>
     <span class='ocr_line' id='line_1_6' title="bbox 119 472 1233 524; baseline 0 -14"><span class='ocrx_word' id='word_1_34' title='bbox 119 474 266 510; x_wconf 86' lang='lat' dir='ltr'>diversa</span> <span class='ocrx_word' id='word_1_35' title='bbox 287 480 435 524; x_wconf 85' lang='lat' dir='ltr'>petunt.</span> <span class='ocrx_word' id='word_1_36' title='bbox 492 474 633 521; x_wconf 82' lang='lat' dir='ltr'>Ingens</span> <span class='ocrx_word' id='word_1_37' title='bbox 663 472 882 515; x_wconf 85' lang='lat' dir='ltr'>multitudo,</span> <span class='ocrx_word' id='word_1_38' title='bbox 914 474 952 508; x_wconf 86' lang='lat' dir='ltr'>in</span> <span class='ocrx_word' id='word_1_39' title='bbox 983 486 1099 509; x_wconf 85' lang='lat' dir='ltr'>unum</span> <span class='ocrx_word' id='word_1_40' title='bbox 1129 481 1233 510; x_wconf 87' lang='lat' dir='ltr'>metu</span> 
     </span>
     <span class='ocr_line' id='line_1_7' title="bbox 120 537 1235 587; baseline 0 -13"><span class='ocrx_word' id='word_1_41' title='bbox 120 537 366 586; x_wconf 83' lang='lat' dir='ltr'>conglobata,</span> <span class='ocrx_word' id='word_1_42' title='bbox 388 551 431 574; x_wconf 84' lang='lat' dir='ltr'>ac</span> <span class='ocrx_word' id='word_1_43' title='bbox 451 543 568 573; x_wconf 87' lang='lat' dir='ltr'>semet</span> <span class='ocrx_word' id='word_1_44' title='bbox 588 538 707 587; x_wconf 78' lang='lat' dir='ltr'>ipsam</span> <span class='ocrx_word' id='word_1_45' title='bbox 727 537 841 573; x_wconf 85' lang='lat' dir='ltr'>turba</span> <span class='ocrx_word' id='word_1_46' title='bbox 859 537 1068 586; x_wconf 76' lang='lat' dir='ltr'>inpediens,</span> <span class='ocrx_word' id='word_1_47' title='bbox 1089 538 1128 573; x_wconf 89' lang='lat' dir='ltr'>in</span> <span class='ocrx_word' id='word_1_48' title='bbox 1155 550 1235 574; x_wconf 87' lang='lat' dir='ltr'>me-</span> 
     </span>
     <span class='ocr_line' id='line_1_8' title="bbox 120 602 1235 652; baseline 0.001 -14"><span class='ocrx_word' id='word_1_49' title='bbox 120 603 182 638; x_wconf 90' lang='lat' dir='ltr'>dio</span> <span class='ocrx_word' id='word_1_50' title='bbox 211 614 317 638; x_wconf 83' lang='lat' dir='ltr'>caesa.</span> <span class='ocrx_word' id='word_1_51' title='bbox 376 603 499 652; x_wconf 83' lang='lat' dir='ltr'>Capta</span> <span class='ocrx_word' id='word_1_52' title='bbox 516 603 684 638; x_wconf 85' lang='lat' dir='ltr'>hostium</span> <span class='ocrx_word' id='word_1_53' title='bbox 713 607 836 637; x_wconf 85' lang='lat' dir='ltr'>castra</span> <span class='ocrx_word' id='word_1_54' title='bbox 861 602 1106 651; x_wconf 81' lang='lat' dir='ltr'>direptaque3</span> <span class='ocrx_word' id='word_1_55' title='bbox 1139 615 1235 651; x_wconf 87' lang='lat' dir='ltr'>quo-</span> 
     </span>
     <span class='ocr_line' id='line_1_9' title="bbox 121 666 1235 716; baseline 0.001 -14"><span class='ocrx_word' id='word_1_56' title='bbox 121 678 204 702; x_wconf 85' lang='lat' dir='ltr'>rum</span> <span class='ocrx_word' id='word_1_57' title='bbox 223 667 349 716; x_wconf 80' lang='lat' dir='ltr'>praeda</span> <span class='ocrx_word' id='word_1_58' title='bbox 368 673 548 702; x_wconf 87' lang='lat' dir='ltr'>onustum</span> <span class='ocrx_word' id='word_1_59' title='bbox 568 666 726 701; x_wconf 89' lang='lat' dir='ltr'>militem</span> <span class='ocrx_word' id='word_1_60' title='bbox 745 666 785 701; x_wconf 87' lang='lat' dir='ltr'>in</span> <span class='ocrx_word' id='word_1_61' title='bbox 804 666 981 702; x_wconf 73' lang='lat' dir='ltr'>Romana</span> <span class='ocrx_word' id='word_1_62' title='bbox 1007 673 1131 703; x_wconf 80' lang='lat' dir='ltr'>castra</span> <span class='ocrx_word' id='word_1_63' title='bbox 1155 667 1235 703; x_wconf 85' lang='lat' dir='ltr'>dic-</span> 
     </span>
     <span class='ocr_line' id='line_1_10' title="bbox 121 731 1235 778; baseline 0.002 -13"><span class='ocrx_word' id='word_1_64' title='bbox 121 736 224 766; x_wconf 83' lang='lat' dir='ltr'>tator</span> <span class='ocrx_word' id='word_1_65' title='bbox 260 731 420 773; x_wconf 76' lang='lat' dir='ltr'><strong>reducit,</strong></span> <span class='ocrx_word' id='word_1_66' title='bbox 458 731 749 778; x_wconf 80' lang='lat' dir='ltr'><strong>haudquaquam</strong></span> <span class='ocrx_word' id='word_1_67' title='bbox 782 736 861 766; x_wconf 85' lang='lat' dir='ltr'>tam</span> <span class='ocrx_word' id='word_1_68' title='bbox 894 731 1054 766; x_wconf 81' lang='lat' dir='ltr'>victoria</span> <span class='ocrx_word' id='word_1_69' title='bbox 1089 731 1235 774; x_wconf 79' lang='lat' dir='ltr'>laetum,</span> 
     </span>
     <span class='ocr_line' id='line_1_11' title="bbox 121 794 1237 844; baseline 0.002 -14"><span class='ocrx_word' id='word_1_70' title='bbox 121 807 235 843; x_wconf 85' lang='lat' dir='ltr'>quam</span> <span class='ocrx_word' id='word_1_71' title='bbox 261 795 376 843; x_wconf 84' lang='lat' dir='ltr'>quod,</span> <span class='ocrx_word' id='word_1_72' title='bbox 408 802 544 844; x_wconf 87' lang='lat' dir='ltr'>praeter</span> <span class='ocrx_word' id='word_1_73' title='bbox 573 795 748 843; x_wconf 81' lang='lat' dir='ltr'>exiguam</span> <span class='ocrx_word' id='word_1_74' title='bbox 779 794 1029 830; x_wconf 82' lang='lat' dir='ltr'>deformatam</span> <span class='ocrx_word' id='word_1_75' title='bbox 1058 796 1237 832; x_wconf 88' lang='lat' dir='ltr'>incendio</span> 
     </span>
     <span class='ocr_line' id='line_1_12' title="bbox 120 858 1003 909; baseline 0 -15"><span class='ocrx_word' id='word_1_76' title='bbox 120 865 280 909; x_wconf 84' lang='lat' dir='ltr'>partem,</span> <span class='ocrx_word' id='word_1_77' title='bbox 302 866 426 894; x_wconf 79' lang='lat' dir='ltr'>cetera</span> <span class='ocrx_word' id='word_1_78' title='bbox 447 865 581 894; x_wconf 83' lang='lat' dir='ltr'>contra</span> <span class='ocrx_word' id='word_1_79' title='bbox 600 871 704 908; x_wconf 86' lang='lat' dir='ltr'>spem</span> <span class='ocrx_word' id='word_1_80' title='bbox 725 858 828 894; x_wconf 80' lang='lat' dir='ltr'>salva</span> <span class='ocrx_word' id='word_1_81' title='bbox 847 859 1003 895; x_wconf 84' lang='lat' dir='ltr'>invenit.</span> 
     </span>
    </p>

    <p class='ocr_par' dir='ltr' id='par_1_4' title="bbox 120 923 1454 2324">
     <span class='ocr_line' id='line_1_13' title="bbox 174 923 1435 972; baseline 0.001 -13"><span class='ocrx_word' id='word_1_82' title='bbox 174 923 327 960; x_wconf 86' lang='lat' dir='ltr'>XXIV.</span> <span class='ocrx_word' id='word_1_83' title='bbox 357 924 416 959; x_wconf 84' lang='lat' dir='ltr'>Ad</span> <span class='ocrx_word' id='word_1_84' title='bbox 449 924 582 959; x_wconf 83' lang='lat' dir='ltr'>Soram</span> <span class='ocrx_word' id='word_1_85' title='bbox 612 923 699 959; x_wconf 87' lang='lat' dir='ltr'>inde</span> <span class='ocrx_word' id='word_1_86' title='bbox 727 923 914 968; x_wconf 77' lang='lat' dir='ltr'>reditum3</span> <span class='ocrx_word' id='word_1_87' title='bbox 947 924 1110 972; x_wconf 88' lang='lat' dir='ltr'>novique</span> <span class='ocrx_word' id='word_1_88' title='bbox 1141 936 1233 960; x_wconf 88' lang='lat' dir='ltr'>con·</span> <span class='ocrx_word' id='word_1_89' title='bbox 1253 936 1340 966; x_wconf 56' lang='lat'>020,</span> <span class='ocrx_word' id='word_1_90' title='bbox 1358 943 1435 969; x_wconf 78' lang='lat'>440.</span> 
     </span>
     <span class='ocr_line' id='line_1_14' title="bbox 122 980 1433 1036; baseline 0.002 -15"><span class='ocrx_word' id='word_1_91' title='bbox 122 985 219 1022; x_wconf 81' lang='lat' dir='ltr'>sules</span> <span class='ocrx_word' id='word_1_92' title='bbox 241 986 299 1022; x_wconf 84' lang='grc' dir='ltr'>Μ.</span> <span class='ocrx_word' id='word_1_93' title='bbox 319 986 517 1029; x_wconf 83' lang='lat' dir='ltr'>Poetelius,</span> <span class='ocrx_word' id='word_1_94' title='bbox 544 987 586 1022; x_wconf 90' lang='lat' dir='ltr'>C.</span> <span class='ocrx_word' id='word_1_95' title='bbox 609 986 796 1036; x_wconf 79' lang='lat' dir='ltr'>Sulpicius</span> <span class='ocrx_word' id='word_1_96' title='bbox 818 987 1025 1023; x_wconf 73' lang='lat' dir='ltr'>exercitum</span> <span class='ocrx_word' id='word_1_97' title='bbox 1046 988 1093 1023; x_wconf 75' lang='lat' dir='ltr'>ab</span> <span class='ocrx_word' id='word_1_98' title='bbox 1114 988 1234 1024; x_wconf 87' lang='lat' dir='ltr'>dicta·</span> <span class='ocrx_word' id='word_1_99' title='bbox 1249 980 1288 1009; x_wconf 82' lang='lat' dir='ltr'>A·</span> <span class='ocrx_word' id='word_1_100' title='bbox 1303 980 1339 1010; x_wconf 83' lang='lat' dir='ltr'>C·</span> <span class='ocrx_word' id='word_1_101' title='bbox 1356 986 1433 1011; x_wconf 60' lang='grc'>312·</span> 
     </span>
     <span class='ocr_line' id='line_1_15' title="bbox 121 1051 1236 1100; baseline 0.002 -14"><span class='ocrx_word' id='word_1_102' title='bbox 121 1058 205 1087; x_wconf 86' lang='lat' dir='ltr'>tore</span> <span class='ocrx_word' id='word_1_103' title='bbox 223 1051 344 1087; x_wconf 87' lang='lat' dir='ltr'>Fabio</span> <span class='ocrx_word' id='word_1_104' title='bbox 363 1052 569 1100; x_wconf 85' lang='lat' dir='ltr'>accipiunt,</span> <span class='ocrx_word' id='word_1_105' title='bbox 592 1063 731 1099; x_wconf 79' lang='lat' dir='ltr'>magna</span> <span class='ocrx_word' id='word_1_106' title='bbox 749 1057 856 1100; x_wconf 84' lang='lat' dir='ltr'>parte</span> <span class='ocrx_word' id='word_1_107' title='bbox 876 1058 1043 1087; x_wconf 86' lang='lat' dir='ltr'>veterum</span> <span class='ocrx_word' id='word_1_108' title='bbox 1071 1052 1236 1088; x_wconf 84' lang='lat' dir='ltr'>militum</span> 
     </span>
     <span class='ocr_line' id='line_1_16' title="bbox 120 1115 1236 1165; baseline 0.002 -15"><span class='ocrx_word' id='word_1_109' title='bbox 120 1115 288 1158; x_wconf 85' lang='lat' dir='ltr'>dimissa,</span> <span class='ocrx_word' id='word_1_110' title='bbox 319 1117 502 1165; x_wconf 79' lang='lat' dir='ltr'>novisque</span> <span class='ocrx_word' id='word_1_111' title='bbox 528 1115 749 1151; x_wconf 80' lang='lat' dir='ltr'>cohortibus</span> <span class='ocrx_word' id='word_1_112' title='bbox 777 1117 817 1150; x_wconf 87' lang='lat' dir='ltr'>in</span> <span class='ocrx_word' id='word_1_113' title='bbox 845 1115 1148 1165; x_wconf 79' lang='lat' dir='ltr'>supplementum</span> <span class='ocrx_word' id='word_1_114' title='bbox 1169 1117 1236 1152; x_wconf 86' lang='lat' dir='ltr'>ad-</span> 
     </span>
     <span class='ocr_line' id='line_1_17' title="bbox 123 1179 1235 1229; baseline -0.002 -13"><span class='ocrx_word' id='word_1_115' title='bbox 123 1180 256 1216; x_wconf 85' lang='lat' dir='ltr'><strong>ductis.</strong></span> <span class='ocrx_word' id='word_1_116' title='bbox 314 1181 506 1223; x_wconf 85' lang='lat' dir='ltr'>Ceterum‚</span> <span class='ocrx_word' id='word_1_117' title='bbox 529 1194 642 1229; x_wconf 81' lang='lat' dir='ltr'>quum</span> <span class='ocrx_word' id='word_1_118' title='bbox 671 1186 826 1229; x_wconf 85' lang='lat' dir='ltr'>propter</span> <span class='ocrx_word' id='word_1_119' title='bbox 853 1179 1041 1214; x_wconf 81' lang='lat' dir='ltr'>difficilem</span> <span class='ocrx_word' id='word_1_120' title='bbox 1063 1180 1163 1215; x_wconf 84' lang='lat' dir='ltr'>urbis</span> <span class='ocrx_word' id='word_1_121' title='bbox 1185 1181 1235 1215; x_wconf 84' lang='lat' dir='ltr'>si-</span> 
     </span>
     <span class='ocr_line' id='line_1_18' title="bbox 122 1244 1237 1294; baseline 0 -14"><span class='ocrx_word' id='word_1_122' title='bbox 122 1250 204 1280; x_wconf 79' lang='lat' dir='ltr'>tum</span> <span class='ocrx_word' id='word_1_123' title='bbox 236 1258 303 1281; x_wconf 85' lang='lat' dir='ltr'>nec</span> <span class='ocrx_word' id='word_1_124' title='bbox 330 1245 576 1294; x_wconf 83' lang='lat' dir='ltr'>obpugnandi</span> <span class='ocrx_word' id='word_1_125' title='bbox 607 1245 697 1280; x_wconf 75' lang='lat' dir='ltr'>satis</span> <span class='ocrx_word' id='word_1_126' title='bbox 734 1249 835 1279; x_wconf 81' lang='lat' dir='ltr'>certa</span> <span class='ocrx_word' id='word_1_127' title='bbox 867 1244 963 1278; x_wconf 85' lang='lat' dir='ltr'>ratio</span> <span class='ocrx_word' id='word_1_128' title='bbox 994 1244 1166 1286; x_wconf 85' lang='lat' dir='ltr'>iniretur,</span> <span class='ocrx_word' id='word_1_129' title='bbox 1198 1250 1237 1280; x_wconf 85' lang='lat' dir='ltr'>et</span> 
     </span>
     <span class='ocr_line' id='line_1_19' title="bbox 124 1307 1234 1358; baseline 0.001 -14"><span class='ocrx_word' id='word_1_130' title='bbox 124 1314 189 1344; x_wconf 83' lang='lat' dir='ltr'>aut</span> <span class='ocrx_word' id='word_1_131' title='bbox 207 1314 378 1358; x_wconf 88' lang='lat' dir='ltr'>tempore</span> <span class='ocrx_word' id='word_1_132' title='bbox 398 1310 620 1357; x_wconf 85' lang='lat' dir='ltr'>longinqua,</span> <span class='ocrx_word' id='word_1_133' title='bbox 649 1314 714 1343; x_wconf 90' lang='lat' dir='ltr'>aut</span> <span class='ocrx_word' id='word_1_134' title='bbox 739 1319 904 1356; x_wconf 78' lang='lat' dir='ltr'>praeceps</span> <span class='ocrx_word' id='word_1_135' title='bbox 926 1307 1094 1356; x_wconf 82' lang='lat' dir='ltr'>periculo</span> <span class='ocrx_word' id='word_1_136' title='bbox 1113 1309 1234 1345; x_wconf 85' lang='lat' dir='ltr'>victo-</span> 
     </span>
     <span class='ocr_line' id='line_1_20' title="bbox 123 1370 1454 1426; baseline 0.001 -19"><span class='ocrx_word' id='word_1_137' title='bbox 123 1373 179 1408; x_wconf 84' lang='lat' dir='ltr'>ria</span> <span class='ocrx_word' id='word_1_138' title='bbox 206 1379 330 1418; x_wconf 80' lang='lat' dir='ltr'>esset3</span> <span class='ocrx_word' id='word_1_139' title='bbox 363 1374 529 1409; x_wconf 83' lang='lat' dir='ltr'>Soranus</span> <span class='ocrx_word' id='word_1_140' title='bbox 549 1371 762 1420; x_wconf 80' lang='lat' dir='ltr'>transfuga,</span> <span class='ocrx_word' id='word_1_141' title='bbox 786 1370 882 1406; x_wconf 78' lang='lat' dir='ltr'>clam</span> <span class='ocrx_word' id='word_1_142' title='bbox 911 1384 956 1407; x_wconf 79' lang='lat' dir='ltr'>ex</span> <span class='ocrx_word' id='word_1_143' title='bbox 982 1372 1122 1421; x_wconf 84' lang='lat' dir='ltr'>oppido</span> <span class='ocrx_word' id='word_1_144' title='bbox 1146 1385 1234 1423; x_wconf 87' lang='lat' dir='ltr'>pro·</span> <span class='ocrx_word' id='word_1_145' title='bbox 1250 1377 1326 1407; x_wconf 87' lang='lat' dir='ltr'>Sora</span> <span class='ocrx_word' id='word_1_146' title='bbox 1345 1377 1454 1426; x_wconf 59' lang='lat' dir='ltr'>obses?</span> 
     </span>
     <span class='ocr_line' id='line_1_21' title="bbox 122 1427 1442 1487; baseline 0.001 -14"><span class='ocrx_word' id='word_1_147' title='bbox 122 1437 258 1481; x_wconf 83' lang='lat' dir='ltr'>fectus,</span> <span class='ocrx_word' id='word_1_148' title='bbox 279 1452 394 1487; x_wconf 89' lang='lat' dir='ltr'>quum</span> <span class='ocrx_word' id='word_1_149' title='bbox 424 1440 471 1475; x_wconf 82' lang='lat' dir='ltr'>ad</span> <span class='ocrx_word' id='word_1_150' title='bbox 497 1438 627 1487; x_wconf 86' lang='lat' dir='ltr'>vigiles</span> <span class='ocrx_word' id='word_1_151' title='bbox 654 1437 852 1473; x_wconf 77' lang='lat' dir='ltr'>Romanos</span> <span class='ocrx_word' id='word_1_152' title='bbox 878 1442 1126 1485; x_wconf 73' lang='lat' dir='ltr'><strong>penetrasset,</strong></span> <span class='ocrx_word' id='word_1_153' title='bbox 1148 1437 1233 1473; x_wconf 87' lang='lat' dir='ltr'>duci</span> <span class='ocrx_word' id='word_1_154' title='bbox 1249 1430 1282 1450; x_wconf 66' lang='lat'>⁵³</span> <span class='ocrx_word' id='word_1_155' title='bbox 1306 1430 1363 1460; x_wconf 82' lang='lat' dir='ltr'>cap</span> <span class='ocrx_word' id='word_1_156' title='bbox 1366 1427 1442 1450; x_wconf 49' lang='grc' dir='ltr'>ΜΠ·</span> 
     </span>
     <span class='ocr_line' id='line_1_22' title="bbox 122 1494 1234 1554; baseline 0 -16"><span class='ocrx_word' id='word_1_157' title='bbox 122 1514 162 1538; x_wconf 88' lang='lat' dir='ltr'>se</span> <span class='ocrx_word' id='word_1_158' title='bbox 191 1504 380 1554; x_wconf 86' lang='lat' dir='ltr'>extemplo</span> <span class='ocrx_word' id='word_1_159' title='bbox 410 1494 456 1540; x_wconf 75' lang='lat' dir='ltr'>ad</span> <span class='ocrx_word' id='word_1_160' title='bbox 485 1503 657 1539; x_wconf 82' lang='lat' dir='ltr'>consules</span> <span class='ocrx_word' id='word_1_161' title='bbox 680 1501 809 1552; x_wconf 81' lang='lat' dir='ltr'>jubet,</span> <span class='ocrx_word' id='word_1_162' title='bbox 834 1500 1091 1548; x_wconf 72' lang='lat' dir='ltr'>deductusque</span> <span class='ocrx_word' id='word_1_163' title='bbox 1117 1503 1234 1538; x_wconf 81' lang='lat' dir='ltr'>tradi-</span> 
     </span>
     <span class='ocr_line' id='line_1_23' title="bbox 121 1565 1234 1618; baseline 0 -16"><span class='ocrx_word' id='word_1_164' title='bbox 121 1572 249 1602; x_wconf 85' lang='lat' dir='ltr'>turum</span> <span class='ocrx_word' id='word_1_165' title='bbox 279 1568 409 1604; x_wconf 87' lang='lat' dir='ltr'>urbem</span> <span class='ocrx_word' id='word_1_166' title='bbox 439 1568 641 1618; x_wconf 85' lang='lat' dir='ltr'>promittit.</span> <span class='ocrx_word' id='word_1_167' title='bbox 699 1566 811 1601; x_wconf 76' lang='lat' dir='ltr'>Visus</span> <span class='ocrx_word' id='word_1_168' title='bbox 839 1565 925 1601; x_wconf 86' lang='lat' dir='ltr'>inde</span> <span class='ocrx_word' id='word_1_169' title='bbox 961 1568 1108 1612; x_wconf 85' lang='lat' dir='ltr'>(quum,</span> <span class='ocrx_word' id='word_1_170' title='bbox 1140 1579 1234 1614; x_wconf 88' lang='lat' dir='ltr'>quo-</span> 
     </span>
     <span class='ocr_line' id='line_1_24' title="bbox 123 1632 1234 1681; baseline 0 -14"><span class='ocrx_word' id='word_1_171' title='bbox 123 1644 212 1667; x_wconf 83' lang='lat' dir='ltr'>nam</span> <span class='ocrx_word' id='word_1_172' title='bbox 240 1633 354 1668; x_wconf 83' lang='lat' dir='ltr'>modo</span> <span class='ocrx_word' id='word_1_173' title='bbox 382 1633 419 1669; x_wconf 87' lang='lat' dir='ltr'>id</span> <span class='ocrx_word' id='word_1_174' title='bbox 447 1638 692 1681; x_wconf 66' lang='lat' dir='ltr'>praestaturus</span> <span class='ocrx_word' id='word_1_175' title='bbox 720 1637 831 1673; x_wconf 77' lang='lat' dir='ltr'>esset,</span> <span class='ocrx_word' id='word_1_176' title='bbox 855 1636 1144 1679; x_wconf 78' lang='lat' dir='ltr'>percunctantes</span> <span class='ocrx_word' id='word_1_177' title='bbox 1166 1632 1234 1667; x_wconf 87' lang='lat' dir='ltr'>do-</span> 
     </span>
     <span class='ocr_line' id='line_1_25' title="bbox 124 1685 1235 1745; baseline 0.001 -13"><span class='ocrx_word' id='word_1_178' title='bbox 124 1696 242 1740; x_wconf 80' lang='lat' dir='ltr'>ceret)</span> <span class='ocrx_word' id='word_1_179' title='bbox 272 1697 373 1733; x_wconf 86' lang='lat' dir='ltr'>haud</span> <span class='ocrx_word' id='word_1_180' title='bbox 395 1710 491 1733; x_wconf 86' lang='lat' dir='ltr'>vana</span> <span class='ocrx_word' id='word_1_181' title='bbox 518 1697 678 1738; x_wconf 83' lang='lat' dir='ltr'>adferre,</span> <span class='ocrx_word' id='word_1_182' title='bbox 703 1695 880 1745; x_wconf 80' lang='lat' dir='ltr'>perpulit,</span> <span class='ocrx_word' id='word_1_183' title='bbox 910 1707 1027 1743; x_wconf 85' lang='lat' dir='ltr'>prope</span> <span class='ocrx_word' id='word_1_184' title='bbox 1055 1685 1235 1744; x_wconf 77' lang='lat' dir='ltr'>adjuncta</span> 
     </span>
     <span class='ocr_line' id='line_1_26' title="bbox 123 1758 1234 1810; baseline 0 -14"><span class='ocrx_word' id='word_1_185' title='bbox 123 1761 313 1797; x_wconf 82' lang='lat' dir='ltr'>moenibus</span> <span class='ocrx_word' id='word_1_186' title='bbox 339 1761 517 1798; x_wconf 86' lang='lat' dir='ltr'>Romana</span> <span class='ocrx_word' id='word_1_187' title='bbox 549 1767 672 1797; x_wconf 82' lang='lat' dir='ltr'>castra</span> <span class='ocrx_word' id='word_1_188' title='bbox 702 1767 744 1796; x_wconf 88' lang='lat' dir='ltr'>ut</span> <span class='ocrx_word' id='word_1_189' title='bbox 777 1773 839 1795; x_wconf 79' lang='lat' dir='ltr'>sex</span> <span class='ocrx_word' id='word_1_190' title='bbox 870 1759 987 1795; x_wconf 75' lang='lat' dir='ltr'>millia</span> <span class='ocrx_word' id='word_1_191' title='bbox 1013 1758 1060 1794; x_wconf 74' lang='lat' dir='ltr'>ab</span> <span class='ocrx_word' id='word_1_192' title='bbox 1091 1762 1234 1810; x_wconf 83' lang='lat' dir='ltr'>oppido</span> 
     </span>
     <span class='ocr_line' id='line_1_27' title="bbox 124 1825 1233 1867; baseline 0.001 -7"><span class='ocrx_word' id='word_1_193' title='bbox 124 1832 428 1861; x_wconf 82' lang='lat' dir='ltr'>removerentur:</span> <span class='ocrx_word' id='word_1_194' title='bbox 460 1826 556 1867; x_wconf 85' lang='lat' dir='ltr'>fore,</span> <span class='ocrx_word' id='word_1_195' title='bbox 579 1831 620 1861; x_wconf 85' lang='lat' dir='ltr'>ut</span> <span class='ocrx_word' id='word_1_196' title='bbox 642 1825 764 1860; x_wconf 88' lang='lat' dir='ltr'>minus</span> <span class='ocrx_word' id='word_1_197' title='bbox 787 1825 941 1859; x_wconf 69' lang='lat' dir='ltr'>intentae</span> <span class='ocrx_word' id='word_1_198' title='bbox 962 1825 999 1860; x_wconf 84' lang='lat' dir='ltr'>in</span> <span class='ocrx_word' id='word_1_199' title='bbox 1021 1826 1233 1861; x_wconf 69' lang='lat' dir='ltr'>custodiam</span> 
     </span>
     <span class='ocr_line' id='line_1_28' title="bbox 124 1889 1233 1937; baseline 0.002 -13"><span class='ocrx_word' id='word_1_200' title='bbox 124 1889 226 1925; x_wconf 88' lang='lat' dir='ltr'>urbis</span> <span class='ocrx_word' id='word_1_201' title='bbox 253 1890 394 1926; x_wconf 89' lang='lat' dir='ltr'>diurnae</span> <span class='ocrx_word' id='word_1_202' title='bbox 425 1891 608 1926; x_wconf 74' lang='lat' dir='ltr'>stationes</span> <span class='ocrx_word' id='word_1_203' title='bbox 635 1902 679 1925; x_wconf 89' lang='lat' dir='ltr'>ac</span> <span class='ocrx_word' id='word_1_204' title='bbox 707 1895 903 1925; x_wconf 75' lang='lat' dir='ltr'>nocturnae</span> <span class='ocrx_word' id='word_1_205' title='bbox 932 1889 1068 1937; x_wconf 82' lang='lat' dir='ltr'>vigiliae</span> <span class='ocrx_word' id='word_1_206' title='bbox 1095 1897 1233 1927; x_wconf 70' lang='lat' dir='ltr'>essent.</span> 
     </span>
     <span class='ocr_line' id='line_1_29' title="bbox 125 1952 1233 2002; baseline 0.001 -15"><span class='ocrx_word' id='word_1_207' title='bbox 125 1952 211 2002; x_wconf 83' lang='lat' dir='ltr'>Ipse</span> <span class='ocrx_word' id='word_1_208' title='bbox 240 1954 452 2002; x_wconf 79' lang='lat' dir='ltr'>insequenti</span> <span class='ocrx_word' id='word_1_209' title='bbox 478 1960 606 1995; x_wconf 87' lang='lat' dir='ltr'>nocte,</span> <span class='ocrx_word' id='word_1_210' title='bbox 631 1953 699 1989; x_wconf 87' lang='lat' dir='ltr'>sub</span> <span class='ocrx_word' id='word_1_211' title='bbox 720 1953 861 2002; x_wconf 84' lang='lat' dir='ltr'>oppido</span> <span class='ocrx_word' id='word_1_212' title='bbox 887 1953 1119 1988; x_wconf 61' lang='lat' dir='ltr'>silvestribus&lt;</span> <span class='ocrx_word' id='word_1_213' title='bbox 1141 1953 1233 1989; x_wconf 89' lang='lat' dir='ltr'>locis</span> 
     </span>
     <span class='ocr_line' id='line_1_30' title="bbox 125 2017 1234 2068; baseline 0.001 -16"><span class='ocrx_word' id='word_1_214' title='bbox 125 2017 345 2054; x_wconf 75' lang='lat' dir='ltr'>cohortibus</span> <span class='ocrx_word' id='word_1_215' title='bbox 366 2019 526 2054; x_wconf 78' lang='lat' dir='ltr'>insidere</span> <span class='ocrx_word' id='word_1_216' title='bbox 540 2017 671 2068; x_wconf 71' lang='lat' dir='ltr'>jussis,</span> <span class='ocrx_word' id='word_1_217' title='bbox 690 2018 818 2053; x_wconf 85' lang='lat' dir='ltr'>decem</span> <span class='ocrx_word' id='word_1_218' title='bbox 836 2017 971 2052; x_wconf 75' lang='lat' dir='ltr'>milites</span> <span class='ocrx_word' id='word_1_219' title='bbox 990 2017 1155 2053; x_wconf 81' lang='lat' dir='ltr'>delectos</span> <span class='ocrx_word' id='word_1_220' title='bbox 1176 2030 1234 2053; x_wconf 86' lang='lat' dir='ltr'>sc-</span> 
     </span>
     <span class='ocr_line' id='line_1_31' title="bbox 126 2081 1234 2131; baseline 0 -16"><span class='ocrx_word' id='word_1_221' title='bbox 126 2093 210 2116; x_wconf 90' lang='lat' dir='ltr'>cum</span> <span class='ocrx_word' id='word_1_222' title='bbox 231 2094 296 2130; x_wconf 92' lang='lat' dir='ltr'>per</span> <span class='ocrx_word' id='word_1_223' title='bbox 315 2082 430 2118; x_wconf 79' lang='lat' dir='ltr'>ardua</span> <span class='ocrx_word' id='word_1_224' title='bbox 458 2095 500 2118; x_wconf 84' lang='lat' dir='ltr'>ac</span> <span class='ocrx_word' id='word_1_225' title='bbox 528 2094 644 2131; x_wconf 87' lang='lat' dir='ltr'>prope</span> <span class='ocrx_word' id='word_1_226' title='bbox 667 2082 768 2116; x_wconf 76' lang='lat' dir='ltr'>invia</span> <span class='ocrx_word' id='word_1_227' title='bbox 787 2082 824 2116; x_wconf 89' lang='lat' dir='ltr'>in</span> <span class='ocrx_word' id='word_1_228' title='bbox 846 2092 970 2117; x_wconf 78' lang='lat' dir='ltr'>arcein</span> <span class='ocrx_word' id='word_1_229' title='bbox 991 2081 1117 2125; x_wconf 78' lang='lat' dir='ltr'>(lucit3</span> <span class='ocrx_word' id='word_1_230' title='bbox 1151 2081 1234 2130; x_wconf 87' lang='lat' dir='ltr'>plu-</span> 
     </span>
     <span class='ocr_line' id='line_1_32' title="bbox 126 2143 1235 2195; baseline 0.003 -16"><span class='ocrx_word' id='word_1_231' title='bbox 126 2143 243 2186; x_wconf 87' lang='lat' dir='ltr'>ribus,</span> <span class='ocrx_word' id='word_1_232' title='bbox 265 2158 377 2193; x_wconf 88' lang='lat' dir='ltr'>quam</span> <span class='ocrx_word' id='word_1_233' title='bbox 397 2159 465 2195; x_wconf 90' lang='lat' dir='ltr'>pro</span> <span class='ocrx_word' id='word_1_234' title='bbox 485 2160 641 2183; x_wconf 73' lang='lat' dir='ltr'>nurnero</span> <span class='ocrx_word' id='word_1_235' title='bbox 663 2148 841 2189; x_wconf 87' lang='lat' dir='ltr'>virorum,</span> <span class='ocrx_word' id='word_1_236' title='bbox 860 2146 1063 2182; x_wconf 72' lang='lat' dir='ltr'>missilibus</span> <span class='ocrx_word' id='word_1_237' title='bbox 1083 2147 1167 2182; x_wconf 88' lang='lat' dir='ltr'>telis</span> <span class='ocrx_word' id='word_1_238' title='bbox 1188 2158 1235 2182; x_wconf 88' lang='lat' dir='ltr'>eo</span> 
     </span>
     <span class='ocr_line' id='line_1_33' title="bbox 128 2208 1238 2260; baseline 0.004 -17"><span class='ocrx_word' id='word_1_239' title='bbox 128 2208 299 2244; x_wconf 87' lang='lat' dir='ltr'>conlatis.</span> <span class='ocrx_word' id='word_1_240' title='bbox 339 2210 400 2246; x_wconf 89' lang='lat' dir='ltr'>Ad</span> <span class='ocrx_word' id='word_1_241' title='bbox 419 2211 499 2246; x_wconf 80' lang='lat' dir='ltr'>haec</span> <span class='ocrx_word' id='word_1_242' title='bbox 521 2224 611 2247; x_wconf 75' lang='lat' dir='ltr'>saxa</span> <span class='ocrx_word' id='word_1_243' title='bbox 630 2219 751 2254; x_wconf 81' lang='lat' dir='ltr'>erant,</span> <span class='ocrx_word' id='word_1_244' title='bbox 773 2218 810 2247; x_wconf 89' lang='lat' dir='ltr'>et</span> <span class='ocrx_word' id='word_1_245' title='bbox 830 2219 970 2246; x_wconf 83' lang='lat' dir='ltr'>temere</span> <span class='ocrx_word' id='word_1_246' title='bbox 982 2210 1155 2260; x_wconf 76' lang='lat' dir='ltr'>jacentia</span> <span class='ocrx_word' id='word_1_247' title='bbox 1177 2214 1238 2259; x_wconf 89' lang='lat' dir='ltr'>(ut</span> 
     </span>
     <span class='ocr_line' id='line_1_34' title="bbox 129 2272 1236 2324; baseline 0.004 -17"><span class='ocrx_word' id='word_1_248' title='bbox 129 2272 188 2317; x_wconf 87' lang='lat' dir='ltr'>fit)</span> <span class='ocrx_word' id='word_1_249' title='bbox 220 2274 258 2308; x_wconf 92' lang='lat' dir='ltr'>in</span> <span class='ocrx_word' id='word_1_250' title='bbox 279 2276 451 2324; x_wconf 78' lang='lat' dir='ltr'>aspretis,</span> <span class='ocrx_word' id='word_1_251' title='bbox 473 2282 510 2311; x_wconf 82' lang='lat' dir='ltr'>et</span> <span class='ocrx_word' id='word_1_252' title='bbox 530 2276 575 2312; x_wconf 87' lang='lat' dir='ltr'>de</span> <span class='ocrx_word' id='word_1_253' title='bbox 602 2276 782 2311; x_wconf 76' lang='lat' dir='ltr'>industria</span> <span class='ocrx_word' id='word_1_254' title='bbox 805 2277 933 2316; x_wconf 82' lang='lat' dir='ltr'>etiam,</span> <span class='ocrx_word' id='word_1_255' title='bbox 955 2288 1029 2323; x_wconf 79' lang='lat' dir='ltr'>quo</span> <span class='ocrx_word' id='word_1_256' title='bbox 1050 2275 1154 2311; x_wconf 83' lang='lat' dir='ltr'>locus</span> <span class='ocrx_word' id='word_1_257' title='bbox 1174 2282 1236 2311; x_wconf 86' lang='lat' dir='ltr'>tu-</span> 
     </span>
    </p>
   </div>
   <div class='ocr_carea' id='block_1_4' title="bbox 127 2336 1235 2391">
    <p class='ocr_par' dir='ltr' id='par_1_5' title="bbox 127 2336 1235 2391">
     <span class='ocr_line' id='line_1_35' title="bbox 127 2336 1235 2391; baseline 0.005 -19"><span class='ocrx_word' id='word_1_258' title='bbox 127 2336 203 2372; x_wconf 84' lang='lat' dir='ltr'>tior</span> <span class='ocrx_word' id='word_1_259' title='bbox 222 2345 333 2382; x_wconf 81' lang='lat' dir='ltr'>esset,</span> <span class='ocrx_word' id='word_1_260' title='bbox 354 2339 401 2375; x_wconf 82' lang='lat' dir='ltr'>ab</span> <span class='ocrx_word' id='word_1_261' title='bbox 422 2341 620 2391; x_wconf 79' lang='lat' dir='ltr'>oppidanis</span> <span class='ocrx_word' id='word_1_262' title='bbox 648 2347 842 2389; x_wconf 83' lang='lat' dir='ltr'>congesta.</span> <span class='ocrx_word' id='word_1_263' title='bbox 903 2340 977 2376; x_wconf 88' lang='lat' dir='ltr'>Ubi</span> <span class='ocrx_word' id='word_1_264' title='bbox 1004 2353 1118 2389; x_wconf 84' lang='lat' dir='ltr'>quum</span> <span class='ocrx_word' id='word_1_265' title='bbox 1143 2353 1235 2377; x_wconf 85' lang='lat' dir='ltr'>con-</span> 
     </span>
    </p>
   </div>
  </div>
 </body>
</html>
