1527 2661
267 205 353 262 318
727 219 774 248 Τ.
799 219 934 248 mvn

77 313 164 342 [LC.
184 307 356 356 ⁵³6.quid
383 308 422 343 in
451 309 627 343 communi
652 309 808 344 omnium
829 308 980 356 gaudio,
1006 307 1122 344 minus
1148 308 1269 344 laetmn
1293 309 1390 357 quod

72 357 111 386 A.
128 356 165 415 Cf
182 361 257 387 2¹⁶·
269 375 357 407 esset
373 370 481 414 vobis,
503 372 664 418 loquerer
676 387 689 407 .·
716 383 813 408 nunc
829 373 1068 418 interroganti
1083 372 1255 414 senatori,
1270 373 1388 420 poeni·

74 411 184 441 Orano
269 439 391 471 teatne
409 447 465 470 me
481 435 600 471 adhuc
617 437 771 483 suscepti
785 436 954 471 adversus
965 435 1148 471 Romanos
1165 435 1261 478 belli,
1280 436 1312 471 si
1328 447 1387 472 re-

75 453 209 483 Hanno—

74 496 200 568 pligffii-
268 501 410 541 ticeam,
431 503 497 534 aut
513 498 695 546 superbus,
716 503 781 534 aut
799 498 967 534 obnooeius
984 499 1108 534 videar
1120 513 1132 534 .-
1161 510 1311 546 quornm
1329 499 1388 535 al·
1507 478 1515 561 ἕ

73 580 153 612 bale.
268 569 383 600 terum
401 568 453 599 est
472 563 621 600 hominis
640 564 766 599 aliena?
785 563 960 600 libertatis
978 563 1077 599 obliti
1088 579 1100 607 ,-
1130 565 1286 600 alterum
1302 576 1386 601 suoe.

268 628 518 676 Respondeant
543 629 658 675 igitur
674 627 887 671 Himilconi,
908 639 979 663 non
998 628 1124 664 desisse
1143 629 1314 676 poenitere
1330 639 1388 664 me

267 693 363 737 belli,
384 705 495 742 neque
514 694 712 729 desiturum
738 698 824 729 ante
849 693 1020 729 invictum
1047 697 1202 729 vestrum
1227 694 1386 741 impera-

265 763 379 794 torem
407 747 583 801 incusare,
605 769 713 806 quam
729 758 881 807 finitum
901 758 1028 806 aliqua
1057 757 1236 794 tolerabili
1263 758 1386 794 condi-

265 823 361 858 tione
380 822 509 859 bellum
523 823 646 858 videro
659 839 671 859 :
699 834 763 859 nec
777 822 865 858 mihi
877 823 983 870 pacis
997 823 1156 870 antiquae
1170 822 1386 858 desiderium

264 886 342 921 ulla
361 887 437 922 alia
455 898 522 930 res,
544 898 652 934 qnam
674 898 749 934 pax
767 898 858 922 nova
870 886 991 935 finiet.
1049 885 1179 933 Itaque
1201 886 1286 929 ista,
1306 897 1388 934 quoe

263 951 368 986 modo
399 951 513 998 Mago
529 949 702 998 jactavit,
728 951 928 989 Himilconi
953 951 1146 998 ceterisque
1168 949 1387 986 Hannibalis

262 1014 476 1050 satellitibus
484 1013 564 1060 jam
587 1016 670 1050 loeta
687 1019 770 1050 sunt
782 1030 795 1051 .·
822 1013 911 1050 milii
927 1018 1074 1062 possunt
1093 1014 1176 1049 laeta
1194 1025 1277 1057 esse,
1298 1015 1384 1062 quia

261 1089 317 1114 res
335 1078 425 1114 bello
445 1078 528 1114 bene
543 1083 663 1126 gestae,
682 1080 713 1114 si
736 1079 898 1114 volumus
912 1077 1073 1126 fortuna
1090 1079 1157 1120 uti,
1174 1081 1384 1126 pacem'no-

262 1141 313 1177 bis
330 1144 521 1190 cequiorem
540 1143 698 1179 dabant:
725 1154 811 1179 nam
828 1143 859 1178 si
879 1143 1186 1190 proetermittimus
1203 1142 1270 1179 hoc
1294 1147 1385 1179 tem-
1503 1182 1514 1189 ,Ι

257 1217 341 1256 pus,
362 1219 431 1254 quo
458 1209 574 1255 magis
601 1208 702 1250 dare,
724 1218 831 1255 quam
859 1208 1034 1254 accipere,
1060 1218 1245 1254 possumus
1271 1207 1389 1243 videri
1505 1191 1515 1256 ἱ

260 1282 402 1318 pacem,
423 1283 558 1314 vereor,
581 1283 625 1307 ne
645 1271 718 1308 haec
734 1283 870 1319 quoque
889 1272 1017 1307 loetitia
1037 1271 1194 1307 luxuriet
1210 1270 1321 1314 nobis,
1341 1283 1387 1307 ac
1507 1257 1517 1327 ζ

264 1345 357 1369 rana
375 1336 518 1371 evadat.
568 1335 656 1376 Quae
671 1340 789 1370 tamen
806 1346 902 1370 nunc
913 1346 1050 1382 qaoque
1063 1334 1181 1383 qualis
1198 1338 1250 1370 est
1262 1335 1283 1370 ,9
1312 1334 1383 1370 Oc-

262 1398 334 1433 cidi
350 1400 523 1434 exercitus
538 1398 691 1434 hostium
705 1414 718 1434 .·
745 1399 880 1434 mittite
893 1398 1025 1434 milites
1042 1397 1156 1434 mihi:
1177 1398 1264 1446 quid
1277 1398 1383 1434 aliud

260 1473 419 1508 rogares,
451 1463 482 1497 si
517 1473 604 1497 esses
635 1464 750 1497 victas
762 1463 784 1497 ‚9
811 1462 981 1497 Hostium
1014 1462 1091 1510 cepi
1126 1461 1210 1497 bina
1245 1466 1379 1505 castra,

257 1525 392 1573 praedae
418 1525 581 1561 videlicet
601 1525 714 1573 plena
739 1529 774 1560 et
792 1529 1077 1567 commeatuum,-
1094 1523 1326 1573 frumentum
1345 1529 1382 1561 et

256 1589 446 1634 pecuniam
465 1589 573 1624 date:
601 1589 689 1637 quid
714 1589 829 1631 aliud,
849 1589 880 1624 si
896 1589 1084 1637 spoliatus,
1102 1590 1133 1624 si
1158 1593 1284 1624 exutus
1302 1601 1380 1625 cas-

261 1651 325 1687 tris
339 1663 439 1693 esses,
457 1656 597 1699 peteres
610 1653 630 1687 ‚0
659 1652 722 1694 Et,
740 1664 783 1687 ne
798 1654 919 1687 omnia
934 1653 1009 1700 ipse
1028 1653 1149 1694 mirer,
1170 1652 1276 1699 (mihi
1290 1665 1380 1700 quo·

259 1726 326 1763 que
344 1717 452 1757 enim,
474 1717 643 1764 quoniam
663 1717 829 1765 respondi
846 1716 1058 1759 Himilconi,
1080 1717 1300 1764 interrogare
1315 1715 1379 1763 jus

247 1777 386 1827 fasque
413 1780 481 1824 est)
503 1781 609 1815 velim
636 1792 697 1816 seu
717 1781 889 1822 ffimilco,
909 1792 969 1816 seu
998 1780 1113 1827 Mago
1140 1781 1354 1828 respondeat
1363 1796 1378 1825 ,-

256 1854 366 1889 qumn
385 1844 434 1879 ad
458 1844 731 1879 internecionem
751 1844 910 1880 Romani
935 1845 1078 1891 impe-rii
1099 1848 1303 1891 pugnatum
1327 1845 1378 1880 ad

259 1905 404 1942 Cannas
420 1908 480 1949 sit,
498 1912 701 1955 constetque
716 1908 751 1943 in
769 1907 965 1956 defectione
985 1912 1098 1943 totam
1111 1907 1261 1943 Italiam
1280 1910 1352 1944 esse
1361 1924 1375 1952 ‚-

252 1971 412 2017 primum
427 1973 545 2018 ecquis
556 1973 684 2008 Latini
701 1974 853 2007 nominis
867 1972 1023 2020 populas
1035 1970 1205 2020 defecerit
1218 1972 1268 2007 ad
1281 1983 1343 2008 nos
1355 1973 1377 2008 .9

256 2034 381 2070 deinde
400 2036 517 2082 ecquis
535 2034 652 2078 homo,
673 2047 715 2071 ex
734 2036 889 2084 quinque
907 2040 942 2071 et
961 2036 1110 2083 triginta
1137 2036 1306 2078 tribubus,
1326 2037 1376 2072 ad

57 2101 224 2152 Discepta-
257 2098 502 2135 Hannibalem
519 2099 788 2149 transfugerit?
805 2100 935 2139 Quum
947 2105 1147 2148 utrumque
1166 2098 1287 2147 Mago
1303 2112 1372 2135 ne-

55 2153 208 2230 ffigcgrae.
255 2169 404 2211 gasset:
437 2164 608 2200 Hostium
637 2165 779 2213 quidem
816 2176 912 2211 ergo,
947 2163 1084 2211 inquit,
1115 2162 1234 2198 adhuc
1267 2165 1372 2200 nimis

254 2228 410 2263 multum
437 2232 596 2276 superest
608 2245 619 2264 .·
647 2229 721 2271 secl,
752 2229 948 2264 multitudo
976 2239 1017 2263 ea
1039 2228 1126 2276 quid
1153 2228 1368 2271 animorum,

253 2291 381 2338 quidve
397 2292 472 2339 spei
491 2291 632 2333 habeat,
653 2293 742 2327 seire
759 2293 878 2327 velim.
1523 2309 1527 2339 3

302 2352 422 2391 XIII.
451 2354 593 2398 Quum,
610 2355 649 2391 id
668 2355 827 2399 nescire,
843 2353 964 2403 Mago
984 2353 1123 2390 diceret
1139 2369 1150 2399 3
1184 2352 1365 2402 Nihilfic·
1524 2345 1526 2353 ¹
