1527 2661
392 237 547 266 LIBER
571 235 679 265 xxl.
711 236 818 264 CAP.
840 235 888 264 v.
1115 234 1211 282 159,

81 326 215 363 cadum
245 325 337 363 fines
366 327 469 377 prius
492 326 611 374 (ultra
640 325 794 362 Iberum
823 338 868 362 ea
896 337 988 374 gens
1019 326 1058 363 in
1085 335 1193 377 parte
1205 332 1266 381 Sed
1284 332 1372 371 prius

79 390 215 438 magiS,
235 403 347 439 quam
367 391 406 426 in
427 390 586 432 ditione,
608 389 993 438 Karthaginiensium
1013 392 1110 438 erat)
1134 392 1191 428 in-
1203 385 1306 457 ἓξὲξ
1310 418 1341 448 ni
1344 427 1374 448 ἃ

79 453 187 490 duxit
206 455 428 497 exercitum,
450 462 491 490 ut
516 466 594 490 non
614 454 753 503 petisse
774 453 1021 502 Saguntinos,
1043 455 1109 491 sed
1133 468 1192 492 re·
1205 462 1340 509 populos

78 529 162 554 rurn
188 519 298 562 serie,
319 519 489 555 finitimis
510 519 664 555 domitis
686 518 878 567 gentibus,
902 517 1192 569 jungendoque,
1207 507 1337 544 subigit,

78 587 222 618 tractus
239 582 285 619 ad
303 582 341 618 id
360 582 501 618 bellum
517 582 631 618 videri
649 589 790 631 posset.
839 582 1044 625 Carteiam,
1063 582 1195 621 urbem

79 645 315 696 opulentam,
347 653 460 697 caput
480 647 603 695 gentis
633 645 729 695 ejuS,
757 652 951 695 expugnat
977 646 1195 696 diripitque.

79 709 168 748 Quo
188 716 290 746 metu
320 709 500 760 perculsae
526 710 691 746 minores
718 710 905 752 civitates,
927 710 1118 759 stipendio
1135 711 1196 748 in-

77 773 220 822 posito,
251 774 452 824 imperium
480 786 682 823 accepere:
716 774 836 809 victor
866 775 1067 818 exercitus,
1098 788 1195 825 opu-

76 836 277 886 lentusque
305 838 445 888 praeda,
480 838 763 886 Karthaginem
792 850 931 873 novam
959 838 999 874 in
1034 839 1198 877 hiberna

77 907 134 938 est
153 901 347 939 deductus.
403 902 463 939 Ibi
492 902 596 950 large
623 902 822 952 partiendo
850 902 1030 950 praedam,
1051 905 1195 954 stipen-

79 965 142 1001 dio
170 968 364 1016 praeterito
397 980 482 1003 cum
512 967 583 1004 fide
613 966 858 1008 exsolvendo,
882 968 1027 1003 cunctis
1057 969 1197 1005 civium

79 1029 344 1080 sociorumque
372 1031 508 1067 animis
540 1031 580 1066 in
614 1043 654 1066 se
679 1030 850 1072 firmatis,
883 1043 968 1066 vere
998 1032 1121 1081 primo
1153 1033 1194 1069 in

54 1126 61 1131 .
79 1092 259 1131 Vaccaeos
286 1102 506 1145 promotum
524 1094 680 1131 bellum.
730 1094 989 1132 Hermandica
1009 1102 1046 1131 et
1065 1096 1194 1133 Arbo-

79 1157 162 1194 cala
187 1158 297 1195 urbes
320 1160 356 1195 vi
376 1165 508 1210 captae.
566 1159 759 1195 Arbocala
777 1165 816 1194 et
840 1160 980 1195 virtute
1001 1167 1037 1195 et
1063 1160 1193 1196 multi-

79 1222 212 1258 tudine
237 1224 513 1273 oppidanorum
534 1224 598 1260 diu
623 1223 788 1259 defensa.
846 1223 908 1260 Ab
935 1224 1194 1262 Hermandica

81 1286 248 1336 profugi,
277 1288 467 1325 exsulibus
495 1288 696 1331 Olcadum,
723 1288 850 1337 priore
882 1295 1012 1324 aestate
1040 1289 1192 1326 domitae

81 1351 221 1399 gentis,
242 1365 357 1401 quum
387 1365 426 1388 se
445 1351 679 1402 junxissent,
708 1353 903 1388 concitant
930 1353 1189 1403 Carpetanos:

81 1413 280 1464 adortique
299 1415 574 1458 Hannibalem,
594 1427 807 1463 regressum
828 1428 874 1451 ex
890 1416 1072 1459 Vaccaeis,
1095 1417 1196 1453 haud

80 1478 214 1528 procul
232 1479 341 1529 Tago
361 1480 515 1516 flumine
542 1492 679 1528 agmen
699 1492 811 1529 grave
830 1481 957 1530 praeda
982 1481 1194 1517 turbavere.

80 1541 278 1580 Hannibal
300 1544 437 1594 proelio
460 1544 644 1581 abstinuit
658 1559 668 1589 3
702 1545 910 1593 castrisque
937 1557 1049 1594 super
1073 1546 1194 1595 ripam

80 1607 229 1656 positis,
251 1621 366 1656 quum
392 1610 514 1658 prima
533 1609 638 1656 quies
665 1608 932 1657 silentiumque
952 1609 999 1645 ab
1019 1609 1193 1645 hostibus

81 1669 168 1713 fuit,
196 1684 346 1708 amnem
372 1672 469 1708 vado
500 1671 674 1722 trajecit:
708 1671 882 1721 valloque
908 1673 962 1707 ita
992 1674 1193 1722 productO,

83 1740 125 1769 ut
149 1733 276 1771 locum
303 1736 350 1771 ad
378 1735 732 1784 transgrediendum
760 1735 889 1771 hostes
916 1736 1114 1780 haberent,
1137 1739 1195 1774 in-

81 1799 217 1835 vadere
237 1812 300 1836 eos
319 1807 558 1836 transeuntes
579 1800 725 1836 statuit.
772 1800 976 1848 Equitibus
998 1803 1193 1852 praecepit,

82 1868 138 1906 ut,
170 1876 284 1912 quum
321 1865 510 1913 ingressos
549 1877 685 1912 aquam
721 1864 905 1907 viderent,
943 1865 1193 1904 adorirentur.

81 1926 258 1963 Peditum
280 1941 424 1977 agmen
457 1930 495 1964 in
528 1929 623 1977 ripa,
658 1927 881 1977 elephantos
911 1936 1000 1964 ante
1030 1931 1191 1978 quadra-

83 1991 190 2039 ginta
219 1992 416 2041 disposuit.
474 1993 776 2042 Carpetanorum
807 2005 893 2028 cum
923 1993 1194 2042 adpendicibus

84 2055 270 2092 Olcadum
297 2057 617 2105 Vaccaeorumque
648 2063 799 2092 centum
831 2057 949 2093 milha
976 2058 1104 2105 fuere3
1137 2061 1197 2096 in-

82 2120 183 2156 victa
207 2121 321 2163 acies,
343 2122 373 2157 si
400 2134 507 2170 aequo
528 2121 770 2157 dimicaretur
796 2134 942 2171 campo.
1000 2122 1135 2173 Itaque
1159 2133 1197 2161 et

83 2184 238 2233 ingenio
256 2185 416 2229 feroces,
448 2192 485 2221 et
515 2186 756 2224 multitudine
775 2186 876 2228 freti,
905 2192 943 2222 et
962 2188 1063 2235 quod
1093 2196 1200 2226 metu

86 2249 239 2285 cessisse
266 2251 469 2287 credebant
490 2251 653 2293 hostem,
675 2250 712 2286 id
732 2251 871 2286 morari
891 2252 1089 2288 victoriam
1108 2254 1196 2297 rati,

88 2313 188 2361 quod
213 2314 411 2352 interesset
430 2317 566 2358 amuis,
587 2315 751 2351 clamore
770 2315 935 2358 subiato,
957 2317 1096 2366 passim
1116 2318 1198 2354 sine

87 2375 196 2413 ullius
215 2378 388 2428 imperio,
411 2392 484 2429 qua
504 2376 639 2428 cuique
659 2379 874 2429 proximum
896 2386 966 2423 est,
987 2381 1028 2415 in
1048 2393 1199 2419 amnem
