1527 2661
288 226 368 255 110
747 225 794 253 T.
820 226 952 254 L1V11

88 318 131 348 U.
146 317 182 348 C.
199 323 271 352 457.
286 312 453 360 conjungi
484 312 618 348 malle:
647 317 682 347 et
701 314 885 360 copiarum
905 315 992 350 satis
1018 314 1083 350 sibi
1112 326 1191 350 cum
1214 314 1257 350 P.
1272 313 1407 356 Decio,

85 363 127 391 Λ·
145 362 181 391 C·
200 368 320 413 ²9⁵⁰&
347 390 542 425 numquam
571 378 722 412 nimium
755 378 909 413 hostium
926 378 1027 427 fore.
1077 378 1143 414 Sin
1164 379 1300 425 collega
1320 378 1407 426 quid

285 443 389 478 aliud
413 443 534 483 malit,
564 446 604 476 at
631 442 698 476 sibi
724 442 768 477 L.
788 442 1016 478 Volumnium
1036 444 1164 478 darent
1191 441 1404 488 adjutorem.

286 505 469 541 Omnium
496 517 620 541 rerum
647 505 846 540 arbitrium
874 512 911 541 et
931 519 952 542 a
972 507 1128 555 populo,
1151 513 1188 542 et
1213 520 1235 543 a
1255 511 1404 548 senatu,

286 576 324 605 et
353 569 400 606 ab
430 570 514 618 ipso
544 568 704 616 collega,
725 569 846 604 Fabio
876 571 1099 618 permissum
1121 575 1199 605 est:
1232 576 1270 605 et
1288 582 1405 618 quum

286 622 328 669 Pl.
349 633 491 668 Decius
510 643 549 667 se
570 633 608 667 in
629 632 822 667 Samnium
851 632 909 668 vel
939 634 978 668 in
998 633 1191 668 Etruriam
1218 632 1406 682 proficisci

285 703 461 748 paratum
487 708 566 731 esse
586 696 826 736 ostendisset,
848 703 957 733 tanta·
974 697 1107 733 laetitia
1134 710 1176 733 ac
1197 696 1404 746 gratulatio

284 761 370 804 fuit,
392 767 434 796 ut
454 761 720 809 praeciperetur
747 761 904 796 victoria
930 762 1079 802 animis,
1099 761 1411 810 triumphusque‚,

284 837 365 861 non
387 823 541 866 bellurn,
561 823 751 859 decretum
771 824 988 859 consulibus
1010 825 1208 860 videretur.
1244 823 1404 859 Invenio

285 889 385 939 apud
404 888 600 936 quosdam,
631 887 836 936 externplo,
858 889 1059 924 consulatu
1078 889 1189 930 inito,
1211 886 1402 937 profectos

285 954 325 989 in
344 953 537 988 Etruriam
558 952 718 987 Fabium
740 952 990 1001 Deciumque,
1013 953 1093 988 sine
1115 951 1189 987 ulla
1208 952 1403 987 mentione

286 1017 398 1052 sortis
429 1016 707 1065 provinciarum
737 1017 1063 1064 certaminumque
1095 1017 1193 1051 inter
1223 1014 1403 1063 collegas,

287 1094 369 1130 quae
400 1081 569 1129 exposui.
614 1080 726 1122 Sunt,
756 1080 891 1129 quibus
922 1094 968 1116 ne
998 1081 1078 1116 haec
1102 1080 1252 1129 quidem
1281 1086 1403 1115 certa-

286 1146 389 1181 mina
409 1157 599 1193 exponere
619 1146 708 1180 satis
729 1145 842 1180 fuerit
859 1160 865 1179 :
899 1145 1118 1194 adjecerunt
1139 1152 1176 1180 et
1196 1145 1311 1193 Appii
1331 1145 1403 1179 cri-

285 1210 514 1245 minationes
544 1209 589 1244 de
609 1209 730 1244 Fabio
758 1209 915 1245 absente
941 1210 989 1245 ad
1013 1209 1208 1259 populum,
1230 1216 1267 1244 et
1287 1209 1404 1258 perti-

284 1276 431 1310 naciam
454 1274 627 1309 adversus
646 1273 1082 1322 praesentem-consulem
1104 1273 1289 1322 prtctoris,
1309 1285 1400 1308 con-

283 1340 570 1386 tentionemque
597 1337 708 1373 aliam
738 1339 837 1373 inter
856 1338 1034 1387 collegas,
1055 1338 1234 1373 tendente
1262 1337 1411 1380 Decio,

283 1410 326 1439 ut
345 1416 421 1439 suae
441 1404 599 1451 quisque
619 1403 821 1452 provinciae
843 1410 984 1438 sortem
1003 1409 1183 1438 tueretur.
1215 1402 1405 1437 Constare

283 1480 340 1503 res
371 1467 505 1516 incipit
534 1479 578 1501 ex
600 1479 645 1501 eo
675 1472 858 1515 tempore,
881 1480 956 1515 quo
985 1466 1147 1516 profecti
1176 1465 1288 1501 ambo
1310 1478 1410 1501 con-⁷

283 1531 381 1567 sules
412 1532 456 1567 ad
488 1531 626 1566 bellum
649 1537 748 1567 sunt.
781 1533 972 1574 Ceterum,
995 1538 1197 1579 antequam
1228 1529 1400 1566 consules

89 1602 171 1637 Gasli
189 1607 234 1636 le„
283 1597 322 1632 in
343 1597 535 1632 Etruriam
561 1597 815 1645 pervenirent,
838 1597 1005 1632 Senones
1028 1595 1129 1631 Galli
1159 1595 1401 1631 multitudine

86 1652 268 1723 {lgffissam
283 1662 427 1710 ingenti
460 1661 505 1696 ad
537 1660 707 1696 Clusium
738 1668 934 1704 venerunt,
965 1661 1154 1709 legionem
1184 1659 1402 1696 Romanam

85 1737 266 1766 circumve-
284 1732 480 1774 castraque
501 1725 770 1774 obpugnatnri.
815 1726 956 1776 Scipio,
979 1727 1042 1775 qui
1063 1726 1194 1761 castris
1225 1731 1402 1774 praeerat,

87 1780 192 1809 nium·
282 1789 368 1825 loco
390 1788 640 1838 adjuvandam
663 1791 894 1838 paucitatem
915 1803 1069 1825 suorum
1096 1788 1259 1824 militum
1279 1794 1402 1831 ratus,

282 1854 319 1889 in
338 1853 448 1895 colle,
465 1854 528 1901 qui
548 1854 647 1888 inter
668 1854 797 1889 urbem
819 1862 856 1889 et
874 1862 995 1890 castra
1018 1860 1110 1896 erat,
1132 1854 1250 1889 aciem
1268 1854 1400 1890 erexit.

282 1918 369 1959 Sed,
392 1923 433 1952 ut
453 1918 489 1952 in
523 1930 561 1952 rc
582 1917 720 1960 subita,
743 1931 874 1967 parum
896 1918 1094 1968 explorato
1115 1918 1248 1953 itinere
1268 1917 1315 1954 ad
1334 1916 1407 1967 ju-

281 1994 369 2030 gum
389 1982 564 2030 perrexit,
582 1982 681 2029 qnod
703 1982 830 2017 hostes
848 1990 1040 2031 ceperant,
1058 1989 1165 2031 parte
1184 1981 1257 2017 alia
1272 1994 1398 2029 egres-

279 2046 334 2081 si:
367 2045 420 2080 ita
440 2058 536 2080 caesa
556 2044 603 2080 ab
632 2051 742 2093 tergo
771 2045 886 2093 legio,
909 2052 1022 2094 atque
1051 2046 1089 2082 in
1121 2045 1262 2087 medio,
1283 2058 1399 2094 quum

278 2108 398 2144 hostis
420 2108 583 2156 undique
612 2115 773 2157 urgeret,
796 2110 1063 2145 circumventa.
1107 2109 1284 2145 Deletam
1305 2122 1400 2158 quo-

277 2185 350 2221 que
370 2171 422 2208 ibi
438 2171 641 2220 legionem,
663 2173 716 2208 ita
736 2178 777 2208 ut
795 2174 956 2208 nuncius
976 2186 1054 2209 non
1075 2178 1300 2223 superesset,
1318 2173 1407 2221 qui-⁷

277 2236 362 2272 (lam
383 2242 557 2272 auctores
588 2245 700 2281 sunt,
734 2250 803 2273 nec
834 2245 922 2273 ante
953 2238 997 2273 ad
1020 2237 1208 2281 consules,
1229 2238 1292 2286 qui
1315 2237 1398 2287 jam

275 2300 377 2336 haud
408 2300 545 2350 procul
575 2314 597 2336 a
627 2301 759 2338 Clusio
793 2302 965 2345 aberant,
996 2302 1136 2338 famam
1170 2301 1250 2352 ejus
1281 2302 1395 2341 cladis

275 2364 474 2415 perlatam,
492 2378 605 2414 quam
625 2366 663 2401 in
680 2374 887 2418 conspectu
902 2367 1006 2404 fuere
1022 2366 1220 2404 Gallorum
1237 2368 1408 2418 equites„
