1527 2661
282 163 369 205 400
744 162 789 192 T.
815 161 945 192 mvn

86 251 177 282 U·C·
195 257 267 282 538·
283 255 350 289 iter
377 257 494 290 tutam
522 265 588 289 non
609 254 669 295 sit,
690 254 902 301 vagantibus
927 255 1063 302 passim
1078 266 1146 302 per
1173 257 1285 290 totam
1306 254 1399 291 Sici-

90 295 266 325 A'C'914'
282 318 368 353 liam
387 317 562 353 Romanis
591 319 713 359 armis,
731 322 868 365 petere,
896 323 938 353 ut
958 319 1119 365 praesidii
1137 319 1222 354 dent
1246 319 1400 366 aliquid,

281 394 350 430 quo
371 382 503 418 Locros
524 383 559 416 in
580 382 732 417 Italiam
752 383 1025 429 perducantur:
1051 385 1209 430 gratiam
1230 395 1401 431 magnam

281 458 339 483 eos
357 459 471 494 parca
487 458 595 493 opera
615 446 715 494 apud
732 447 972 482 Hannibalem
987 448 1151 484 inituros.
1198 447 1324 484 Facile
1340 459 1398 483 res

280 511 496 560 inpetrata:
530 509 634 545 abire
669 510 770 546 enim
797 511 909 547 duces
940 512 1080 560 regiOS,
1112 524 1228 561 quum
1256 512 1398 562 peritos

280 573 439 617 militiae,
460 581 541 610 tum
568 580 722 623 egentes
751 576 904 611 eosdem
933 582 1047 625 atque
1075 577 1250 620 audaces,
1271 576 1398 626 cupie-

278 638 374 674 bant
389 654 395 674 ε
429 638 507 682 sed,
522 639 623 687 quod
640 639 834 683 volebant,
852 654 945 684 non,
963 654 1076 690 quam
1093 647 1284 677 maturato
1302 653 1397 691 opus

279 710 373 746 erat,
390 703 539 739 naviter
555 704 818 752 expediebant.
865 704 1025 741 Interim
1039 704 1199 755 juvenes
1217 704 1400 740 militares

279 773 316 802 et
331 767 478 803 adsueti
498 767 698 811 militibus,
716 781 819 804 nunc
839 769 937 819 apud
959 782 1022 805 eos
1044 770 1160 820 ipsos,
1178 781 1280 804 nunc
1299 768 1399 818 apud

276 830 509 879 transfugas,
531 844 691 880 quorum
713 833 879 868 maxima
898 846 983 883 pars
1001 846 1045 869 ex
1066 832 1263 868 nava-libus
1285 832 1396 867 sociis

276 894 539 930 Romanorum
570 902 665 938 erat,
697 908 799 931 nunc
830 896 945 932 etiam
975 896 1075 945 apud
1106 896 1244 932 infimae
1274 894 1395 945 plebis

275 959 463 1002 homines,
482 960 638 995 crimina
655 960 831 996 serebant
847 961 885 996 in
901 967 1074 996 senatum
1091 961 1393 1010 optimatesque:

274 1025 312 1058 §d
330 1025 450 1059 moliri
470 1025 561 1059 clam
588 1036 644 1060 eos
664 1029 772 1072 atque
796 1029 944 1065 struere,
965 1029 1007 1060 ut
1026 1025 1213 1072 Syracusae
1234 1036 1302 1073 per
1318 1035 1395 1072 spe-

275 1088 363 1123 ciem
383 1088 621 1123 reconciliatae
637 1090 818 1124 societatis
834 1090 871 1124 in
892 1090 1026 1124 ditione
1039 1088 1285 1124 Romanorum
1299 1090 1371 1124 sint
1381 1104 1395 1132 ,-

276 1152 355 1187 dein
366 1151 491 1200 factio
509 1157 544 1188 ec
558 1154 668 1200 pauci
689 1158 850 1189 auctores
857 1153 1012 1201 faederz's
1030 1155 1193 1189 renovati
1212 1154 1396 1189 dominen-

276 1221 346 1251 tur.

328 1269 482 1306 XXIV.
521 1269 594 1306 His
633 1270 827 1306 audiendis
866 1271 1138 1320 credendisque
1176 1277 1395 1321 opportuna

272 1333 492 1377 multitudo,
515 1334 638 1385 major
658 1336 694 1370 in
713 1335 806 1379 dies,
829 1335 1032 1385 Syracusas
1053 1335 1292 1372 confluebat:
1324 1347 1398 1372 nec

273 1397 435 1448 Epicydi
456 1398 578 1434 solum
599 1412 704 1448 spem
724 1400 985 1435 novandarum
1006 1412 1145 1442 rerum,
1163 1400 1227 1435 sed
1242 1399 1392 1436 Andra-

77 1465 245 1496 Andrano-
274 1462 423 1498 nodoro
444 1463 572 1505 etiam,
594 1463 802 1513 praebebat.
861 1464 952 1506 Qui,
973 1463 1093 1499 fessus
1123 1464 1275 1500 tandem
1296 1477 1393 1499 uxo-

75 1509 243 1583 ῗξῐζὲξόἓζῃ
273 1528 322 1564 ris
346 1528 516 1571 vocibus,
544 1530 751 1572 monentis,
774 1531 882 1566 Nunc
911 1531 1002 1565 illud
1021 1542 1092 1566 esse
1121 1534 1258 1578 tempus
1287 1543 1390 1566 occu-

76 1595 220 1626 adfectat.
267 1595 381 1642 pandi
402 1606 467 1636 res,
489 1596 570 1630 dum
594 1595 737 1630 turbata
756 1596 877 1630 omnia
897 1607 988 1630 nova
1008 1600 1116 1642 atque
1141 1596 1326 1630 incondita
1346 1595 1390 1630 li-

270 1659 405 1694 bertate
423 1664 546 1702 essent,
570 1660 652 1695 dum
674 1661 781 1706 regiis
802 1657 988 1707 stipendiis
1003 1664 1129 1707 pastus
1147 1660 1392 1696 obversaretur

267 1723 380 1764 miles,
403 1724 485 1758 dum
514 1723 557 1758 ab
578 1723 784 1759 Hannibale
810 1725 907 1759 missi
927 1725 1032 1759 duces
1054 1725 1194 1759 adsueti
1219 1725 1391 1760 militibus

259 1785 392 1833 juvare
416 1792 559 1835 possent
590 1789 745 1835 incepta,
779 1800 864 1823 cum
893 1787 1107 1831 Themisto,
1139 1789 1199 1824 cui
1230 1787 1388 1824 Gelonis

269 1849 345 1885 filia
366 1858 501 1899 nupta,
523 1864 601 1886 rem
623 1852 885 1887 consociatam
908 1864 1049 1901 paucos
1077 1858 1163 1901 post
1183 1852 1261 1887 dies
1281 1852 1388 1888 Aris-

269 1915 350 1949 toni
374 1915 524 1950 cuidam
552 1916 700 1964 tragico
721 1917 856 1959 actori,
880 1917 937 1952 cui
960 1924 997 1952 et
1025 1916 1097 1952 alia
1125 1929 1263 1953 arcana
1283 1929 1387 1953 com-

266 1978 419 2013 mittere
446 1979 635 2022 adsuerat,
658 1981 810 2016 incaute
831 1981 964 2030 aperit.
1022 1980 1125 2016 Huic
1153 1986 1190 2016 et
1210 1993 1327 2029 genus
1350 1988 1387 2016 et

267 2043 422 2078 fortuna
443 2044 604 2079 honesta
633 2052 754 2087 erant,
776 2058 845 2080 nec
867 2057 940 2087 ars,
963 2046 1051 2094 quia
1071 2045 1166 2081 nihil
1186 2045 1260 2081 tale
1288 2047 1386 2095 apud

268 2105 423 2142 Graecos
453 2108 589 2157 pudori
627 2117 698 2152 est,
731 2122 775 2145 ea
808 2109 1068 2146 deformabat:
1102 2111 1243 2158 itaque,
1274 2109 1386 2146 fidem

266 2171 456 2220 potiorem
482 2179 601 2215 ratus,
633 2186 744 2222 quam
773 2175 904 2224 patriae
925 2174 1102 2217 debebat,
1132 2174 1310 2210 indicium
1338 2175 1385 2210 ad

266 2241 446 2283 praetores
480 2235 611 2273 defert.
669 2238 760 2281 Qui,
795 2238 857 2274 ubi
895 2251 973 2274 rem
1009 2239 1111 2274 haud
1139 2251 1273 2274 vanam
1304 2251 1384 2274 esse

266 2300 377 2334 certis
405 2299 552 2336 indiciis
581 2308 861 2352 compererunt,
884 2303 1066 2339 consultis
1093 2302 1319 2346 senioribuS,
1347 2309 1383 2339 et
