1527 2661
339 179 416 221 168
789 192 834 220 T.
858 192 992 223 mvn

142 286 233 318 U.C.
250 293 324 319 534.
337 290 461 320 terum
479 282 630 334 publice
646 283 868 332 Saguntinis
885 285 1027 320 amicus
1042 289 1155 333 atque
1169 283 1320 334 hospes,
1352 284 1449 322 Tra-

143 330 183 361 A·
197 330 233 361 C·
249 337 323 362 ²¹⁸·
336 347 417 384 dito
449 347 575 398 palam
604 346 682 383 telo
717 347 936 384 custodibus
975 348 1157 391 hostium,
1192 353 1447 397 transgressus

136 736 246 767 Alorci

137 779 238 810 oratio
253 779 292 810 de

139 832 230 863 pace.

334 414 585 456 munimenta,
607 413 653 449 ad
681 419 885 462 praetorem
915 414 1171 462 Saguntinum
1203 415 1258 461 (et
1286 414 1367 464 ipse
1395 414 1450 450 ita

327 477 508 528 jubebat)
531 485 588 514 est
608 477 789 513 deductus
806 491 813 512 :
846 490 922 526 quo
942 491 1058 527 quum
1077 477 1268 527 extemplo
1289 490 1449 515 concur-

333 554 396 578 sus
424 542 548 578 omnis
579 542 727 590 generis
759 541 959 578 hominum
989 548 1088 578 esset
1116 541 1254 586 factus,
1274 542 1453 579 submota

334 612 462 642 cetera
483 605 740 648 multitudine,
762 611 915 641 senatus
935 605 1078 642 Alorco
1099 605 1208 642 datus
1229 611 1309 642 est:
1342 605 1449 657 cujus

334 668 420 706 talis
441 671 566 706 oratio
585 669 671 706 fuit.
1399 659 1403 663 ’

388 734 507 771 XIII.
538 735 580 771 Si
607 736 692 771 civis
710 740 822 771 vester
841 734 970 776 Alcon,
989 735 1081 772 sicut
1107 735 1155 771 ad
1177 747 1306 783 pacem
1326 740 1454 784 peten-

334 800 419 836 dam
449 801 498 836 aa
525 800 768 836 Hannibalem
797 801 906 843 venit,
936 801 989 835 ita
1020 801 1122 847 pacis
1158 801 1374 837 conditiones
1409 801 1454 837 ab

332 864 542 900 Hannibale
570 865 619 900 ad
648 876 707 900 vos
733 864 924 907 retulisset,
943 875 1245 911 supervacaneum
1270 864 1336 900 hoc
1365 864 1455 901 mihi

323 927 462 978 suisset
488 930 570 971 iter,
592 941 661 976 quo
686 940 750 964 nee
776 933 899 964 orator
917 927 1149 971 Hannibalis,
1171 939 1235 963 nec
1262 927 1453 977 transfuga

333 994 383 1029 ad
417 1005 478 1029 vos
512 994 692 1029 venissem.
752 993 872 1034 Quum
909 993 983 1035 ille,
1017 997 1082 1028 aut
1116 997 1248 1035 vestra,
1286 997 1352 1029 aut
1386 1005 1454 1029 sua

335 1058 457 1105 culpa,
491 1058 665 1093 manserit
694 1057 793 1105 apud
831 1057 977 1100 hostem,
1012 1058 1058 1104 (si
1085 1061 1220 1093 metum
1254 1058 1452 1101 simulavit,

334 1133 425 1165 sua5
453 1126 584 1165 vestra,
610 1123 642 1157 si
664 1121 867 1169 periculum
894 1125 946 1156 est
973 1122 1072 1169 apud
1097 1133 1157 1157 vos
1184 1133 1269 1157 vera
1295 1120 1456 1169 referen-

337 1185 445 1232 tibus)
477 1198 554 1233 ego,
583 1198 628 1222 rie
660 1187 887 1233 ignoraretis,
917 1197 987 1221 esse
1023 1186 1164 1234 aliquas
1191 1190 1226 1221 et
1259 1186 1387 1222 salutis
1419 1191 1455 1222 et

334 1251 438 1299 pacis
456 1251 551 1286 vobis
570 1251 801 1292 conditiones,
817 1262 888 1298 pro
905 1253 1042 1285 vetusto
1061 1249 1229 1298 hospitio,
1250 1250 1347 1298 quod
1364 1249 1454 1287 mihi

333 1314 512 1350 vobiscum
539 1319 604 1357 est,
624 1315 673 1350 ad
700 1326 760 1350 vos
784 1315 875 1351 veni.
938 1312 1063 1349 Vestra
1091 1318 1213 1350 autem
1231 1325 1356 1349 caussa
1382 1325 1453 1358 me,

336 1391 399 1416 nec
425 1380 533 1415 ullius
558 1380 720 1422 alterius,
743 1380 853 1427 loqui,
875 1390 952 1428 quae
978 1379 1101 1427 loquor
1127 1379 1226 1427 apud
1242 1391 1315 1422 vos,
1336 1379 1393 1415 vel
1411 1391 1455 1415 ea

323 1443 422 1492 fides
437 1445 498 1486 sit,
520 1445 626 1491 quod,
646 1455 757 1491 neque
776 1444 862 1478 dum
880 1444 1005 1478 vestris
1028 1442 1161 1479 viribus
1177 1443 1370 1485 restitistis,
1389 1454 1453 1479 ne-

338 1519 405 1554 que
425 1509 511 1543 dum
537 1508 676 1543 auxilia
700 1507 744 1543 ab
763 1507 936 1543 Romanis
954 1509 1136 1556 sperastis,
1153 1510 1256 1556 pacis
1280 1519 1452 1555 umquam

337 1575 437 1621 apud
454 1586 514 1610 vos
540 1576 753 1610 mentionem
762 1573 854 1622 feci.
912 1574 1111 1622 Postquam
1136 1585 1199 1609 nec
1217 1573 1261 1608 ab
1280 1572 1455 1610 Romanis

336 1638 432 1674 vobis
450 1639 529 1674 ulla
555 1650 633 1686 spes
661 1643 726 1680 est,
746 1650 811 1673 nec
829 1642 946 1673 vestra
965 1637 1047 1684 jam
1070 1643 1136 1674 aut
1163 1649 1267 1673 arma
1293 1649 1367 1680 vos,
1388 1641 1454 1672 aut

337 1704 466 1739 rnoenia
501 1705 589 1738 satis
618 1702 829 1751 defendunt,
856 1715 985 1751 pacem
1022 1702 1149 1752 adfero
1178 1703 1226 1738 ad
1252 1713 1313 1738 vos
1339 1702 1455 1749 magis

336 1769 587 1811 necessariam,
616 1780 722 1816 quam
748 1780 883 1816 aequam
898 1784 910 1804 .·
940 1767 1038 1814 cujus
1064 1769 1116 1803 ita
1142 1768 1266 1815 aliqua
1286 1778 1364 1814 spes
1388 1770 1452 1809 est,

336 1834 366 1868 si
385 1845 463 1868 eam
483 1834 784 1881 quemadmodum
810 1837 850 1868 ut
877 1834 987 1869 victor
1002 1831 1084 1881 sert
1102 1831 1303 1873 Hannibal,
1323 1832 1373 1867 sic
1394 1842 1456 1867 vos

338 1902 378 1932 ut
396 1898 482 1932 victi
501 1899 660 1933 audiatis
672 1913 684 1933 .·
712 1899 742 1933 si
761 1909 832 1932 non
851 1898 902 1939 id,
920 1898 1015 1944 quod
1035 1897 1230 1938 amittitur,
1253 1897 1289 1931 in
1308 1896 1452 1939 damno,

339 1962 463 2009 (quum
493 1964 614 1996 omnia
641 1963 784 1997 victoris
811 1962 898 2007 sint)
919 1962 995 2004 sed,
1023 1962 1199 2009 quidquid
1225 1961 1452 2008 relinquitur,

332 2037 401 2072 pro
437 2036 580 2060 munere
617 2025 771 2060 habituri
803 2026 896 2060 estis.
964 2025 1090 2060 Urbem
1130 2024 1236 2066 vobis,
1269 2035 1376 2071 quam
1412 2035 1455 2059 ex
1504 2046 1507 2052 ·

334 2101 467 2136 magna
483 2088 565 2135 jam
584 2094 692 2137 parte
711 2090 884 2131 dirutam,
913 2094 1055 2137 captam
1074 2088 1161 2137 fere
1190 2092 1303 2123 totam
1333 2087 1451 2130 habet,

336 2154 478 2196 adimit,
513 2166 617 2200 agros
653 2154 835 2200 relinquit,
867 2154 983 2189 locum
1018 2154 1286 2199 adsignaturus,
1318 2153 1355 2187 in
1385 2163 1453 2200 quo

334 2228 463 2252 novum
484 2218 658 2265 oppidum
676 2217 855 2266 aedis‘iietis
868 2233 879 2253 :
908 2229 1037 2253 aurum
1055 2221 1315 2264 argentumque
1333 2227 1450 2259 omne,

335 2284 517 2332 publicum
539 2284 807 2331 privatumque,
829 2283 878 2317 ad
900 2294 936 2317 se
951 2280 1055 2328 jubet
1075 2280 1232 2329 deferri.-
1262 2278 1451 2326 conjugum

338 2353 521 2396 vestraque
548 2358 699 2395 corpora
730 2358 773 2381 ac
803 2345 991 2382 liberorum
1020 2350 1216 2382 vestrorum
1247 2347 1366 2380 seri-at
1394 2344 1448 2379 in-
