1527 2661
384 146 536 175 LIBER
559 145 698 174 XXI-T..
721 144 826 172 CA‘P2
852 143 929 172 LX.
1123 140 1198 185 297

108 247 209 272 mus:
236 248 345 285 neque
376 238 468 272 enim
495 248 554 272 vos
577 236 703 283 pretio
723 233 919 281 pepercisse
945 232 1098 268 homines
1128 245 1201 268 cre·
1216 232 1395 268 U·C·536·

108 301 202 336 dem.
1215 277 1255 307 A.
1267 275 1302 306 C.
1317 281 1389 306 ⁶216.

160 363 248 401 LX.
278 363 356 400 Ubi
383 364 413 399 is
442 363 554 400 finem
583 362 684 405 fecit,
711 360 899 411 extemplo
928 360 974 396 ab
1005 373 1048 396 ea
1077 360 1201 403 turba,

110 441 190 477 quae
219 428 258 464 in
287 427 442 464 comitio
472 433 564 470 erat,
595 426 735 462 clamor
763 425 895 462 flebilis
925 430 982 460 est
1017 424 1200 467 sublatus,

108 504 313 541 manusque
338 493 385 529 ad
411 492 552 528 curiam
576 491 784 528 tendebant
809 496 973 531 orantes,
995 496 1036 525 ut
1060 488 1131 525 sibi
1157 489 1202 525 li-

109 555 234 599 beros,
260 555 408 599 fratres,
437 561 618 604 cognatos
645 554 855 591 redderent.
909 552 941 589 F
943 554 1082 589 eminas
1109 566 1203 602 quo-

112 633 183 668 que
203 626 321 656 metus
341 634 384 657 ac
402 621 602 657 necessitas
629 620 668 655 in
687 619 771 655 foro
789 618 908 654 turbae
934 618 1020 654 huic
1040 619 1204 654 virorum

110 684 362 720 immiscuerat.
419 685 591 727 Senatus,
636 683 817 719 submotis
860 681 1022 724 arbitris,
1061 681 1206 717 consuli

114 753 271 797 coeptus.
327 748 387 784 Ibi
406 761 520 798 quum
546 748 740 784 sententiis
760 748 976 789 variaretur,
997 752 1034 782 et
1060 746 1123 783 alii
1148 759 1205 782 re-

112 812 303 849 dimendos
324 812 369 849 de
396 812 561 862 publico,
583 812 647 848 alii
675 811 815 847 nullam
844 810 993 861 publice
1011 811 1207 860 inpensam

111 876 334 920 faciendam,
364 890 433 913 nec
461 876 715 928 prohibendos
745 888 791 911 ex
820 876 966 925 privato
991 875 1157 920 redimi3·
1176 875 1207 910 si

111 941 244 991 quibus
273 949 470 990 argentum
498 943 537 978 in
566 942 766 992 praesentia
795 942 951 983 deesset,
972 940 1134 976 dandam
1162 952 1208 976 ex

114 1007 244 1047 aerario
268 1007 466 1057 pecuniam
494 1013 675 1049 mutuam,
701 1004 961 1056 praedibusque
991 1017 1033 1040 ac
1058 1004 1207 1054 praediis

114 1071 316 1108 cavendum
343 1070 498 1121 popu10‚
519 1077 714 1107 censerent
726 1087 736 1116 3
769 1077 846 1106 tum
866 1069 911 1105 T.
924 1068 1089 1106 Manlius
1109 1068 1206 1105 Tor-
1222 1073 1362 1103 Manlius

115 1142 263 1184 quatuS,
283 1136 412 1184 priscae
441 1148 485 1171 ac
513 1135 623 1170 nimis
643 1134 756 1176 durae,
784 1140 826 1169 ut
853 1133 1038 1183 plerisque
1058 1132 1206 1169 videba-
1218 1117 1397 1199 ἰὲἓῗίῗίῗὲ-

116 1206 190 1242 tur,
212 1199 432 1240 severitatis,
452 1199 704 1246 interrogatus
726 1197 963 1238 sententiam,
983 1197 1037 1231 ita
1059 1195 1207 1233 locutus
1221 1204 1391 1233 diruantur.

116 1264 256 1300 fertur:
289 1264 330 1298 Si
349 1263 588 1299 tantummodo
604 1263 841 1310 postulassent
866 1262 972 1308 legati
987 1274 1055 1309 pro
1074 1264 1130 1304 iis,
1151 1264 1212 1310 qui

117 1331 154 1364 in
173 1329 323 1364 hostium
343 1332 519 1375 potestate
542 1332 635 1367 sunt,
657 1332 697 1363 ut
720 1328 987 1368 redimerentur,
1006 1328 1080 1368 sine
1104 1327 1213 1367 ullius

114 1392 339 1432 insectatione
356 1403 488 1433 eoru-m,
509 1391 600 1426 brevi
616 1391 825 1426 sententiam
839 1391 1060 1437 peregissem.
1119 1391 1214 1431 Quid

116 1457 209 1493 enim
228 1457 328 1492 aliud
342 1467 448 1503 quam
463 1455 673 1490 admone-ndi
688 1455 814 1495 essetis,
835 1458 1019 1489 utmorem
1041 1456 1214 1494 traditum

118 1536 140 1560 α
161 1522 334 1571 patribuS,
362 1522 551 1558 necessario
569 1521 617 1556 ad
641 1532 714 1556 rem
734 1521 924 1556 militarem
951 1522 1121 1568 exemplo,
1141 1533 1213 1558 ser-

115 1588 244 1624 varetis
257 1587 277 1622 ,9
305 1586 409 1621 Nunc
423 1590 541 1623 autem
556 1596 663 1632 quum
679 1596 789 1632 prope
803 1585 953 1632 gloriati
968 1585 1052 1627 sint,
1069 1586 1163 1633 quod
1178 1598 1215 1624 se

120 1650 271 1686 hostibus
300 1650 513 1690 dediderint,
544 1647 774 1696 praeferrique
802 1660 872 1683 non
902 1649 1015 1695 captis
1042 1651 1146 1684 modo
1175 1652 1213 1685 in

121 1717 196 1751 acie
224 1714 267 1750 ab
295 1713 457 1754 hostibus,
477 1714 538 1748 sed
562 1714 670 1748 etiam
698 1714 753 1755 iis,
775 1714 834 1760 qui
858 1713 1043 1748 Venusiam
1063 1713 1212 1759 Canusi-

120 1789 247 1826 umque
268 1781 511 1824 pervenerunt,
542 1780 647 1824 atque
671 1778 737 1824 ipsi
758 1776 796 1812 C.
817 1777 978 1817 Terentio
1001 1779 1145 1819 consuli,
1166 1790 1213 1814 (ε-

121 1854 229 1890 quum
257 1842 470 1884 censuerint3
502 1840 593 1876 nihil
620 1852 678 1875 vos
705 1852 834 1882 eorum,
857 1840 985 1876 Patres
1013 1843 1212 1890 conscripti,

121 1918 195 1954 quae
224 1906 299 1941 illic
330 1909 412 1940 acta
438 1909 531 1946 sunt,
564 1905 727 1951 ignorare
753 1906 885 1952 patiar.
931 1906 1048 1952 Atque
1076 1907 1214 1942 utinam

121 1970 206 2012 haee,
227 1982 302 2017 quae
328 1971 424 2017 apud
451 1982 509 2006 vos
527 1975 669 2006 acturus
694 1983 783 2013 sum,
806 1971 949 2007 Canusii
977 1973 1074 2019 apud
1102 1974 1214 2020 ipsum

118 2036 306 2075 exercitum
324 2045 475 2081 agerem,
497 2036 668 2081 optimum
688 2040 808 2071 testem
830 2037 978 2082 ignavia?
997 2034 1161 2084 cujusque
1178 2041 1213 2072 et

118 2099 284 2136 virtutis:
315 2103 377 2134 aut
405 2110 493 2134 unus
524 2099 579 2134 hic
602 2100 731 2135 saltem
755 2101 889 2136 adesset
909 2100 952 2136 P.
969 2100 1211 2148 Sempronius,

120 2174 222 2209 quem
238 2163 268 2197 si
285 2163 345 2197 isti
363 2163 483 2198 (lucem
501 2163 610 2198 secuti
627 2168 747 2206 essent,
768 2165 897 2200 milites
915 2164 1017 2200 hodie
1034 2166 1071 2199 in
1091 2165 1215 2200 castris

123 2226 305 2270 Romanis,
326 2239 392 2264 non
413 2229 544 2275 captivi
562 2229 598 2263 in
617 2227 765 2264 hostium
782 2233 955 2276 potestate
973 2234 1079 2264 essent
1095 2229 1115 2264 57
1142 2228 1214 2264 Sed

125 2302 243 2337 quum,
259 2289 367 2339 fessis
381 2293 574 2340 pugnando
602 2292 766 2336 hostibus,
788 2298 863 2329 tum
883 2293 1032 2328 victoria
1059 2293 1159 2335 laetis,
1179 2297 1214 2328 et

633 2354 708 2392 05
