1527 2661
398 199 553 230 LIBER
577 196 720 226 xxvl.
753 193 860 224 cAP.
880 194 985 222 XLI.
1164 191 1263 237 559

136 297 174 332 in
197 297 313 344 portis
339 297 507 332 victorem
535 291 788 328 Hannibalem.
839 289 884 325 In
903 288 970 325 hac
996 289 1105 324 ruina
1133 300 1252 325 rerum
1267 298 1309 329 U.
1323 297 1359 328 C.
1373 302 1443 327 542.

135 361 235 397 stetit
252 372 327 397 una
340 361 482 407 integra
500 362 606 406 atque
624 346 800 392 inmobilis
813 356 926 390 virtus
940 354 1068 401 populi
1085 353 1253 390 Romani.
1265 342 1304 372 Λ·
1321 341 1359 371 C·
1374 346 1447 370 ⁹²⁰·

138 425 229 461 Haec
246 426 364 460 omnia
378 428 494 460 strata
513 423 610 458 humi
624 422 733 457 erexit
752 432 796 456 ac
811 419 966 455 sustulit.
1015 418 1083 454 Vos
1097 419 1256 454 omnium

135 489 263 536 primi,
290 489 433 531 milites,
459 492 542 536 post
572 487 791 523 Cannensem
820 485 956 521 cladem
984 484 1130 519 vadenti
1157 483 1256 518 Has-

138 552 282 588 drubali
300 553 348 588 acl
365 554 477 600 Alpes
497 552 727 598 Italiamque,
749 550 809 598 qui
832 550 863 584 si
881 560 917 584 se
936 560 1015 584 cum
1029 546 1157 595 fratre
1176 559 1258 582 con-

130 613 319 661 junxisset,
333 617 476 652 nullum
485 614 566 662 jam
581 626 706 651 nomen
722 618 807 649 esset
822 612 947 661 populi
963 610 1133 652 Romani,
1151 611 1261 647 ductu

141 681 369 728 auspicioque
395 682 515 728 patris
545 680 614 715 mei
643 678 848 715 obstitistis:
877 681 912 713 et
943 675 997 711 hae
1016 676 1177 711 secundce
1207 687 1262 711 res

140 745 225 780 illas
250 746 416 781 adversas
438 746 693 780 sustinuerunt.
741 742 861 783 Nunc,
883 741 1099 788 benignitate
1123 737 1260 782 Dezi'm,

142 810 265 844 omnia
287 810 456 852 secunda,
474 820 661 858 prospera,
682 809 720 843 in
739 807 813 842 dies
833 806 972 841 laetiora
990 817 1034 840 ac
1050 804 1201 840 meliora
1225 805 1264 839 in

145 872 261 908 Italia
280 872 475 922 Siciliaque
490 877 676 921 geruntur.
726 871 770 907 In
786 870 916 906 Sicilia
935 869 1133 916 Syracusae,
1152 869 1263 915 Agri-

143 940 290 983 gentum
319 941 477 984 captum,
503 938 602 983 pulsi
632 940 708 970 tota
740 934 860 969 insula
896 933 1022 974 hostes,
1052 937 1266 979 receptaque

141 1000 330 1046 provincia
349 1001 385 1033 in
405 1000 541 1033 ditione
555 996 685 1044 populi
701 995 858 1030 Romani
876 999 937 1030 est.
983 995 1028 1030 In
1045 996 1157 1031 Italia
1172 996 1267 1043 Arpi

146 1063 293 1108 recepti,
313 1061 440 1108 Capua
454 1064 573 1108 capta.
621 1059 696 1094 Iter
715 1070 817 1094 omne
832 1058 874 1093 ab
888 1058 973 1093 urbe
995 1057 1110 1093 Roma
1126 1060 1269 1106 trepida

137 1125 240 1175 suga
268 1137 426 1162 emensus
457 1125 657 1166 Hannibal,
688 1125 725 1160 in
756 1128 951 1159 extremum
983 1124 1155 1171 angulum
1188 1125 1270 1171 agri

152 1190 292 1226 Bruttii
306 1190 519 1238 compulsus,
533 1189 625 1224 nihil
626 1187 708 1234 jam
722 1186 838 1233 majus
845 1192 1018 1236 precatur
1033 1188 1147 1230 Deos,
1161 1200 1270 1236 quam

149 1258 190 1290 ut
207 1255 379 1290 incolumi
408 1255 527 1290 cedere
545 1258 654 1303 atque
679 1253 776 1289 abire
792 1265 834 1289 ex
853 1252 1006 1288 hostium
1036 1257 1133 1288 terra
1152 1253 1270 1289 liceat.

153 1319 251 1359 Quid
269 1321 382 1367 igitur
400 1322 516 1356 minus
534 1321 733 1361 conveniat,
754 1320 899 1361 milites,
921 1331 1041 1366 quam,
1062 1330 1168 1366 quum
1188 1319 1272 1354 aliae

147 1394 253 1430 super
271 1385 365 1420 alias
383 1385 502 1420 clades
520 1385 802 1426 cumularentur,
823 1396 866 1418 ac
884 1384 956 1419 Dii
970 1395 1085 1431 prope
1103 1383 1173 1430 ipsi
1191 1394 1270 1417 cum

149 1445 354 1483 Hannibale
371 1452 522 1490 starent,
539 1460 599 1483 vos
618 1448 675 1484 hic
690 1459 770 1483 cum
785 1447 994 1495 parentibus
1011 1447 1096 1481 meis
1113 1446 1269 1493 (aequen-

151 1512 210 1544 tur
221 1512 313 1546 enim
328 1513 437 1547 etiam
452 1511 582 1546 honore
596 1510 764 1555 nominis)
781 1512 985 1546 sustinuisse
1001 1510 1180 1545 labantem
1180 1508 1269 1557 for-

154 1576 279 1609 tunam
302 1575 430 1622 populi
450 1574 608 1610 Romani
619 1591 632 1618 ,-
662 1586 754 1609 nunc
779 1575 929 1615 eosdem,
952 1575 1037 1621 quia
1055 1574 1132 1608 illic
1150 1574 1273 1608 omnia

149 1637 306 1672 secunda
332 1639 484 1685 laetaque
511 1642 606 1680 sunt,
638 1639 766 1672 animis
784 1638 963 1685 deficere?
991 1638 1119 1684 Nuper
1135 1649 1272 1685 quoque

152 1710 230 1744 quoe
251 1701 470 1743 acciderunt,
489 1702 630 1735 utinam
653 1704 726 1735 tam
744 1702 819 1735 sine
843 1712 919 1735 meo
940 1701 1050 1742 luctu,
1073 1713 1179 1747 quam
1197 1712 1272 1736 ves-

154 1766 224 1805 tro,
246 1765 477 1800 transissent!
506 1765 614 1800 Nunc
632 1764 703 1800 Dii
721 1766 929 1800 inmortales
950 1765 1092 1812 imperii
1112 1764 1273 1800 Romani

148 1827 330 1873 praesides,
352 1829 414 1875 qui
439 1829 605 1864 centuriis
630 1828 800 1870 omnibus,
820 1833 861 1864 ut
885 1829 973 1864 mihi
998 1830 1187 1876 imperium
1206 1828 1273 1875 ju·-

155 1889 276 1925 berent
293 1892 387 1933 dari,
395 1890 506 1939 fuere
525 1896 699 1933 auctores,
720 1893 829 1928 iidem
848 1894 1009 1939 auguriis
1025 1894 1272 1941 auspiciisque,

155 1959 190 1989 et
210 1967 278 2001 per
302 1961 491 1992 nocturnos
518 1958 627 1992 etiam
655 1958 748 1992 visus
775 1958 895 1992 onznia
925 1958 1007 1992 laeta
1035 1970 1078 1992 ac
1099 1970 1274 2005 prospera

149 2019 382 2064 portendunt.
434 2020 587 2055 Animus
606 2032 742 2067 quoque
769 2032 879 2061 meus,
906 2022 1082 2056 maximus
1109 2021 1198 2057 mihi
1225 2022 1276 2056 ad

152 2080 217 2116 hoc
246 2085 383 2129 tempus
409 2086 519 2124 vates,
544 2084 726 2130 prcesagit,
757 2088 914 2119 nostram
933 2084 1150 2132 Hispaniam
1179 2097 1275 2120 esse.-

153 2147 248 2183 brevi
263 2152 400 2184 extorre
419 2149 500 2185 hinc
518 2161 620 2184 omne
640 2149 819 2184 Punicum
838 2160 978 2190 nomen,
1000 2149 1119 2183 maria
1139 2152 1272 2184 terras-

155 2223 221 2258 que
234 2210 342 2259 foeda
355 2211 457 2260 fuga
475 2213 704 2260 inpleturum.
755 2214 859 2254 Quod
876 2225 973 2248 niens
990 2225 1055 2247 sua
1073 2217 1198 2260 sponte
1216 2214 1273 2248 di·-

155 2276 268 2317 vinat,
291 2276 381 2311 idem
409 2274 548 2322 subjicit
575 2278 670 2312 ratio
697 2277 794 2312 haud
811 2275 951 2324 fallax.
1014 2277 1140 2312 Vexati
1169 2276 1213 2312 ab
1232 2278 1274 2312 iis

153 2340 240 2376 socii
268 2343 425 2375 nostram
445 2340 559 2389 fidem
586 2352 651 2388 per
679 2341 815 2387 legatos
843 2341 1050 2389 inplorant:
1081 2345 1150 2376 tres
1168 2341 1272 2377 duces

650 2404 683 2440 B
703 2403 726 2440 b
748 2404 770 2438 4
