1527 2661
302 246 456 276 LIBER
481 247 588 275 XXI.
621 245 726 274 CAP.
750 245 954 273 xxxvii.
1104 246 1178 288 193

74 335 199 373 locum
225 337 441 373 visendum:
473 336 573 372 haud
592 335 705 373 dubia
731 347 788 370 res
808 335 900 377 visa,
921 335 1011 382 quin
1030 347 1096 384 per
1122 336 1178 370 in·
1193 339 1284 370 U.C.
1303 344 1372 369 534.

73 402 135 437 via
163 402 261 437 circa
296 413 364 436 nec
393 401 484 435 trita
511 406 636 442 antea,
667 400 834 447 quamvis
868 397 984 446 longo
1022 399 1180 441 ambitu,
1192 384 1228 413 Α
1248 382 1284 412 Ο·
1303 387 1374 411 ‘²¹³'

77 465 372 501 circumduceret
407 477 553 513 agmen.
609 464 668 499 Ea
703 476 791 499 vero
823 464 884 498 via
920 463 1182 512 insuperabilis

76 528 171 564 fuit:
204 541 290 564 nam
311 541 426 578 quum
453 541 564 577 super
584 534 747 564 veterem
768 528 892 563 nivem
911 528 1094 563 intactam
1113 540 1183 563 no—

76 605 124 628 va
142 593 298 628 modicae
326 592 536 628 altitudinis
564 597 676 634 esset,
697 590 803 627 molli
829 603 898 626 nec
924 590 1088 640 praealtae
1106 592 1185 627 nivi

78 655 188 692 facile
218 657 328 706 pedes
355 657 645 705 ingredientium
671 654 918 691 insistebant:
952 661 994 690 ut
1013 668 1100 691 vero
1127 662 1185 691 tot

80 721 277 756 hominum
306 719 644 769 jumentorumque
674 720 821 754 incessu
850 719 994 768 dilapsa
1023 725 1093 761 est,
1120 732 1185 770 per

79 783 218 819 nudam
238 783 336 818 infra
351 782 510 830 glaciem
527 782 780 830 fluentemque
799 781 926 817 tabem
945 781 1185 830 liquescentis

78 847 173 882 nivis
201 846 521 895 ingrediebantur.
578 846 695 881 Tetra
713 845 767 881 ibi
792 845 949 881 luctatio
970 851 1073 881 erat:
1105 852 1147 882 ut
1165 859 1187 881 a

78 909 223 946 lubrica
242 910 375 959 glacie,
396 923 474 945 non
494 911 699 959 recipiente
718 911 932 958 vestigium,
955 916 992 945 et
1011 911 1048 945 in
1066 922 1186 959 prono

78 974 187 1010 citius
208 975 301 1025 pede
320 987 360 1010 se
379 973 547 1017 fallente,
569 981 620 1016 et,
640 986 706 1010 seu
731 974 903 1010 manibus
924 974 961 1009 in
982 974 1187 1022 adsurgen-

80 1037 128 1073 do
149 1050 214 1074 seu
233 1051 332 1087 genu
351 1051 390 1074 se
410 1037 654 1088 adjuvissent,
671 1038 760 1088 ipsis
781 1037 1016 1073 adminiculis
1037 1037 1188 1087 prolap-

82 1102 145 1145 sis,
182 1103 319 1152 iterum
347 1103 591 1145 corruissent,
624 1114 693 1137 nec
728 1102 862 1151 stirpes
895 1101 994 1136 circa
1026 1101 1189 1136 radices-

82 1177 140 1207 ve,
180 1166 226 1201 ad
246 1178 338 1214 quas
377 1166 470 1216 pede
508 1171 574 1201 aut
602 1178 716 1201 manu
746 1165 944 1213 quisquam
973 1165 1066 1200 eniti
1100 1177 1189 1214 pos-

84 1235 154 1270 set,
176 1236 305 1274 erant3
339 1231 393 1265 ita
419 1231 455 1265 in
475 1229 548 1265 levi
567 1235 717 1265 tantum
737 1229 857 1277 glacie
883 1228 1085 1277 tabidaque
1104 1230 1190 1264 nive

83 1293 374 1329 volutabantur:
400 1293 579 1343 jumenta
607 1292 809 1337 secabant5
843 1293 1031 1329 interdum
1061 1294 1188 1335 etiam,

83 1363 163 1392 tum
183 1357 349 1393 infimam
366 1357 617 1405 ingredientia
636 1357 775 1398 nivem,
797 1362 834 1391 et
850 1355 1026 1405 prolapsa
1038 1356 1190 1406 jactan-

84 1420 138 1456 dis
159 1422 305 1470 gravius
326 1421 365 1456 in
381 1421 612 1456 continendo
632 1420 797 1468 ungulis,
816 1421 965 1470 penitus
981 1420 1190 1469 perfringe-

84 1484 198 1520 bant:
232 1494 274 1520 ut
299 1484 489 1534 pleraque,
511 1483 613 1520 velut
639 1484 769 1533 pedica
795 1490 918 1533 capta,
940 1484 1126 1520 haererent
1152 1485 1190 1520 in

85 1548 217 1584 durata
235 1554 274 1584 et
293 1548 367 1584 alte
387 1555 565 1585 concreta
584 1548 714 1597 glacie.

138 1611 354 1647 XXXVII.
383 1611 568 1654 Tandem,
599 1611 851 1660 nequidquam
872 1610 1057 1660 jumentis
1078 1618 1190 1660 atque

84 1674 299 1710 hominibus
319 1675 502 1724 fatigatis,
525 1681 647 1711 castra
666 1676 704 1710 in
717 1673 824 1724 jugo.
842 1676 979 1724 posita,
1001 1675 1193 1723 aegerrime

3 1755 9 1788 q
87 1739 134 1774 ad
153 1738 188 1774 id
209 1739 332 1788 ipsum
351 1738 436 1775 loco
464 1746 627 1790 purgato
644 1754 651 1774 :
684 1745 832 1774 tantum
858 1740 954 1775 nivis
974 1739 1194 1775 fodiendum

0 1798 1 1805 ¹
89 1807 201 1849 atque
221 1802 449 1850 egerendum
467 1802 552 1838 fuit.
610 1801 703 1838 Inde
722 1803 769 1838 ad
787 1815 918 1851 rupem
938 1803 1193 1846 muniendam,

88 1877 154 1914 per
169 1878 281 1913 quam
300 1878 414 1901 unam
434 1866 493 1901 via
507 1878 587 1901 esse
604 1871 767 1915 poterat,
786 1865 924 1902 milites
945 1866 1062 1909 ducti,
1078 1880 1192 1915 quum

90 1929 307 1964 caedendum
335 1935 434 1965 esset
463 1942 607 1972 saxum,
628 1928 824 1965 arboribus
852 1930 951 1966 circa
979 1930 1193 1968 inmanibus
1207 1927 1313 1968 Rupes
1331 1928 1401 1967 igne

89 1991 243 2040 dejectis
274 1992 592 2040 detruncatisque,
619 1998 760 2027 struem
789 1992 982 2040 ingentem
1004 1992 1192 2041 lignorum
1205 1977 1339 2044 3553?-

87 2054 254 2091 faciunt:
288 2069 443 2104 eamque
465 2058 598 2105 (quum
627 2062 666 2091 et
694 2056 747 2091 vis
776 2057 879 2092 venti
908 2063 997 2106 apta
1019 2057 1193 2095 faciendo

87 2119 168 2166 igni
188 2125 321 2155 coorta
344 2120 460 2166 esset)
484 2120 730 2162 succendunt,
763 2120 1006 2169 ardentiaque
1025 2135 1116 2159 saxa
1135 2125 1194 2159 in—

88 2181 173 2217 fuso
193 2188 301 2218 aceto
327 2183 594 2232 putrefaciunt.
650 2183 713 2219 Ita
729 2183 911 2220 torrssdam
936 2185 1111 2221 incendio
1132 2200 1193 2222 ru-

91 2257 176 2293 pem
193 2245 294 2281 ferro
320 2247 504 2296 pandunt,
526 2246 779 2295 molliuntque
805 2247 1047 2284 amfractibus
1074 2251 1196 2286 modi-

90 2309 143 2343 cis
179 2308 309 2352 clivos,
348 2316 389 2350 ut
422 2323 499 2346 non
529 2310 707 2359 jumenta
739 2311 874 2354 solum,
909 2312 974 2347 sed
1006 2311 1194 2362 elephanti

94 2371 219 2414 etiam,
257 2373 390 2409 deduci
422 2380 591 2424 possent.
648 2375 902 2413 Quatriduum
935 2376 1033 2411 circa
1066 2388 1195 2427 rupem

144 2434 243 2471 V01„
273 2435 326 2472 II.
621 2437 660 2475 K
