1527 2661
290 165 375 211 530
765 175 810 204 T.
837 177 969 207 L1v1t

97 261 186 292 U.C.
205 270 278 294 541.
290 257 421 295 urbem
441 259 565 296 iniret.
621 261 783 300 Tribuni
801 264 922 315 plebis
938 278 985 302 ex
1004 269 1232 307 auctoritate
1250 280 1401 311 senatus

93 305 133 335 A·
149 305 185 337 C·
203 313 238 337 Ἢ
249 314 276 338 ¹·
288 321 335 357 ad
354 323 536 373 populum
552 324 736 369 tulerunt,
753 335 795 363 ut
812 327 870 365 M.
886 328 1086 375 Marcello,
1103 345 1178 382 quo
1196 334 1257 371 die
1273 335 1404 374 urbem

287 400 404 423 ovans
432 388 557 431 iniret,
580 390 778 440 imperium
805 400 915 430 esset.
971 395 1112 440 Pridie,
1133 410 1245 447 quam
1268 401 1403 439 urbem

285 452 411 496 iniret,
444 454 483 490 in
519 461 650 491 monte
679 455 831 493 Albano
868 459 1137 510 triumphavit:
1170 464 1257 501 inde
1285 478 1402 502 ovans

283 517 441 554 multam
461 531 537 569 prae
563 532 602 556 se
628 522 793 570 praedam
813 524 852 559 in
881 524 1012 561 urbem
1033 526 1175 564 intulit.
1232 529 1329 566 Cum
1348 531 1399 567 si-

282 582 451 620 mulacro
471 591 666 635 captarum
686 587 970 636 Syracusarum,
991 591 1192 641 catapultae
1219 592 1399 632 ballistae-

282 661 369 697 que,
390 656 428 685 et
456 649 530 686 alia
555 652 684 687 omnia
712 653 966 690 instrumenta
992 654 1082 691 belli
1110 655 1201 700 lata,
1229 664 1267 693 et
1295 661 1398 709 pacis

281 713 468 751 diuturnae
505 716 693 765 regiaeque
729 717 933 767 opulentiae
971 727 1209 764 ornamenta,
1248 725 1398 772 argenti

281 778 438 828 aerisque
471 779 670 816 fabrefacti
708 781 776 824 vis,
815 781 890 818 alia
932 783 1114 834 supellex,
1152 787 1395 837 pretiosaque

277 844 406 886 vestis,
432 850 469 880 et
498 844 617 880 multa
646 845 790 882 nobilia
818 847 940 896 signa,
961 848 1096 897 quibus
1126 851 1225 887 inter
1253 853 1394 901 primas

278 908 435 945 Graeciae
469 909 578 946 urbes
618 910 812 959 Syracusae
849 920 992 949 ornatae
1022 914 1184 951 fuerant.
1241 916 1396 954 Punicae

278 987 428 1024 quoque
450 975 618 1010 victoriae
648 975 812 1023 signum,
843 983 932 1012 octo
951 978 1054 1014 ducti
1082 979 1286 1030 elephanti.
1342 982 1396 1019 Et

271 1052 354 1075 non
378 1040 575 1076 minimum
594 1040 668 1076 fuit
697 1041 954 1090 spectaculum
974 1056 1058 1079 cum
1089 1045 1240 1081 coronis
1270 1047 1392 1083 aureis

274 1105 529 1155 praecedentes
559 1105 662 1141 Sosis
693 1105 964 1155 Syracusanus,
995 1114 1033 1144 et
1054 1108 1221 1145 Mericus
1252 1109 1394 1161 Hispa-

275 1182 344 1205 nus
362 1186 368 1206 z
402 1183 563 1220 quorum
579 1169 699 1206 altero
715 1171 809 1207 duce
825 1178 1015 1209 nocturno
1036 1173 1237 1223 Syracusas
1258 1175 1394 1211 introi-

273 1243 355 1271 tum
381 1242 485 1280 erat3
518 1234 613 1270 alter
637 1234 800 1278 Nasum,
828 1236 1003 1285 quodque
1031 1237 1082 1273 ibi
1109 1238 1273 1287 praesidii
1299 1245 1393 1282 erat,

275 1299 503 1350 prodiderat.
563 1298 634 1334 His
655 1299 840 1335 ambobus
868 1300 999 1336 civitas
1020 1301 1120 1343 data,
1143 1308 1182 1337 et
1201 1302 1393 1351 quingena

264 1362 406 1413 jugera
426 1364 519 1412 agri.
578 1363 701 1399 Sosidi
722 1363 761 1399 in
781 1376 874 1412 agro
895 1364 1147 1413 Syracusano,
1165 1367 1229 1415 qui
1248 1373 1313 1403 aut
1333 1380 1391 1403 re-

268 1429 370 1478 gius,
400 1435 465 1465 aut
490 1429 662 1464 ,hostium
691 1428 823 1479 populi
852 1428 1020 1465 Romani
1050 1430 1198 1474 fuisset,
1229 1437 1267 1467 et
1296 1432 1390 1468 aedes

272 1495 466 1544 Syracusis
482 1492 588 1544 cujus
608 1493 721 1530 vellet
734 1506 877 1536 eorum,
892 1494 930 1529 in
946 1507 1040 1542 quos
1059 1493 1145 1529 belli
1160 1493 1248 1543 jure
1271 1496 1392 1531 anim-

271 1559 469 1595 adversum
498 1564 618 1594 esset:
652 1557 800 1594 Merico
828 1557 1100 1607 Hispanisque,
1132 1560 1194 1607 qui
1227 1572 1310 1595 cum
1344 1573 1390 1596 eo

269 1624 514 1666 transierant,
536 1622 623 1658 urbs
644 1634 808 1670 agerque
833 1622 872 1657 in
893 1621 1022 1658 Sicilia
1042 1635 1087 1658 ex
1107 1623 1166 1665 iis,
1188 1624 1251 1672 qui
1274 1637 1296 1659 a
1316 1637 1386 1676 po-

270 1687 361 1738 pulo
390 1688 570 1724 Romano
599 1687 838 1729 defecissent,
863 1685 973 1735 jussa
1003 1687 1094 1723 dari.
1153 1687 1197 1723 Id
1226 1687 1282 1724 M.
1297 1688 1391 1724 Cor-

270 1753 372 1789 nelio
392 1753 627 1793 mandatum,
649 1757 704 1794 ut,
727 1751 790 1786 ubi
812 1752 846 1787 ei
866 1751 1069 1794 videretur,
1088 1751 1217 1787 urbem
1238 1764 1390 1800 agrum-

270 1831 342 1867 que
362 1818 414 1853 eis
445 1817 675 1865 adsignaret.
733 1815 778 1851 In
809 1815 941 1851 eodem
971 1828 1062 1864 agro
1092 1815 1294 1864 Belligeni,
1326 1830 1392 1866 per

269 1896 382 1932 quem
408 1881 568 1918 inlectus
599 1881 645 1918 ad
674 1881 937 1916 transitionem
967 1880 1135 1916 Mericus
1166 1888 1260 1923 erat,
1299 1893 1390 1930 qua-

269 1946 471 1995 dringenta
482 1944 621 1996 jugera
637 1945 718 1992 agri
736 1944 898 1980 decreta.
936 1944 1030 1980 Post
1049 1943 1325 1994 profectionem
1345 1957 1392 1982 ex

271 2011 401 2047 Sicilia
425 2009 616 2052 Marcelli,
636 2009 782 2045 Punica
801 2009 928 2045 classis
951 2015 1040 2045 octo
1069 2008 1189 2045 millia
1206 2009 1390 2059 peditum,

269 2075 343 2111 tria
367 2074 621 2111 Numidarum
650 2073 820 2122 equitum
849 2073 1038 2123 exposuit.
1099 2073 1160 2108 Ad
1189 2085 1252 2108 eos
1282 2072 1391 2109 Mur-

270 2139 436 2188 gantinae
458 2139 696 2175 desciverunt
721 2145 853 2174 terrae:
887 2138 1025 2173 secutae
1049 2137 1300 2174 defectionem
1328 2150 1391 2174 ea-

269 2220 353 2243 rum
373 2205 504 2256 Hybla
523 2212 560 2242 et
578 2204 744 2242 Macella
763 2210 865 2249 sunt,
886 2211 924 2240 et
951 2203 1199 2253 ignobiliores
1219 2203 1391 2253 quaedam

270 2271 365 2308 aliae.
421 2270 474 2307 Et
488 2270 679 2314 Numidae,
696 2270 876 2321 praefecto
895 2269 1062 2313 qutine,
1082 2270 1167 2318 vagi
1187 2280 1253 2319 per
1269 2274 1389 2308 totam

272 2335 452 2381 Siciliam,
483 2336 674 2373 sociorum
711 2334 844 2387 populi
872 2333 1042 2372 Romani
1072 2346 1183 2383 agros
1218 2332 1390 2369 urebanL
