1527 2661
290 192 374 247 558
751 208 797 239 Τ.
824 210 952 240 mvn

97 299 138 329 U.
150 301 187 331 C.
203 309 276 334 542.
289 295 400 331 cione
428 296 624 341 advocata,
654 298 709 335 ita
730 299 930 337 disseruit:
963 303 1080 339 Nemo
1107 311 1192 343 ante
1218 320 1276 346 me
1302 323 1414 349 novus

93 343 134 373 A.
146 344 183 374 C.
201 353 274 378 210.
292 361 299 368 ·

92 396 248 438 Sprionis

287 366 484 409 zmperator
502 363 673 399 militibus
691 367 762 400 suis
784 367 900 413 prius,
922 378 1031 413 quam
1050 381 1159 417 opera
1184 384 1305 410 eorum
1330 388 1412 413 usus

92 442 191 472 oratio
207 446 245 475 ad
288 429 388 468 esset,
412 428 552 474 gratias
580 440 685 475 agere
703 426 790 474 jure
818 442 861 465 ac
888 432 1017 466 merito
1040 436 1174 480 potuit.
1222 438 1286 474 Me
1311 440 1410 477 vobis

93 484 220 519 milites.

282 493 399 537 prius,
422 503 530 539 quam
552 494 779 540 provinciam
805 499 871 530 aut
896 501 1017 532 castra
1045 499 1216 544 viderem',
1237 502 1409 551 obligavit

273 553 460 603 fortuna:
487 558 660 604 primum,
681 559 775 605 quod
799 571 841 594 ea
857 561 992 607 pietate
1011 574 1097 610 erga
1120 569 1261 612 patrem
1275 573 1408 615 patru-

283 630 414 667 umque
442 632 560 657 meum
590 622 688 657 vivos
715 627 941 671 mortuosque
962 624 1118 674 fuistis.-
1145 630 1284 673 deinde,
1315 634 1411 680 quod

282 685 451 720 amissam
472 689 574 721 tanta
593 686 697 721 clade
710 688 907 734 provincia>
927 692 1193 736 possessionem,
1215 695 1407 743 integram,

281 752 318 783 et
331 749 469 797 populo
490 749 654 785 Romano
674 755 709 786 et
727 754 917 787 successori
940 753 1042 797 mihi,
1064 756 1196 792 virtute
1214 764 1332 795 vestra
1347 760 1409 797 ob-

282 814 449 850 tinuistis.
494 814 568 850 Sed
586 828 693 863 quum
704 814 787 862 jam
807 816 1024 865 benignitate
1041 819 1166 857 Deam
1183 823 1224 858 z‘d
1239 836 1410 872 paremus
1431 837 1434 840 ’

280 882 391 926 atque
415 891 578 926 agamus,
598 892 668 916 non
686 885 728 916 ut
748 882 816 928 ipsi
839 894 1047 920 maneamus
1072 886 1109 920 in
1128 886 1324 935 Hispania,
1344 892 1408 926 sed

278 954 324 979 ne
344 943 447 979 Poeni
472 949 656 987 maneant,
676 957 740 981 nec
758 951 799 980 ut
820 959 890 993 pro
911 950 995 995 ripa
1013 949 1108 986 Iberi
1130 956 1265 988 stantes
1282 966 1408 991 arcea-

277 1019 356 1043 mus
376 1009 528 1043 transitu
548 1009 673 1051 hostes,
693 1010 755 1045 sed
773 1014 814 1045 ut
831 1011 929 1046 ultro
949 1016 1182 1057 transeamus,
1205 1017 1405 1066 transfera-

276 1083 426 1120 musque
445 1071 572 1108 bellum
585 1089 599 1117 ,-
627 1085 762 1116 vereor,
782 1085 826 1109 ne
846 1076 907 1110 cui
923 1074 1079 1111 vestram
1097 1076 1215 1123 majus
1233 1082 1273 1115 id
1287 1083 1406 1118 auda·-

278 1139 422 1186 ciusque
441 1138 640 1180 consilium,
661 1149 771 1186 quam
790 1142 855 1174 aut
875 1150 946 1187 pro
964 1142 1138 1176 memoria
1156 1143 1317 1181 cladium
1334 1158 1405 1183 nu-

276 1214 342 1251 per
371 1207 614 1250 acceptarum,
645 1206 712 1238 aut
735 1214 804 1250 pro
833 1207 940 1238 oetate
967 1216 1060 1247 mea,
1089 1206 1269 1245 videatur.
1323 1211 1428 1247 Ad-·

276 1279 384 1303 versae
399 1279 532 1315 pugnae
552 1268 589 1302 in
607 1266 789 1315 Hispania
813 1267 946 1303 nullius
968 1269 1005 1303 in
1030 1270 1164 1315 animo,
1185 1284 1294 1320 quam
1311 1286 1405 1318 meo,
1428 1285 1432 1299 ²

276 1333 393 1368 minus
411 1333 596 1369 obliterari
620 1338 781 1382 possunt.
843 1334 984 1383 Quippe
1001 1336 1059 1371 cui
1074 1340 1183 1384 pater
1199 1341 1235 1373 et
1251 1343 1407 1386 patruus
1428 1351 1433 1376 2

276 1397 377 1433 intra
398 1400 549 1446 triginta
566 1399 704 1435 dierum
723 1400 894 1447 spatium,
915 1404 957 1435 ut
975 1400 1079 1436 aliud
1096 1413 1204 1449 super
1222 1403 1324 1439 aliud
1341 1415 1404 1440 cu·

275 1463 479 1499 mutaretur
497 1463 661 1512 familia>
687 1469 817 1500 nostrae
834 1463 968 1511 funus,
990 1464 1174 1514 interfecti
1191 1471 1284 1503 sunt.
1331 1468 1429 1504 Sed*

275 1531 318 1562 ut
324 1526 533 1575 familiaris
549 1540 640 1576 pene
659 1528 793 1563 orbitas
818 1540 861 1563 ac
878 1529 1036 1564 solitudo
1050 1529 1202 1578 frangit
1219 1532 1378 1568 animum
1389 1549 1414 1576 ,·⁴

275 1592 331 1627 ita
342 1592 489 1640 publica
505 1605 613 1641 quum
621 1592 783 1642 fortuna
810 1598 885 1628 tum
903 1594 1017 1629 virtus
1036 1594 1225 1642 desperare
1243 1596 1288 1632 de
1304 1607 1404 1632 sum··

276 1667 337 1691 ma
354 1667 473 1692 rerum
496 1657 672 1705 prohibet.
730 1656 789 1691 Ea
807 1655 898 1704 fato
917 1658 1074 1704 quodam
1093 1659 1182 1693 data
1203 1659 1303 1695 nobis
1328 1672 1406 1696 sors

277 1725 342 1763 est,
362 1725 405 1756 ut
431 1723 572 1768 magnis
599 1721 759 1757 omnibus
779 1721 879 1756 bellis
906 1722 994 1756 victi
1015 1723 1215 1758 vicerimus.
1277 1723 1405 1760 Vetera

277 1786 417 1827 omitto,
446 1786 659 1827 Porsenam,
693 1785 831 1827 Gallos,
854 1784 1035 1820 Samnites
1047 1802 1058 1821 .·
1088 1798 1111 1821 a
1131 1787 1280 1822 Punicis
1307 1787 1405 1824 bellis

276 1849 460 1897 incipiam.
520 1850 617 1891 Quot
652 1849 791 1891 classes,
830 1854 917 1897 quot
953 1849 1069 1892 daces,
1108 1855 1194 1897 quot
1231 1854 1404 1888 exercitus

273 1915 395 1962 priore
422 1914 513 1950 bello
542 1915 662 1950 amissi
689 1914 806 1949 sunt?
833 1914 921 1950 Jam
941 1915 1028 1961 quid
1056 1914 1122 1950 hoc
1149 1915 1240 1951 bello
1267 1928 1402 1952 memo·-

275 1980 385 2014 rem.9
415 1979 582 2015 Omnibus
618 1983 683 2014 aut
712 1980 785 2026 ipse
821 1977 927 2026 adfui
955 1979 1142 2015 cladibus:
1171 1985 1249 2023 aut,
1281 1980 1407 2028 quibus

274 2041 369 2091 afui,
390 2045 544 2079 maxime
572 2055 661 2079 unus
688 2044 847 2078 omnium
875 2055 933 2078 eas
957 2045 1060 2079 sensi.
1114 2043 1253 2086 Trebia,
1280 2045 1405 2080 Trasi-

274 2119 408 2149 menus,
432 2107 576 2149 Cannae,
598 2108 684 2155 quid
710 2108 812 2142 aliud
840 2112 937 2155 sunt,
959 2119 1067 2155 quam
1093 2112 1322 2143 monumenta
1341 2120 1402 2144 oc-

276 2174 427 2208 cisorum
461 2173 676 2208 exercituum
711 2172 962 2220 consulumque
992 2172 1272 2208 Romanorum?
1298 2173 1403 2207 Adde

275 2235 506 2285 defectionem
539 2237 671 2279 Italioe,
703 2237 839 2272 Sicilia>
871 2235 1018 2282 majoris
1046 2239 1177 2285 partis,
1209 2237 1401 2272 Sardiniae.

276 2301 382 2336 Adde
398 2302 568 2337 ultimum
588 2307 757 2337 terrorem
777 2314 819 2336 ac
840 2314 1023 2349 pavorem,
1046 2307 1164 2337 castra
1184 2302 1325 2337 Punica
1343 2303 1401 2336 in-

280 2370 331 2401 ter
352 2366 525 2402 Anienem
552 2371 586 2401 et
604 2367 733 2402 moenia
752 2366 922 2401 Romana
941 2367 1074 2414 posita,
1096 2371 1131 2401 et
1150 2367 1262 2401 visam
1286 2375 1400 2413 prope
1419 2390 1422 2393 -
