1507 2630
277 141 307 180 4
734 140 778 168 T.
803 140 937 170 L1v11

81 238 124 268 U.
141 238 177 268 C.
196 230 456 278 433.Zinquitur
484 229 595 277 inopi,
616 234 656 266 at
683 241 746 278 ego
775 232 823 267 ad
852 232 953 267 Deos
979 231 1135 267 vindices
1162 229 1394 266 intolerandae

83 283 126 312 Α·
140 282 176 312 C·
193 289 448 343 3¹9·superbiae
472 294 676 343 confugiam
691 311 703 338 ;
732 300 767 331 et
781 296 965 344 precabor,
986 301 1028 332 ut
1053 298 1126 332 iras
1145 308 1227 332 suas
1252 297 1394 331 vertant

80 1127 241 1158 Samnites

79 1172 119 1201 ad
137 1171 221 1201 Cau-

80 1215 173 1244 dium
189 1223 241 1244 ca-

79 1263 144 1287 stra
160 1256 207 1287 10-

79 1306 165 1331 cant.

280 361 316 395 in
335 371 404 402 eos,
426 359 549 408 quibus
576 371 647 394 non
675 371 747 396 suoe
774 362 923 397 redditae
949 373 1015 403 res,
1036 372 1106 397 non
1129 361 1254 396 alienae
1282 359 1391 394 adcu-

277 425 423 460 mulatce
439 425 527 459 satis
554 425 649 467 sint‚·
679 436 829 472 quorum
858 426 1030 461 soevitiam
1058 437 1128 460 uon
1147 436 1241 460 ‘mors
1268 424 1392 458 noxio-

276 499 369 529 rum,
401 499 471 523 non
497 488 630 523 deditio
659 489 945 523 exanimatorum
974 500 1174 535 corporum,
1205 499 1276 523 non
1305 487 1395 522 bona

275 554 458 600 sequentia
494 553 629 587 domini
665 553 881 587 deditionem
917 554 1101 588 exsatient.
1146 552 1298 587 Piacari
1332 561 1396 586 ne-

278 622 423 666 queunt,
454 618 523 651 nisi
552 617 788 652 hauriendum
809 618 1018 664 sanguinem
1049 616 1292 663 laniandaque
1322 615 1394 650 vis-

277 692 359 716 cera
382 684 505 715 nostra
526 679 791 728 prcebuerimus.
822 680 969 716 Justum
998 684 1049 716 est
1074 679 1217 721 bellum,
1249 679 1395 714 Samni-

276 749 340 786 tes,
363 744 485 791 quibus
502 744 731 779 necessarium
745 760 759 787 ;
788 748 824 778 et
840 745 902 791 pia
922 756 1038 786 arma,
1060 743 1184 791 quibus
1207 743 1311 778 nulla
1329 742 1398 777 nisi

275 810 313 844 in
333 810 444 844 armis
470 809 685 856 relinquitur
710 820 798 856 spes.
841 809 1012 850 Proinde,
1044 819 1152 855 quum
1179 818 1300 842 rerum
1329 805 1394 841 hu-

274 883 467 907 manarum
503 873 699 907 maximum
734 876 951 908 momentum
986 872 1046 913 sit,
1086 882 1193 919 quam
1225 870 1397 918 propitiis

275 948 365 979 rem,
405 949 511 984 quam
544 937 698 972 adversis
734 942 846 984 agant
882 937 982 979 Diis,
1019 948 1085 984 pro
1123 939 1219 970 certo
1257 934 1396 976 habete,

272 1002 399 1049 priora
420 1000 512 1036 bella
532 1001 700 1036 adversus
718 1001 819 1037 Deos
846 1002 970 1048 magis,
993 1012 1101 1048 quam
1127 999 1297 1041 homines,
1315 1009 1396 1045 ges-

274 1066 358 1100 sisse
370 1082 380 1108 ,·
410 1065 490 1107 Jioc,
512 1066 605 1113 quod
625 1067 747 1107 instat,
768 1066 916 1102 ducibus
934 1066 1019 1113 ipsis
1042 1065 1126 1101 Diis
1141 1068 1313 1112 gesturos.

332 1128 386 1165 ΙΙ.
415 1129 527 1172 Haec,
545 1142 621 1165 non
642 1129 730 1165 laeta
748 1130 883 1178 magis,
902 1142 1014 1178 quam
1034 1141 1136 1171 vera,
1153 1127 1395 1169 vaticinatus,

278 1194 447 1228 exercitu
467 1194 619 1232 educto,
641 1194 741 1228 circa
761 1193 949 1228 Caudium
979 1197 1251 1239 castra,‘quam
1270 1194 1399 1239 potest

277 1253 547 1296 occultissime,
568 1251 693 1289 locat:
726 1252 814 1288 iude
834 1255 882 1288 ad
902 1252 1104 1294 Calatiam,
1123 1251 1285 1301 ubijam
1303 1265 1398 1288 con-

275 1318 374 1356 sules
401 1317 601 1353 Romanos
626 1323 823 1366 castraque
850 1329 931 1353 esse
957 1315 1149 1359 audiebat,
1176 1316 1314 1352 milites
1333 1316 1399 1353 de-

276 1396 358 1420 cem
396 1389 592 1433 pastorum
630 1381 766 1418 habitu
798 1382 939 1417 mittit:
972 1394 1185 1431 pecoraque
1216 1381 1396 1425 diversos,

276 1447 393 1485 alium
432 1446 537 1489 alibi,
576 1446 677 1482 haud
716 1446 848 1495 procul
879 1446 1066 1482 Romanis
1101 1459 1255 1496 pascere
1284 1445 1400 1496 jubet

277 1512 484 1564 praesidiis:
525 1510 591 1547 ubi
627 1511 831 1547 inciderint
868 1512 907 1548 in
940 1512 1184 1561 praedatores,
1223 1517 1266 1547 ut
1298 1511 1399 1548 idem

278 1577 456 1615 omnibus
484 1588 608 1612 sermo
628 1583 791 1620 constet,
813 1579 966 1625 legiones
993 1578 1214 1614 Samnitium
1237 1579 1275 1613 in
1294 1578 1398 1626 Apu-

280 1643 331 1678 lia
359 1653 443 1684 esse,
474 1641 668 1677 Luceriam
704 1642 864 1677 omnibus
892 1643 1000 1690 copiis
1027 1643 1307 1678 circumsedere:
1337 1655 1400 1679 nee

275 1707 406 1756 procul
434 1706 561 1748 abesse,
584 1707 667 1754 quin
694 1707 731 1741 vi
758 1708 916 1754 capiant.
959 1707 1047 1742 Jam
1067 1706 1097 1742 is
1128 1706 1241 1742 etiam
1270 1719 1401 1743 rumor

281 1776 384 1813 ante,
406 1771 451 1807 de
480 1770 667 1806 industria
695 1769 886 1818 vulgatus,
916 1776 1071 1806 venerat
1099 1770 1147 1807 ad
1174 1770 1399 1817 Romanos5

281 1836 347 1871 sed
366 1834 478 1871 fidem
508 1846 645 1870 auxere
675 1835 829 1883 captivi,
861 1847 906 1870 eo
936 1835 1114 1877 maxime,
1146 1834 1247 1883 quod
1276 1847 1400 1872 sermo

281 1898 382 1936 inter
410 1910 541 1935 omnes
572 1898 818 1946 congruebat.
862 1897 979 1934 Haud
1008 1903 1089 1933 erat
1117 1897 1287 1940 dubium,
1309 1899 1401 1946 quin

283 1962 482 2000 Lucerinis
504 1974 614 2011 opem
646 1961 846 1998 Romanus
866 1961 996 2005 ferret,
1022 1961 1134 1997 bonis
1165 1973 1208 1996 ac
1227 1960 1400 1998 fidelibus

284 2028 422 2072 sociis5
455 2026 566 2063 simul
594 2039 642 2063 ne
671 2026 811 2076 Apulia
840 2026 962 2062 onmis
996 2026 1043 2062 ad
1072 2031 1296 2075 praesentem
1326 2032 1403 2062 ter-

284 2104 410 2129 rorem
447 2090 645 2127 deficeret:
679 2103 722 2126 ea
759 2090 887 2133 modo,
922 2103 996 2139 qua
1028 2090 1140 2132 irent,
1171 2089 1402 2127 consultatio

280 2155 370 2192 fuit.
410 2154 508 2191 Duae
529 2155 575 2190 ad
592 2154 796 2190 Luceriam
811 2153 985 2190 ferebant
1002 2153 1067 2188 viae
1084 2169 1093 2198 3
1128 2151 1246 2188 altera
1265 2159 1402 2203 praeter

286 2231 394 2255 oram
413 2216 552 2269 'superi
582 2220 694 2256 maris
729 2225 862 2269 patens
897 2224 1115 2268 apertaque,
1147 2217 1226 2260 sed,
1257 2224 1401 2266 quanto

288 2284 421 2328 tutior,
441 2289 552 2321 tanto
570 2284 650 2322 fere
668 2283 824 2334 longior
835 2300 847 2330 ς,
880 2283 997 2320 altera
1016 2295 1084 2335 per
1097 2281 1278 2320 Furculas
1300 2283 1399 2320 Cau-
