1527 2661
385 216 538 246 tun-:R
563 214 707 244 xxvn
741 215 848 244 CAP.
872 214 1027 243 XLIII.
1179 203 1261 256 561

148 303 346 356 Hispaniae
366 317 445 348 ora,
461 317 536 354 qua
554 311 687 341 nostro
704 302 853 355 adjacet
871 304 977 340 marI.
1034 301 1161 340 Nemo
1176 315 1257 340 om·
1270 307 1314 343 U.
1326 311 1364 342 C.
1383 317 1457 344 ⁵42.

144 370 264 413 nium,
294 382 369 419 quo
401 369 532 413 iretur,
563 369 720 413 sciebat,
754 374 890 419 praeter
920 367 1150 406 C.Laelium.
1205 355 1455 412 Is,A·c·²¹⁰·

146 432 264 469 classe
293 433 585 477 circummissus,
619 434 673 469 ita
705 432 893 469 moderari
926 444 1075 468 cursum
1108 432 1262 469 navium

138 495 268 546 jussus
298 504 392 541 erat,
414 504 456 533 ut
485 498 615 534 eodem
635 504 807 547 tempore
826 497 1012 533 exercitus
1043 496 1260 532 ostendere-

142 565 219 603 tur,
233 566 271 596 et
286 560 414 597 classis
430 567 582 612 portum
599 562 769 597 intraret.
818 560 988 611 Septimo
1004 560 1063 596 die
1083 559 1130 595 ab
1146 559 1261 596 Ibero

142 622 423 673 Karthaginem
441 631 597 662 ventum
623 631 680 661 est
699 623 810 661 simul
835 631 935 661 terra
953 623 1145 674 marique:
1178 635 1259 660 cas-

140 693 201 725 tra
219 688 266 725 ab
287 690 442 738 regione
461 689 578 733 urbis,
598 702 672 739 qua
690 690 730 726 in
749 689 1047 740 septentrionem
1060 700 1168 725 versa
1186 695 1257 732 est,

142 752 290 801 posita:
322 753 381 789 his
411 753 458 790 ab
478 760 588 803 tergo
620 756 725 802 (nam
744 752 850 789 frons
880 760 1017 789 natura
1044 758 1129 789 tuta
1157 752 1256 799 erat)

139 817 280 854 vallum
310 818 516 868 objectum.
574 818 752 855 Ceterum
779 819 851 855 sita
879 817 1083 867 Karthago
1113 818 1167 853 sic
1187 822 1256 854 est.

140 882 251 919 Sinus
279 889 337 919 est
360 883 473 919 maris
503 883 624 919 media
644 882 723 919 fere
752 882 950 932 Hispaniae
983 895 1064 924 ora,
1095 882 1258 917 maxime

139 945 274 982 Africo
291 953 406 982 vento
426 946 639 995 obpositus,
661 952 698 981 et
718 947 948 994 quingentos
964 958 1095 995 passus
1115 946 1256 980 intror-

139 1020 202 1044 sus
227 1014 426 1051 retractus,
447 1008 617 1058 paullulo
643 1007 727 1057 plus
754 1020 933 1057 passuum
951 1008 989 1043 in
1016 1007 1258 1043 latitudinem

137 1079 296 1122 patens:
328 1071 440 1122 hujus
460 1073 499 1108 in
519 1073 620 1107 ostio
640 1073 742 1108 sinus
762 1084 878 1122 parva
896 1071 1021 1107 insula
1036 1070 1190 1121 objecta
1208 1070 1256 1107 ab

139 1135 218 1171 alto
237 1142 389 1186 portum
417 1135 463 1172 ab
484 1135 660 1171 omnibus
680 1136 816 1178 ventis,
837 1141 1087 1185 praeterquam
1106 1134 1254 1178 Africo,

137 1204 260 1235 tutum
280 1199 396 1237 facit:
429 1199 476 1236 ab
496 1200 632 1235 intimo
658 1200 744 1235 sinu
769 1198 967 1249 peninsula
993 1199 1172 1242 excurrit,
1192 1205 1254 1235 tu-

136 1263 260 1300 mulus
280 1265 311 1300 is
337 1265 431 1314 ipse,
451 1264 490 1300 in
512 1277 587 1313 quo
607 1264 762 1300 condita
781 1263 869 1299 urbs
896 1270 966 1306 est,
988 1263 1035 1299 ab
1056 1270 1144 1299 ortu
1162 1262 1252 1300 solis

136 1334 174 1364 et
193 1342 216 1365 a
241 1328 395 1365 meridie
415 1330 540 1365 cincta
565 1329 682 1365 mari:
715 1328 762 1365 ab
783 1341 920 1364 occasu
943 1335 1121 1376 stagnum
1149 1326 1252 1363 clau-

134 1393 203 1436 dit,
224 1393 392 1443 paullum
412 1400 449 1430 et
469 1394 515 1430 ad
531 1394 828 1443 septentrionem
841 1393 991 1438 fusum,
1024 1393 1176 1428 incertae
1197 1390 1252 1427 al-

131 1457 320 1500 titudinis,
341 1463 545 1506 utcumque
564 1463 747 1493 exaestuat
767 1464 832 1492 aut
851 1456 977 1492 deficit
993 1468 1107 1492 mare.
1146 1455 1254 1492 Con-

131 1521 270 1557 tinenti
294 1520 426 1558 urbem
445 1520 584 1571 jugum
603 1522 786 1557 ducentos
806 1520 885 1556 fere
911 1526 950 1555 et
974 1519 1253 1567 quinquaginta

131 1596 263 1635 passus
278 1591 411 1635 patens
429 1584 652 1635 conjungit:
686 1585 783 1621 unde
799 1597 914 1633 quum
933 1590 1012 1620 tarn
1031 1584 1136 1633 parvi
1159 1595 1270 1633 ope-¹

135 1648 184 1684 ris
204 1649 367 1685 munitio
387 1657 499 1694 esset,
519 1663 598 1687 non
621 1650 764 1701 objecit
782 1651 922 1687 vallum
942 1652 1149 1699 imperator
1166 1648 1251 1685 Ro-

134 1724 290 1749 manus:
323 1726 389 1750 seu
410 1713 582 1752 fiduciam
613 1716 715 1751 hosti
744 1715 904 1765 superbe
933 1721 1144 1756 ostentanS,
1171 1714 1249 1750 sive

133 1784 175 1814 ut
194 1777 371 1814 subeunti
391 1792 489 1829 saepe
509 1781 555 1817 ad
574 1782 715 1817 moenia
736 1781 837 1816 urbis
857 1792 1028 1816 recursus
1048 1785 1207 1829 pateret.

186 1843 341 1881 XLIII.
372 1845 522 1888 Cetera,
549 1857 631 1894 quae
658 1845 861 1881 munienda
887 1851 1008 1887 erant,
1028 1856 1142 1893 quum
1162 1855 1248 1893 per-

132 1907 298 1950 fecisset,
318 1920 432 1944 naves
452 1909 566 1945 etiam
581 1909 619 1944 in
640 1915 766 1958 portu,
783 1907 886 1944 velut
904 1908 1132 1943 maritimam
1153 1919 1247 1956 quo-

133 1983 204 2020 que
224 1977 420 2007 ostentans
449 1972 700 2015 obsidionem,
721 1972 923 2007 instruxit:
957 1972 1248 2007 circumvectus-

131 2046 203 2084 que
223 2035 394 2078 classem,
415 2047 530 2084 quum
558 2035 769 2071 monuisset
794 2034 992 2084 praefectos
1017 2034 1184 2076 navium,
1205 2039 1249 2069 ut

128 2098 277 2147 vigilias
306 2106 512 2135 nocturnas
542 2099 680 2135 intenti
714 2105 918 2142 servarent,
950 2098 1078 2134 omnia
1106 2097 1247 2146 ubique

127 2162 251 2212 primo
271 2162 466 2199 obsessum
484 2162 634 2199 hostem
655 2163 806 2199 conari:
839 2174 1028 2211 regressus
1048 2161 1087 2196 in
1107 2166 1244 2205 castra,

131 2231 175 2261 ut
203 2226 351 2262 consilii
372 2227 429 2262 sui
457 2227 660 2270 rationem,
686 2226 788 2275 quod
817 2225 864 2262 ab
883 2225 975 2262 urbe
1004 2224 1244 2274 potissimum

132 2288 388 2339 obpugnanda
402 2289 543 2326 bellum
559 2302 665 2326 orsus
683 2296 794 2333 esset,
812 2289 994 2325 militibus
1011 2287 1241 2331 ostenderet,

131 2358 169 2389 et
187 2364 294 2405 spem
311 2354 505 2405 potiundae
533 2353 772 2391 cohortando
790 2353 946 2399 faceret,
967 2351 1152 2390 concione
1180 2350 1244 2387 ad-

626 2418 660 2455 B
678 2417 702 2456 b
723 2419 745 2456 5
