1527 2661
341 230 493 259 LIBER
518 228 626 256 xxi.
657 226 765 255 cAP.
788 226 892 255 LVI.
1088 221 1169 268 215

6 332 11 356 τ
66 325 176 356 natos
197 319 318 355 media
337 318 416 354 acie
436 316 474 352 in
501 321 721 357 extremam,
752 314 797 350 ad
816 315 1009 350 sinistrum
1036 327 1169 358 cornu,
1185 326 1227 362 U,
1237 328 1274 358 C.
1290 335 1362 361 ⁵34,

68 384 242 419 adversus
269 381 401 418 Gallos
418 380 617 417 auxiliares
638 379 699 427 agi
712 377 829 428 jussit
848 377 1055 414 Hannibal.
1092 380 1171 415 Ex·
1186 375 1223 404 A·
1239 373 1276 405 C·
1291 381 1365 405 213·

66 446 208 496 templo
227 445 328 483 haud
346 445 499 481 dubiam
524 443 646 479 fecere
671 442 824 490 fugam:
857 442 1002 478 additus
1023 455 1172 491 quoque

9 501 11 506 ¹
65 521 183 545 novus
204 515 325 545 terror
344 507 544 549 Romanis,
566 514 607 541 ut
632 505 716 541 fusa
741 505 883 541 auxilia
900 517 966 541 sua
986 506 1172 543 viderunt.

66 572 214 621 Itaque,
235 585 350 622 quum
373 572 454 623 jam
480 572 519 606 in
543 570 672 606 orbem
696 576 922 619 pugnarent,
942 570 1069 606 decem
1087 570 1171 606 mil·
1186 581 1367 612 Vincuntur

10 629 11 635 ¹
65 636 115 672 lia
139 637 257 673 ferme
284 637 495 678 hominum,
521 647 634 684 quum
663 633 726 670 alii
756 634 910 669 evadere
937 635 1170 682 nequissent,
1184 624 1334 655 R⁰m³¹¹i·

63 701 187 737 media
217 702 396 737 Afrorum
427 701 520 741 acie,
548 712 630 747 quae
661 697 816 733 Gallicis
848 698 995 733 auxiliis
1027 698 1174 735 firmata

63 770 157 806 erat,
176 777 260 799 cum
276 764 422 812 ingenti
442 762 542 797 caede
562 760 728 796 bostium
748 773 968 810 perrupere:
993 768 1044 805 et,
1058 775 1174 811 quum

7 810 9 817 Α
61 838 183 875 neque
202 827 240 862 in
262 834 384 862 castra
403 826 544 861 reditus
568 830 665 859 esset
685 823 839 859 flumine
858 824 1085 869 interclusis,
1106 839 1172 862 ne·

62 902 133 938 que
165 902 241 939 prae
277 889 389 925 imbri
423 889 513 924 satis
548 887 747 923 decernere
784 893 953 936 possent,
988 901 1063 936 qua
1095 891 1170 925 suis

10 973 11 985 κ
61 966 172 1003 opem
205 953 360 996 ferrent,
398 951 632 988 Placentiam
664 956 769 986 recto
798 951 932 987 itinere
961 964 1172 1001 perrexere.

1 1023 11 1056 ἦ
60 1016 190 1053 Plures
216 1018 350 1053 deinde
371 1018 408 1052 iu
429 1028 558 1052 omnes
579 1022 704 1064 partes
725 1016 942 1065 eruptiones
962 1015 1093 1062 factae3
1116 1023 1168 1061 et,

2 1129 6 1133 ἱ
59 1081 123 1129 qui
141 1080 278 1117 flumen
299 1081 454 1131 petiere,
476 1087 539 1114 aut
560 1078 773 1127 gurgitibus
794 1078 955 1114 absumti
981 1084 1082 1124 sunt,
1104 1086 1171 1116 aut

3 1193 7 1196 .
60 1144 158 1180 inter
186 1144 467 1180 cunctationem
493 1142 725 1191 ingrediendi
753 1142 799 1179 ab
818 1142 992 1179 hostibus
1012 1144 1170 1194 obpres-

9 1231 10 1249 ;
60 1208 113 1243 si:
146 1208 209 1255 qui
229 1209 368 1256 passim
388 1219 454 1256 per
472 1218 582 1254 agros
605 1206 697 1254 fuga
724 1207 842 1256 sparsi
868 1214 989 1251 erant,
1012 1209 1170 1257 vestigia

2 1309 10 1319 ,
59 1271 225 1307 cedentis
247 1277 443 1320 sequentes
465 1271 638 1319 agminis,
660 1270 892 1306 Placentiam
917 1272 1164 1307 contendere:
1180 1287 1376 1319 Placentiam

58 1334 141 1370 aliis
161 1336 275 1371 timor
295 1336 461 1371 hostium
481 1335 676 1370 audaciam
695 1334 929 1383 ingrediendi
952 1334 1090 1372 flumen
1109 1335 1166 1372 fe-
1178 1330 1316 1371 fugium,

8 1426 9 1431 ,
56 1398 122 1441 cit,
138 1399 435 1446 transgressique
449 1399 488 1433 in
509 1405 632 1433 eastra
646 1405 909 1447 pervenerunt.
939 1398 1067 1435 Imber
1080 1400 1167 1436 nive

8 1474 9 1486 ¹
57 1461 210 1504 mixtus,
233 1467 270 1497 et
288 1461 526 1497 intoleranda
545 1462 599 1496 vis
625 1461 792 1510 frigoris,
820 1468 857 1497 et
877 1462 1048 1498 homines
1070 1463 1165 1499 mul-

56 1535 130 1574 tos,
152 1536 190 1566 et
201 1529 390 1580 jumenta,
412 1537 449 1566 et
464 1530 687 1580 elephantos
708 1543 826 1581 prope
846 1543 991 1574 omnes,
1013 1531 1165 1568 absum-

8 1621 9 1643 ἒ
55 1595 116 1631 sit.
171 1594 275 1630 Finis
305 1595 525 1643 insequendi
554 1594 674 1630 hostis
704 1594 834 1630 Poenis
860 1594 998 1631 flumen
1024 1594 1165 1632 Trebia

8 1687 9 1692 ,
56 1657 152 1693 fuit:
185 1658 294 1694 etita
313 1664 506 1707 torpentes
533 1658 619 1706 gelu
640 1658 678 1693 in
706 1664 828 1693 castra
854 1659 1009 1701 rediere,
1040 1666 1083 1695 ut
1101 1661 1164 1696 vix

56 1721 226 1758 laetitiam
257 1722 425 1757 victoriae
461 1723 656 1758 sentirent.
725 1721 858 1770 Itaque
904 1728 1017 1758 nocte
1064 1723 1163 1759 inse-

55 1786 200 1835 quenti,
233 1798 347 1834 quum
376 1785 591 1835 praesidium
621 1792 844 1828 castrorum,
879 1791 916 1820 et
944 1786 1046 1834 quod
1076 1787 1162 1822 reli„

7 1845 8 1867 ³
57 1862 171 1898 quum
201 1862 247 1885 ex
275 1861 413 1897 magna
441 1855 547 1898 parte
576 1849 738 1884 militum
769 1856 862 1892 e1at,
895 1849 1038 1885 ratibus
1068 1849 1162 1887 Tre-

7 1949 8 1952 ,
54 1912 156 1949 biam
175 1912 406 1963 trajicerent,
428 1919 493 1949 aut
511 1913 605 1948 nihil
632 1926 794 1954 sensere,
816 1913 1058 1962 obstrepente
1077 1913 1158 1964 plu·

7 1981 8 2023 ζ
55 1976 140 2021 via;
177 1982 256 2019 aut,
284 1976 372 2024 quia
393 1975 476 2025 jam
503 1977 645 2012 moveri
674 1989 748 2026 prae
778 1977 999 2014 lassitudine
1027 1980 1160 2029 nequi·

6 2034 8 2047 ¹
54 2039 146 2076 bant
165 2053 208 2075 ac
227 2039 457 2082 vulneribus,
479 2041 617 2076 sentire
638 2053 717 2075 sese
743 2040 1044 2078 dissimularunt:
1077 2045 1159 2092 qui-

6 2149 7 2154 *
52 2103 196 2151 etisque
226 2102 369 2145 Poenis,
399 2103 517 2138 tacito
547 2104 698 2151 agmine
726 2103 774 2139 ab
802 2103 979 2154 Scipione
1006 2106 1159 2142 consule

55 2167 239 2202 exercitus
261 2166 496 2202 Placentiam
516 2173 572 2202 est
592 2168 790 2216 perductus
811 2183 818 2203 ι
851 2168 938 2203 inde
958 2167 1062 2204 Pado
1082 2176 1160 2205 tra-

48 2228 172 2278 jectus
203 2230 443 2274 Cremonam,
473 2243 522 2266 ne
548 2231 706 2267 duorum
733 2232 966 2267 exercituum
991 2233 1158 2268 hibernis

55 2304 129 2328 una
147 2292 297 2329 colonia
314 2300 558 2343 premeretur.

106 2355 230 2393 LVII.
258 2356 423 2394 Romam
443 2363 570 2394 tantus
591 2364 711 2394 terror
737 2371 783 2394 ex
809 2359 881 2394 hac
906 2357 1009 2394 clade
1035 2357 1156 2408 perla-
