<?xml version="1.0" encoding="UTF-8"?>
<!DOCTYPE html PUBLIC "-//W3C//DTD XHTML 1.0 Transitional//EN"
    "http://www.w3.org/TR/xhtml1/DTD/xhtml1-transitional.dtd">
<html xmlns="http://www.w3.org/1999/xhtml" xml:lang="en" lang="en">
 <head>
  <title>
</title>
<meta http-equiv="Content-Type" content="text/html;charset=utf-8" />
  <meta name='ocr-system' content='tesseract 3.04.00' />
  <meta name='ocr-capabilities' content='ocr_page ocr_carea ocr_par ocr_line ocrx_word'/>
</head>
<body>
  <div class='ocr_page' id='page_1' title='image "./historiarumquaes02livyuoft/historiarumquaes02livyuoft_0296.png"; bbox 0 0 1527 2661; ppageno 0'>
   <div class='ocr_carea' id='block_1_1' title="bbox 95 276 279 352">
    <p class='ocr_par' dir='ltr' id='par_1_1' title="bbox 95 276 279 352">
     <span class='ocr_line' id='line_1_1' title="bbox 95 276 279 309; baseline 0.005 -2"><span class='ocrx_word' id='word_1_1' title='bbox 95 276 140 307; x_wconf 78' lang='lat' dir='ltr'><em>U.</em></span> <span class='ocrx_word' id='word_1_2' title='bbox 152 276 188 307; x_wconf 87' lang='lat' dir='ltr'><em>C.</em></span> <span class='ocrx_word' id='word_1_3' title='bbox 207 281 279 309; x_wconf 71' lang='lat'><strong>536.</strong></span> 
     </span>
     <span class='ocr_line' id='line_1_2' title="bbox 95 320 278 352; baseline -0.005 -1"><span class='ocrx_word' id='word_1_4' title='bbox 95 321 136 351; x_wconf 77' lang='lat' dir='ltr'><em>A.</em></span> <span class='ocrx_word' id='word_1_5' title='bbox 150 320 188 351; x_wconf 84' lang='lat' dir='ltr'><em>C.</em></span> <span class='ocrx_word' id='word_1_6' title='bbox 204 324 278 352; x_wconf 83' lang='lat'><strong>216.</strong></span> 
     </span>
    </p>
   </div>
   <div class='ocr_carea' id='block_1_2' title="bbox 96 2018 273 2137">
    <p class='ocr_par' dir='ltr' id='par_1_2' title="bbox 96 2018 273 2137">
     <span class='ocr_line' id='line_1_3' title="bbox 102 2018 266 2050; baseline -0.012 0"><span class='ocrx_word' id='word_1_7' title='bbox 102 2018 266 2050; x_wconf 72' lang='lat' dir='ltr'>Hannibal</span> 
     </span>
     <span class='ocr_line' id='line_1_4' title="bbox 96 2071 230 2093; baseline -0.007 0"><span class='ocrx_word' id='word_1_8' title='bbox 96 2071 230 2093; x_wconf 66' lang='lat' dir='ltr'><em>*vlctorla</em></span> 
     </span>
     <span class='ocr_line' id='line_1_5' title="bbox 100 2106 273 2137; baseline -0.006 0"><span class='ocrx_word' id='word_1_9' title='bbox 100 2107 147 2137; x_wconf 70' lang='lat' dir='ltr'><em>‘uti</em></span> <span class='ocrx_word' id='word_1_10' title='bbox 165 2106 273 2137; x_wconf 87' lang='lat' dir='ltr'><em>nescit.</em></span> 
     </span>
    </p>
   </div>
   <div class='ocr_carea' id='block_1_3' title="bbox 285 157 931 216">
    <p class='ocr_par' dir='ltr' id='par_1_3' title="bbox 285 157 931 216">
     <span class='ocr_line' id='line_1_6' title="bbox 285 157 931 216; baseline 0.002 -1"><span class='ocrx_word' id='word_1_11' title='bbox 285 171 363 215; x_wconf 87' lang='lat'><em>286</em></span> <span class='ocrx_word' id='word_1_12' title='bbox 729 186 775 214; x_wconf 81' lang='lat' dir='ltr'><em>T.</em></span> <span class='ocrx_word' id='word_1_13' title='bbox 799 157 931 216; x_wconf 66' lang='lat' dir='ltr'>L1{r11</span> 
     </span>
    </p>
   </div>
   <div class='ocr_carea' id='block_1_4' title="bbox 289 274 1437 2396">
    <p class='ocr_par' dir='ltr' id='par_1_4' title="bbox 289 274 1437 2008">
     <span class='ocr_line' id='line_1_7' title="bbox 291 274 1396 323; baseline 0.007 -11"><span class='ocrx_word' id='word_1_14' title='bbox 291 276 455 312; x_wconf 75' lang='lat' dir='ltr'><em>videlicet</em></span> <span class='ocrx_word' id='word_1_15' title='bbox 468 275 578 323; x_wconf 81' lang='lat' dir='ltr'><em>plena</em></span> <span class='ocrx_word' id='word_1_16' title='bbox 597 274 749 312; x_wconf 77' lang='lat' dir='ltr'><em>hostium</em></span> <span class='ocrx_word' id='word_1_17' title='bbox 768 280 888 313; x_wconf 84' lang='lat' dir='ltr'><em>omnia</em></span> <span class='ocrx_word' id='word_1_18' title='bbox 906 280 943 314; x_wconf 86' lang='lat' dir='ltr'><em>z&#39;n</em></span> <span class='ocrx_word' id='word_1_19' title='bbox 963 280 1078 315; x_wconf 80' lang='lat' dir='ltr'><em>medio</em></span> <span class='ocrx_word' id='word_1_20' title='bbox 1091 285 1202 317; x_wconf 80' lang='lat' dir='ltr'><em>essent</em></span> <span class='ocrx_word' id='word_1_21' title='bbox 1213 298 1225 318; x_wconf 86' lang='lat'><em>.·</em></span> <span class='ocrx_word' id='word_1_22' title='bbox 1253 286 1288 318; x_wconf 84' lang='lat' dir='ltr'><em>et</em></span> <span class='ocrx_word' id='word_1_23' title='bbox 1306 282 1396 320; x_wconf 80' lang='lat' dir='ltr'><em>alio·</em></span> 
     </span>
     <span class='ocr_line' id='line_1_8' title="bbox 291 345 1398 393; baseline 0.006 -16"><span class='ocrx_word' id='word_1_24' title='bbox 291 353 385 383; x_wconf 80' lang='lat' dir='ltr'><em>rum,</em></span> <span class='ocrx_word' id='word_1_25' title='bbox 402 353 510 389; x_wconf 82' lang='lat' dir='ltr'><em>quam</em></span> <span class='ocrx_word' id='word_1_26' title='bbox 527 353 605 383; x_wconf 84' lang='lat' dir='ltr'><em>sua,</em></span> <span class='ocrx_word' id='word_1_27' title='bbox 623 352 773 389; x_wconf 84' lang='lat' dir='ltr'><em>corpora</em></span> <span class='ocrx_word' id='word_1_28' title='bbox 789 346 888 378; x_wconf 81' lang='lat' dir='ltr'><em>tanto</em></span> <span class='ocrx_word' id='word_1_29' title='bbox 904 345 1066 391; x_wconf 83' lang='lat' dir='ltr'><em>periculo</em></span> <span class='ocrx_word' id='word_1_30' title='bbox 1080 346 1229 382; x_wconf 78' lang='lat' dir='ltr'><em>mallent</em></span> <span class='ocrx_word' id='word_1_31' title='bbox 1243 346 1398 393; x_wconf 79' lang='lat' dir='ltr'><em>objicere.</em></span> 
     </span>
     <span class='ocr_line' id='line_1_9' title="bbox 289 403 1396 457; baseline 0.005 -16"><span class='ocrx_word' id='word_1_32' title='bbox 289 403 386 442; x_wconf 83' lang='lat' dir='ltr'><em>Aliis</em></span> <span class='ocrx_word' id='word_1_33' title='bbox 406 417 484 440; x_wconf 90' lang='lat' dir='ltr'><em>non</em></span> <span class='ocrx_word' id='word_1_34' title='bbox 503 410 581 439; x_wconf 85' lang='lat' dir='ltr'><em>tam</em></span> <span class='ocrx_word' id='word_1_35' title='bbox 600 405 789 441; x_wconf 80' lang='lat' dir='ltr'><em>sententia</em></span> <span class='ocrx_word' id='word_1_36' title='bbox 806 405 1016 456; x_wconf 83' lang='lat' dir='ltr'><strong>displicere,</strong></span> <span class='ocrx_word' id='word_1_37' title='bbox 1037 421 1149 457; x_wconf 87' lang='lat' dir='ltr'><em>quam</em></span> <span class='ocrx_word' id='word_1_38' title='bbox 1169 410 1315 446; x_wconf 84' lang='lat' dir='ltr'><em>animus</em></span> <span class='ocrx_word' id='word_1_39' title='bbox 1331 410 1396 447; x_wconf 87' lang='lat' dir='ltr'><em>de·-</em></span> 
     </span>
     <span class='ocr_line' id='line_1_10' title="bbox 291 468 1395 520; baseline 0.005 -13"><span class='ocrx_word' id='word_1_40' title='bbox 291 482 382 507; x_wconf 84' lang='lat' dir='ltr'><em>esse.</em></span> <span class='ocrx_word' id='word_1_41' title='bbox 438 469 482 505; x_wconf 93' lang='lat' dir='ltr'><em>P.</em></span> <span class='ocrx_word' id='word_1_42' title='bbox 502 468 744 520; x_wconf 83' lang='lat' dir='ltr'>Sempronius</span> <span class='ocrx_word' id='word_1_43' title='bbox 773 469 986 506; x_wconf 81' lang='lat' dir='ltr'>Tuditanus</span> <span class='ocrx_word' id='word_1_44' title='bbox 1014 472 1189 509; x_wconf 84' lang='lat' dir='ltr'><em>tribunus</em></span> <span class='ocrx_word' id='word_1_45' title='bbox 1218 474 1395 519; x_wconf 87' lang='lat' dir='ltr'><em>militum,</em></span> 
     </span>
     <span class='ocr_line' id='line_1_11' title="bbox 290 533 1398 582; baseline 0.005 -11"><span class='ocrx_word' id='word_1_46' title='bbox 290 535 384 582; x_wconf 85' lang='lat' dir='ltr'><em>Capi</em></span> <span class='ocrx_word' id='word_1_47' title='bbox 401 546 484 581; x_wconf 87' lang='lat' dir='ltr'><em>ergo</em></span> <span class='ocrx_word' id='word_1_48' title='bbox 512 534 692 575; x_wconf 77' lang='lat' dir='ltr'><em>mavultis,</em></span> <span class='ocrx_word' id='word_1_49' title='bbox 713 533 850 582; x_wconf 89' lang='lat' dir='ltr'><em>inquit,</em></span> <span class='ocrx_word' id='word_1_50' title='bbox 870 534 914 569; x_wconf 85' lang='lat' dir='ltr'><em>ab</em></span> <span class='ocrx_word' id='word_1_51' title='bbox 940 537 1148 572; x_wconf 82' lang='lat' dir='ltr'><em>avarissimo</em></span> <span class='ocrx_word' id='word_1_52' title='bbox 1166 542 1200 573; x_wconf 85' lang='lat' dir='ltr'><em>et</em></span> <span class='ocrx_word' id='word_1_53' title='bbox 1229 540 1398 576; x_wconf 81' lang='lat' dir='ltr'><em>crudelis-</em></span> 
     </span>
     <span class='ocr_line' id='line_1_12' title="bbox 290 598 1403 652; baseline 0.004 -16"><span class='ocrx_word' id='word_1_54' title='bbox 290 600 379 636; x_wconf 78' lang='lat' dir='ltr'><em>simo</em></span> <span class='ocrx_word' id='word_1_55' title='bbox 398 598 506 641; x_wconf 77' lang='lat' dir='ltr'><em>hoste,</em></span> <span class='ocrx_word' id='word_1_56' title='bbox 527 599 764 645; x_wconf 72' lang='lat' dir='ltr'><em>oestimarique</em></span> <span class='ocrx_word' id='word_1_57' title='bbox 782 600 908 646; x_wconf 79' lang='lat' dir='ltr'><em>capita</em></span> <span class='ocrx_word' id='word_1_58' title='bbox 926 605 1057 644; x_wconf 83' lang='lat' dir='ltr'><em>vestra,</em></span> <span class='ocrx_word' id='word_1_59' title='bbox 1079 605 1114 637; x_wconf 83' lang='lat' dir='ltr'><em>et</em></span> <span class='ocrx_word' id='word_1_60' title='bbox 1131 604 1268 651; x_wconf 74' lang='lat' dir='ltr'><em>exquiri</em></span> <span class='ocrx_word' id='word_1_61' title='bbox 1284 606 1403 652; x_wconf 81' lang='lat' dir='ltr'><em>pretia</em></span> 
     </span>
     <span class='ocr_line' id='line_1_13' title="bbox 292 662 1400 711; baseline 0.004 -10"><span class='ocrx_word' id='word_1_62' title='bbox 292 664 337 701; x_wconf 89' lang='lat' dir='ltr'><em>ab</em></span> <span class='ocrx_word' id='word_1_63' title='bbox 364 663 674 711; x_wconf 77' lang='lat' dir='ltr'><em>interrogantibus,</em></span> <span class='ocrx_word' id='word_1_64' title='bbox 697 662 880 700; x_wconf 73' lang='lat' dir='ltr'><em>Romanus</em></span> <span class='ocrx_word' id='word_1_65' title='bbox 907 666 993 700; x_wconf 81' lang='lat' dir='ltr'><em>civis</em></span> <span class='ocrx_word' id='word_1_66' title='bbox 1018 667 1077 709; x_wconf 76' lang='lat' dir='ltr'><em>sis,</em></span> <span class='ocrx_word' id='word_1_67' title='bbox 1099 678 1146 702; x_wconf 83' lang='lat' dir='ltr'><em>an</em></span> <span class='ocrx_word' id='word_1_68' title='bbox 1165 667 1319 704; x_wconf 81' lang='lat' dir='ltr'><em>Latinus</em></span> <span class='ocrx_word' id='word_1_69' title='bbox 1344 681 1400 706; x_wconf 88' lang='lat' dir='ltr'><em>so-</em></span> 
     </span>
     <span class='ocr_line' id='line_1_14' title="bbox 290 729 1399 782; baseline 0.005 -17"><span class='ocrx_word' id='word_1_70' title='bbox 290 731 380 772; x_wconf 80' lang='lat' dir='ltr'><em>cius,</em></span> <span class='ocrx_word' id='word_1_71' title='bbox 400 734 441 765; x_wconf 88' lang='lat' dir='ltr'><em>ut</em></span> <span class='ocrx_word' id='word_1_72' title='bbox 459 741 499 765; x_wconf 73' lang='lat' dir='ltr'><em>ex</em></span> <span class='ocrx_word' id='word_1_73' title='bbox 516 733 580 765; x_wconf 81' lang='lat' dir='ltr'><em>tua</em></span> <span class='ocrx_word' id='word_1_74' title='bbox 599 729 813 765; x_wconf 77' lang='lat' dir='ltr'><em>contumelia</em></span> <span class='ocrx_word' id='word_1_75' title='bbox 831 733 867 764; x_wconf 82' lang='lat' dir='ltr'><em>et</em></span> <span class='ocrx_word' id='word_1_76' title='bbox 884 731 1027 766; x_wconf 80' lang='lat' dir='ltr'><em>miseria</em></span> <span class='ocrx_word' id='word_1_77' title='bbox 1053 732 1159 767; x_wconf 81' lang='lat' dir='ltr'><em>alteri</em></span> <span class='ocrx_word' id='word_1_78' title='bbox 1177 732 1286 769; x_wconf 77' lang='lat' dir='ltr'><em>honos</em></span> <span class='ocrx_word' id='word_1_79' title='bbox 1305 745 1399 782; x_wconf 79' lang='lat' dir='ltr'><em>quae-</em></span> 
     </span>
     <span class='ocr_line' id='line_1_15' title="bbox 291 794 1402 846; baseline 0.004 -16"><span class='ocrx_word' id='word_1_80' title='bbox 291 795 430 831; x_wconf 68' lang='lat' dir='ltr'><em>ratur?</em></span> <span class='ocrx_word' id='word_1_81' title='bbox 457 795 540 830; x_wconf 85' lang='lat' dir='ltr'><em>Non</em></span> <span class='ocrx_word' id='word_1_82' title='bbox 566 799 629 830; x_wconf 81' lang='lat' dir='ltr'><em>tu:</em></span> <span class='ocrx_word' id='word_1_83' title='bbox 655 795 686 830; x_wconf 79' lang='lat' dir='ltr'><em>si</em></span> <span class='ocrx_word' id='word_1_84' title='bbox 704 795 850 842; x_wconf 79' lang='lat' dir='ltr'><em>quidem</em></span> <span class='ocrx_word' id='word_1_85' title='bbox 869 794 913 830; x_wconf 92' lang='lat' dir='ltr'><em>L.</em></span> <span class='ocrx_word' id='word_1_86' title='bbox 928 794 1075 832; x_wconf 77' lang='lat' dir='ltr'><em>AEmilii</em></span> <span class='ocrx_word' id='word_1_87' title='bbox 1098 798 1260 841; x_wconf 76' lang='lat' dir='ltr'><em>consulis,</em></span> <span class='ocrx_word' id='word_1_88' title='bbox 1281 799 1343 846; x_wconf 77' lang='lat' dir='ltr'><em>qui</em></span> <span class='ocrx_word' id='word_1_89' title='bbox 1365 810 1402 834; x_wconf 87' lang='lat' dir='ltr'><em>se</em></span> 
     </span>
     <span class='ocr_line' id='line_1_16' title="bbox 293 859 1401 911; baseline 0.004 -16"><span class='ocrx_word' id='word_1_90' title='bbox 293 859 377 895; x_wconf 74' lang='lat' dir='ltr'><em>bene</em></span> <span class='ocrx_word' id='word_1_91' title='bbox 400 860 505 901; x_wconf 84' lang='lat' dir='ltr'><em>mori,</em></span> <span class='ocrx_word' id='word_1_92' title='bbox 526 870 631 906; x_wconf 71' lang='lat' dir='ltr'><em>quam</em></span> <span class='ocrx_word' id='word_1_93' title='bbox 658 859 810 906; x_wconf 75' lang='lat' dir='ltr'><em>turpiter</em></span> <span class='ocrx_word' id='word_1_94' title='bbox 832 859 961 901; x_wconf 79' lang='lat' dir='ltr'><em>vivere,</em></span> <span class='ocrx_word' id='word_1_95' title='bbox 982 861 1124 904; x_wconf 81' lang='lat' dir='ltr'><em>maluit,</em></span> <span class='ocrx_word' id='word_1_96' title='bbox 1144 866 1179 897; x_wconf 84' lang='lat' dir='ltr'><em>et</em></span> <span class='ocrx_word' id='word_1_97' title='bbox 1199 867 1253 898; x_wconf 85' lang='lat' dir='ltr'><em>tot</em></span> <span class='ocrx_word' id='word_1_98' title='bbox 1265 861 1401 911; x_wconf 85' lang='lat' dir='ltr'><em>fortis-</em></span> 
     </span>
     <span class='ocr_line' id='line_1_17' title="bbox 291 923 1402 973; baseline 0.004 -13"><span class='ocrx_word' id='word_1_99' title='bbox 291 926 462 960; x_wconf 77' lang='lat' dir='ltr'><em>simorum</em></span> <span class='ocrx_word' id='word_1_100' title='bbox 478 925 649 965; x_wconf 76' lang='lat' dir='ltr'><em>virorum,</em></span> <span class='ocrx_word' id='word_1_101' title='bbox 669 923 731 971; x_wconf 82' lang='lat' dir='ltr'><em>qui</em></span> <span class='ocrx_word' id='word_1_102' title='bbox 749 924 844 959; x_wconf 86' lang='lat' dir='ltr'><em>circa</em></span> <span class='ocrx_word' id='word_1_103' title='bbox 862 935 942 960; x_wconf 82' lang='lat' dir='ltr'><em>eum</em></span> <span class='ocrx_word' id='word_1_104' title='bbox 961 926 1135 962; x_wconf 81' lang='lat' dir='ltr'><em>cumulati</em></span> <span class='ocrx_word' id='word_1_105' title='bbox 1152 925 1288 973; x_wconf 81' lang='lat' dir='ltr'><em>jacent,</em></span> <span class='ocrx_word' id='word_1_106' title='bbox 1311 929 1402 964; x_wconf 84' lang='lat' dir='ltr'><em>cives</em></span> 
     </span>
     <span class='ocr_line' id='line_1_18' title="bbox 294 988 1402 1039; baseline 0.003 -14"><span class='ocrx_word' id='word_1_107' title='bbox 294 991 386 1025; x_wconf 72' lang='lat' dir='ltr'><em>estis.</em></span> <span class='ocrx_word' id='word_1_108' title='bbox 417 988 489 1024; x_wconf 83' lang='lat' dir='ltr'><em>Sed</em></span> <span class='ocrx_word' id='word_1_109' title='bbox 507 992 603 1030; x_wconf 84' lang='lat' dir='ltr'><em>ante,</em></span> <span class='ocrx_word' id='word_1_110' title='bbox 618 999 725 1035; x_wconf 82' lang='lat' dir='ltr'><em>quam</em></span> <span class='ocrx_word' id='word_1_111' title='bbox 744 988 911 1036; x_wconf 84' lang='lat' dir='ltr'><em>obprimit</em></span> <span class='ocrx_word' id='word_1_112' title='bbox 930 989 1004 1032; x_wconf 75' lang='lat' dir='ltr'><em>lux,</em></span> <span class='ocrx_word' id='word_1_113' title='bbox 1024 988 1231 1039; x_wconf 80' lang='lat' dir='ltr'><em>majoraque</em></span> <span class='ocrx_word' id='word_1_114' title='bbox 1249 991 1402 1028; x_wconf 72' lang='lat' dir='ltr'><em>hostium</em></span> 
     </span>
     <span class='ocr_line' id='line_1_19' title="bbox 296 1052 1437 1105; baseline 0.004 -17"><span class='ocrx_word' id='word_1_115' title='bbox 296 1055 442 1101; x_wconf 83' lang='lat' dir='ltr'><em>agmina</em></span> <span class='ocrx_word' id='word_1_116' title='bbox 457 1053 639 1101; x_wconf 71' lang='lat' dir='ltr'><em>obsepiant</em></span> <span class='ocrx_word' id='word_1_117' title='bbox 651 1054 732 1095; x_wconf 77' lang='lat' dir='ltr'><em>iter,</em></span> <span class='ocrx_word' id='word_1_118' title='bbox 749 1064 816 1100; x_wconf 85' lang='lat' dir='ltr'><em>per</em></span> <span class='ocrx_word' id='word_1_119' title='bbox 834 1052 908 1096; x_wconf 80' lang='lat' dir='ltr'><em>hos,</em></span> <span class='ocrx_word' id='word_1_120' title='bbox 931 1055 993 1102; x_wconf 80' lang='lat' dir='ltr'><em>qui</em></span> <span class='ocrx_word' id='word_1_121' title='bbox 1007 1055 1205 1091; x_wconf 76' lang='lat' dir='ltr'><em>inordinati</em></span> <span class='ocrx_word' id='word_1_122' title='bbox 1220 1060 1328 1104; x_wconf 80' lang='lat' dir='ltr'><em>atque</em></span> <span class='ocrx_word' id='word_1_123' title='bbox 1347 1057 1401 1093; x_wconf 84' lang='lat' dir='ltr'><em>in-</em></span> <span class='ocrx_word' id='word_1_124' title='bbox 1433 1101 1437 1105; x_wconf 27' lang='lat'><strong>⁴</strong></span> 
     </span>
     <span class='ocr_line' id='line_1_20' title="bbox 295 1117 1405 1168; baseline 0.003 -15"><span class='ocrx_word' id='word_1_125' title='bbox 295 1118 481 1166; x_wconf 80' lang='lat' dir='ltr'><em>compositi</em></span> <span class='ocrx_word' id='word_1_126' title='bbox 506 1117 709 1164; x_wconf 79' lang='lat' dir='ltr'><em>obstrepunt</em></span> <span class='ocrx_word' id='word_1_127' title='bbox 732 1118 859 1164; x_wconf 80' lang='lat' dir='ltr'><em>portis,</em></span> <span class='ocrx_word' id='word_1_128' title='bbox 879 1129 1115 1166; x_wconf 81' lang='lat' dir='ltr'><em>erumpamus.</em></span> <span class='ocrx_word' id='word_1_129' title='bbox 1172 1120 1279 1155; x_wconf 79' lang='lat' dir='ltr'><em>Ferro</em></span> <span class='ocrx_word' id='word_1_130' title='bbox 1298 1125 1405 1168; x_wconf 81' lang='lat' dir='ltr'><em>atque</em></span> 
     </span>
     <span class='ocr_line' id='line_1_21' title="bbox 296 1181 1404 1232; baseline 0.001 -13"><span class='ocrx_word' id='word_1_131' title='bbox 296 1183 452 1219; x_wconf 82' lang='lat' dir='ltr'><em>audacia</em></span> <span class='ocrx_word' id='word_1_132' title='bbox 479 1184 538 1218; x_wconf 88' lang='lat' dir='ltr'><em>via</em></span> <span class='ocrx_word' id='word_1_133' title='bbox 553 1182 618 1231; x_wconf 84' lang='lat' dir='ltr'><em>fit,</em></span> <span class='ocrx_word' id='word_1_134' title='bbox 649 1183 808 1230; x_wconf 76' lang='lat' dir='ltr'><em>quamvis</em></span> <span class='ocrx_word' id='word_1_135' title='bbox 828 1194 894 1230; x_wconf 79' lang='lat' dir='ltr'><em>per</em></span> <span class='ocrx_word' id='word_1_136' title='bbox 927 1181 1102 1232; x_wconf 76' lang='lat' dir='ltr'><em>confertos</em></span> <span class='ocrx_word' id='word_1_137' title='bbox 1126 1182 1262 1220; x_wconf 78' lang='lat' dir='ltr'><em>hostes:</em></span> <span class='ocrx_word' id='word_1_138' title='bbox 1295 1196 1404 1220; x_wconf 83' lang='lat' dir='ltr'><em>cuneo</em></span> 
     </span>
     <span class='ocr_line' id='line_1_22' title="bbox 295 1247 1405 1297; baseline 0.003 -14"><span class='ocrx_word' id='word_1_139' title='bbox 295 1248 438 1297; x_wconf 78' lang='lat' dir='ltr'><em>quidem</em></span> <span class='ocrx_word' id='word_1_140' title='bbox 466 1247 530 1283; x_wconf 87' lang='lat' dir='ltr'><em>hoc</em></span> <span class='ocrx_word' id='word_1_141' title='bbox 559 1249 681 1283; x_wconf 66' lang='lat' dir='ltr'><em>laxum</em></span> <span class='ocrx_word' id='word_1_142' title='bbox 708 1252 815 1296; x_wconf 75' lang='lat' dir='ltr'><em>atque</em></span> <span class='ocrx_word' id='word_1_143' title='bbox 839 1248 995 1284; x_wconf 78' lang='lat' dir='ltr'><em>solutum</em></span> <span class='ocrx_word' id='word_1_144' title='bbox 1020 1260 1161 1296; x_wconf 81' lang='lat' dir='ltr'><em>agmen,</em></span> <span class='ocrx_word' id='word_1_145' title='bbox 1191 1253 1233 1285; x_wconf 80' lang='lat' dir='ltr'><em>ut</em></span> <span class='ocrx_word' id='word_1_146' title='bbox 1258 1250 1290 1285; x_wconf 76' lang='lat' dir='ltr'><em>si</em></span> <span class='ocrx_word' id='word_1_147' title='bbox 1312 1249 1405 1286; x_wconf 79' lang='lat' dir='ltr'><em>nihil</em></span> 
     </span>
     <span class='ocr_line' id='line_1_23' title="bbox 289 1312 1404 1361; baseline 0.002 -13"><span class='ocrx_word' id='word_1_148' title='bbox 289 1312 420 1356; x_wconf 77' lang='lat' dir='ltr'><em>obstet,</em></span> <span class='ocrx_word' id='word_1_149' title='bbox 442 1313 677 1349; x_wconf 69' lang='lat' dir='ltr'><em>transibimus.</em></span> <span class='ocrx_word' id='word_1_150' title='bbox 735 1313 861 1360; x_wconf 83' lang='lat' dir='ltr'><em>Itaque</em></span> <span class='ocrx_word' id='word_1_151' title='bbox 880 1314 930 1349; x_wconf 77' lang='lat' dir='ltr'><em>ite</em></span> <span class='ocrx_word' id='word_1_152' title='bbox 948 1325 1097 1356; x_wconf 84' lang='lat' dir='ltr'><em>mecum,</em></span> <span class='ocrx_word' id='word_1_153' title='bbox 1119 1314 1232 1361; x_wconf 82' lang='lat' dir='ltr'><em>quiet</em></span> <span class='ocrx_word' id='word_1_154' title='bbox 1255 1319 1404 1351; x_wconf 81' lang='lat' dir='ltr'><em>vosmet-</em></span> 
     </span>
     <span class='ocr_line' id='line_1_24' title="bbox 297 1377 1404 1426; baseline 0.002 -13"><span class='ocrx_word' id='word_1_155' title='bbox 297 1379 390 1426; x_wconf 67' lang='lat' dir='ltr'><em>ipsos</em></span> <span class='ocrx_word' id='word_1_156' title='bbox 417 1383 452 1413; x_wconf 82' lang='lat' dir='ltr'><em>et</em></span> <span class='ocrx_word' id='word_1_157' title='bbox 479 1378 731 1425; x_wconf 67' lang='lat' dir='ltr'><em>rempublicam</em></span> <span class='ocrx_word' id='word_1_158' title='bbox 760 1379 896 1414; x_wconf 81' lang='lat' dir='ltr'><em>salvom</em></span> <span class='ocrx_word' id='word_1_159' title='bbox 917 1379 1036 1415; x_wconf 79' lang='lat' dir='ltr'><em>vultis.</em></span> <span class='ocrx_word' id='word_1_160' title='bbox 1092 1377 1187 1414; x_wconf 84' lang='lat' dir='ltr'><em>Haec</em></span> <span class='ocrx_word' id='word_1_161' title='bbox 1213 1377 1278 1414; x_wconf 89' lang='lat' dir='ltr'><em>ubi</em></span> <span class='ocrx_word' id='word_1_162' title='bbox 1302 1379 1404 1415; x_wconf 88' lang='lat' dir='ltr'><em>dicta</em></span> 
     </span>
     <span class='ocr_line' id='line_1_25' title="bbox 293 1441 1401 1492; baseline 0.001 -14"><span class='ocrx_word' id='word_1_163' title='bbox 293 1442 413 1485; x_wconf 84' lang='lat' dir='ltr'><em>dedit,</em></span> <span class='ocrx_word' id='word_1_164' title='bbox 452 1442 604 1490; x_wconf 84' lang='lat' dir='ltr'><em>stringit</em></span> <span class='ocrx_word' id='word_1_165' title='bbox 640 1441 818 1490; x_wconf 84' lang='lat' dir='ltr'><em>gladium,</em></span> <span class='ocrx_word' id='word_1_166' title='bbox 854 1455 1051 1490; x_wconf 87' lang='lat' dir='ltr'><em>cuneoque</em></span> <span class='ocrx_word' id='word_1_167' title='bbox 1082 1442 1185 1478; x_wconf 86' lang='lat' dir='ltr'><em>facto</em></span> <span class='ocrx_word' id='word_1_168' title='bbox 1221 1455 1288 1492; x_wconf 87' lang='lat' dir='ltr'><em>per</em></span> <span class='ocrx_word' id='word_1_169' title='bbox 1323 1455 1401 1479; x_wconf 82' lang='lat' dir='ltr'><em>me·</em></span> 
     </span>
     <span class='ocr_line' id='line_1_26' title="bbox 292 1505 1401 1557; baseline 0.003 -16"><span class='ocrx_word' id='word_1_170' title='bbox 292 1505 377 1550; x_wconf 77' lang='lat' dir='ltr'><em>dios</em></span> <span class='ocrx_word' id='word_1_171' title='bbox 397 1506 499 1542; x_wconf 84' lang='lat' dir='ltr'><em>vadit</em></span> <span class='ocrx_word' id='word_1_172' title='bbox 517 1506 669 1541; x_wconf 85' lang='lat' dir='ltr'><em>hostes:</em></span> <span class='ocrx_word' id='word_1_173' title='bbox 702 1513 753 1549; x_wconf 90' lang='lat' dir='ltr'><em>et,</em></span> <span class='ocrx_word' id='word_1_174' title='bbox 779 1519 894 1555; x_wconf 91' lang='lat' dir='ltr'><em>quum</em></span> <span class='ocrx_word' id='word_1_175' title='bbox 918 1507 957 1542; x_wconf 89' lang='lat' dir='ltr'><em>in</em></span> <span class='ocrx_word' id='word_1_176' title='bbox 976 1506 1073 1542; x_wconf 85' lang='lat' dir='ltr'><em>latus</em></span> <span class='ocrx_word' id='word_1_177' title='bbox 1094 1507 1280 1550; x_wconf 82' lang='lat' dir='ltr'><em>dextrum,</em></span> <span class='ocrx_word' id='word_1_178' title='bbox 1300 1508 1401 1557; x_wconf 88' lang='lat' dir='ltr'><em>quod</em></span> 
     </span>
     <span class='ocr_line' id='line_1_27' title="bbox 294 1568 1402 1620; baseline 0.003 -15"><span class='ocrx_word' id='word_1_179' title='bbox 294 1569 465 1620; x_wconf 73' lang='lat' dir='ltr'><em>patebat,</em></span> <span class='ocrx_word' id='word_1_180' title='bbox 482 1569 656 1606; x_wconf 87' lang='lat' dir='ltr'><em>Numidae</em></span> <span class='ocrx_word' id='word_1_181' title='bbox 669 1568 942 1620; x_wconf 82' lang='lat' dir='ltr'><em>jacularentur,</em></span> <span class='ocrx_word' id='word_1_182' title='bbox 959 1571 1150 1608; x_wconf 82' lang='lat' dir='ltr'><em>translatis</em></span> <span class='ocrx_word' id='word_1_183' title='bbox 1170 1573 1210 1608; x_wconf 87' lang='lat' dir='ltr'><em>in</em></span> <span class='ocrx_word' id='word_1_184' title='bbox 1229 1572 1402 1609; x_wconf 86' lang='lat' dir='ltr'><em>dextrum</em></span> 
     </span>
     <span class='ocr_line' id='line_1_28' title="bbox 295 1634 1402 1685; baseline 0.003 -15"><span class='ocrx_word' id='word_1_185' title='bbox 295 1635 427 1678; x_wconf 85' lang='lat' dir='ltr'><em>scutis,</em></span> <span class='ocrx_word' id='word_1_186' title='bbox 448 1635 487 1671; x_wconf 89' lang='lat' dir='ltr'><em>in</em></span> <span class='ocrx_word' id='word_1_187' title='bbox 506 1634 651 1685; x_wconf 73' lang='lat' dir='ltr'><em>majora</em></span> <span class='ocrx_word' id='word_1_188' title='bbox 670 1642 792 1671; x_wconf 80' lang='lat' dir='ltr'><em>castra</em></span> <span class='ocrx_word' id='word_1_189' title='bbox 811 1636 857 1672; x_wconf 85' lang='lat' dir='ltr'><em>ad</em></span> <span class='ocrx_word' id='word_1_190' title='bbox 876 1642 1073 1672; x_wconf 75' lang='lat' dir='ltr'><em>sexcentos</em></span> <span class='ocrx_word' id='word_1_191' title='bbox 1090 1643 1311 1673; x_wconf 82' lang='lat' dir='ltr'><em>evaserunt:</em></span> <span class='ocrx_word' id='word_1_192' title='bbox 1343 1643 1402 1673; x_wconf 86' lang='lat' dir='ltr'><em>at-</em></span> 
     </span>
     <span class='ocr_line' id='line_1_29' title="bbox 296 1699 1398 1751; baseline 0.003 -16"><span class='ocrx_word' id='word_1_193' title='bbox 296 1712 370 1748; x_wconf 83' lang='lat' dir='ltr'><em>que</em></span> <span class='ocrx_word' id='word_1_194' title='bbox 399 1700 485 1736; x_wconf 89' lang='lat' dir='ltr'><em>inde</em></span> <span class='ocrx_word' id='word_1_195' title='bbox 520 1700 707 1750; x_wconf 84' lang='lat' dir='ltr'><em>protinus,</em></span> <span class='ocrx_word' id='word_1_196' title='bbox 740 1699 815 1736; x_wconf 84' lang='lat' dir='ltr'><em>alio</em></span> <span class='ocrx_word' id='word_1_197' title='bbox 845 1713 984 1750; x_wconf 83' lang='lat' dir='ltr'><em>magno</em></span> <span class='ocrx_word' id='word_1_198' title='bbox 1014 1702 1167 1749; x_wconf 84' lang='lat' dir='ltr'>agmine</span> <span class='ocrx_word' id='word_1_199' title='bbox 1204 1700 1398 1751; x_wconf 87' lang='lat' dir='ltr'><em>adjuncto,</em></span> 
     </span>
     <span class='ocr_line' id='line_1_30' title="bbox 297 1763 1401 1816; baseline 0.002 -16"><span class='ocrx_word' id='word_1_200' title='bbox 297 1763 504 1800; x_wconf 83' lang='lat' dir='ltr'><em>Canusium</em></span> <span class='ocrx_word' id='word_1_201' title='bbox 530 1763 735 1801; x_wconf 84' lang='lat' dir='ltr'><em>incolumes</em></span> <span class='ocrx_word' id='word_1_202' title='bbox 756 1765 990 1815; x_wconf 86' lang='lat' dir='ltr'><em>perveniunt.</em></span> <span class='ocrx_word' id='word_1_203' title='bbox 1047 1765 1142 1802; x_wconf 89' lang='lat' dir='ltr'><em>Haec</em></span> <span class='ocrx_word' id='word_1_204' title='bbox 1164 1766 1264 1816; x_wconf 88' lang='lat' dir='ltr'><em>apud</em></span> <span class='ocrx_word' id='word_1_205' title='bbox 1282 1766 1401 1803; x_wconf 83' lang='lat' dir='ltr'><em>victos</em></span> 
     </span>
     <span class='ocr_line' id='line_1_31' title="bbox 296 1829 1402 1879; baseline 0.003 -15"><span class='ocrx_word' id='word_1_206' title='bbox 296 1829 416 1877; x_wconf 85' lang='lat' dir='ltr'><em>magis</em></span> <span class='ocrx_word' id='word_1_207' title='bbox 443 1830 575 1879; x_wconf 86' lang='lat' dir='ltr'><em>inpetu</em></span> <span class='ocrx_word' id='word_1_208' title='bbox 601 1829 828 1873; x_wconf 89' lang='lat' dir='ltr'><em>animorum,</em></span> <span class='ocrx_word' id='word_1_209' title='bbox 848 1831 949 1879; x_wconf 91' lang='lat' dir='ltr'><em>quod</em></span> <span class='ocrx_word' id='word_1_210' title='bbox 974 1831 1167 1879; x_wconf 87' lang='lat' dir='ltr'><em>ingenium</em></span> <span class='ocrx_word' id='word_1_211' title='bbox 1192 1843 1298 1867; x_wconf 89' lang='lat' dir='ltr'><em>suum</em></span> <span class='ocrx_word' id='word_1_212' title='bbox 1323 1832 1402 1868; x_wconf 85' lang='lat' dir='ltr'><em>cui-</em></span> 
     </span>
     <span class='ocr_line' id='line_1_32' title="bbox 295 1893 1403 1948; baseline 0.005 -20"><span class='ocrx_word' id='word_1_213' title='bbox 295 1905 368 1942; x_wconf 89' lang='lat' dir='ltr'><em>que</em></span> <span class='ocrx_word' id='word_1_214' title='bbox 395 1900 459 1929; x_wconf 86' lang='lat' dir='ltr'><em>aut</em></span> <span class='ocrx_word' id='word_1_215' title='bbox 478 1893 555 1929; x_wconf 89' lang='lat' dir='ltr'><em>fors</em></span> <span class='ocrx_word' id='word_1_216' title='bbox 575 1893 703 1938; x_wconf 87' lang='lat' dir='ltr'><em>dabat,</em></span> <span class='ocrx_word' id='word_1_217' title='bbox 729 1908 841 1944; x_wconf 89' lang='lat' dir='ltr'><em>quam</em></span> <span class='ocrx_word' id='word_1_218' title='bbox 867 1909 913 1932; x_wconf 88' lang='lat' dir='ltr'><em>ex</em></span> <span class='ocrx_word' id='word_1_219' title='bbox 939 1896 1098 1933; x_wconf 90' lang='lat' dir='ltr'><em>consilio</em></span> <span class='ocrx_word' id='word_1_220' title='bbox 1124 1897 1305 1948; x_wconf 87' lang='lat' dir='ltr'><em>ipsorum,</em></span> <span class='ocrx_word' id='word_1_221' title='bbox 1337 1904 1403 1934; x_wconf 90' lang='lat' dir='ltr'><em>aut</em></span> 
     </span>
     <span class='ocr_line' id='line_1_33' title="bbox 295 1957 948 2008; baseline 0.008 -15"><span class='ocrx_word' id='word_1_222' title='bbox 295 1957 453 2007; x_wconf 88' lang='lat' dir='ltr'><em>imperio</em></span> <span class='ocrx_word' id='word_1_223' title='bbox 473 1957 705 2007; x_wconf 88' lang='lat' dir='ltr'><em>cujusquam,</em></span> <span class='ocrx_word' id='word_1_224' title='bbox 727 1959 948 2008; x_wconf 83' lang='lat' dir='ltr'><em>agebantur.</em></span> 
     </span>
    </p>

    <p class='ocr_par' dir='ltr' id='par_1_5' title="bbox 293 2020 1407 2396">
     <span class='ocr_line' id='line_1_34' title="bbox 347 2020 1401 2073; baseline 0.004 -16"><span class='ocrx_word' id='word_1_225' title='bbox 347 2020 417 2058; x_wconf 91' lang='lat' dir='ltr'><em>LI.</em></span> <span class='ocrx_word' id='word_1_226' title='bbox 447 2021 658 2058; x_wconf 87' lang='lat' dir='ltr'><em>Hannibali</em></span> <span class='ocrx_word' id='word_1_227' title='bbox 673 2023 808 2059; x_wconf 89' lang='lat' dir='ltr'><em>victori</em></span> <span class='ocrx_word' id='word_1_228' title='bbox 823 2037 938 2072; x_wconf 90' lang='lat' dir='ltr'><em>quum</em></span> <span class='ocrx_word' id='word_1_229' title='bbox 956 2026 1073 2061; x_wconf 85' lang='lat' dir='ltr'><em>ceteri</em></span> <span class='ocrx_word' id='word_1_230' title='bbox 1088 2024 1302 2060; x_wconf 86' lang='lat' dir='ltr'><em>circumfusi</em></span> <span class='ocrx_word' id='word_1_231' title='bbox 1315 2037 1401 2073; x_wconf 81' lang='lat' dir='ltr'><em>gra-</em></span> 
     </span>
     <span class='ocr_line' id='line_1_35' title="bbox 293 2086 1401 2139; baseline 0.003 -17"><span class='ocrx_word' id='word_1_232' title='bbox 293 2086 519 2131; x_wconf 78' lang='lat' dir='ltr'><em>tularentur,</em></span> <span class='ocrx_word' id='word_1_233' title='bbox 540 2088 827 2138; x_wconf 83' lang='lat' dir='ltr'><em>suaderentque,</em></span> <span class='ocrx_word' id='word_1_234' title='bbox 849 2095 904 2132; x_wconf 87' lang='lat' dir='ltr'><em>ut,</em></span> <span class='ocrx_word' id='word_1_235' title='bbox 923 2096 1033 2126; x_wconf 88' lang='lat' dir='ltr'><em>tanto</em></span> <span class='ocrx_word' id='word_1_236' title='bbox 1052 2088 1269 2139; x_wconf 81' lang='lat' dir='ltr'><em>perfunctus</em></span> <span class='ocrx_word' id='word_1_237' title='bbox 1285 2088 1401 2134; x_wconf 87' lang='lat' dir='ltr'><em>bello,</em></span> 
     </span>
     <span class='ocr_line' id='line_1_36' title="bbox 295 2151 1402 2203; baseline 0.003 -17"><span class='ocrx_word' id='word_1_238' title='bbox 295 2151 368 2187; x_wconf 89' lang='lat' dir='ltr'><em>diei</em></span> <span class='ocrx_word' id='word_1_239' title='bbox 381 2151 479 2200; x_wconf 90' lang='lat' dir='ltr'><em>quod</em></span> <span class='ocrx_word' id='word_1_240' title='bbox 495 2151 679 2200; x_wconf 85' lang='lat' dir='ltr'><em>reliquum</em></span> <span class='ocrx_word' id='word_1_241' title='bbox 693 2159 807 2196; x_wconf 83' lang='lat' dir='ltr'><em>esset,</em></span> <span class='ocrx_word' id='word_1_242' title='bbox 823 2154 1021 2203; x_wconf 87' lang='lat' dir='ltr'><em>noctisque</em></span> <span class='ocrx_word' id='word_1_243' title='bbox 1036 2153 1280 2202; x_wconf 80' lang='lat' dir='ltr'><em>insequentis,</em></span> <span class='ocrx_word' id='word_1_244' title='bbox 1297 2153 1402 2202; x_wconf 91' lang='lat' dir='ltr'><em>quie-</em></span> 
     </span>
     <span class='ocr_line' id='line_1_37' title="bbox 296 2215 1400 2265; baseline 0.004 -15"><span class='ocrx_word' id='word_1_245' title='bbox 296 2221 372 2250; x_wconf 83' lang='lat' dir='ltr'><em>tem</em></span> <span class='ocrx_word' id='word_1_246' title='bbox 389 2221 430 2250; x_wconf 87' lang='lat' dir='ltr'><em>et</em></span> <span class='ocrx_word' id='word_1_247' title='bbox 457 2215 536 2265; x_wconf 88' lang='lat' dir='ltr'><em>ipse</em></span> <span class='ocrx_word' id='word_1_248' title='bbox 565 2215 636 2251; x_wconf 88' lang='lat' dir='ltr'><em>sibi</em></span> <span class='ocrx_word' id='word_1_249' title='bbox 664 2222 845 2260; x_wconf 85' lang='lat' dir='ltr'><em>sumeret,</em></span> <span class='ocrx_word' id='word_1_250' title='bbox 877 2223 914 2253; x_wconf 87' lang='lat' dir='ltr'><em>et</em></span> <span class='ocrx_word' id='word_1_251' title='bbox 932 2217 1040 2254; x_wconf 86' lang='lat' dir='ltr'><em>fessis</em></span> <span class='ocrx_word' id='word_1_252' title='bbox 1061 2217 1165 2253; x_wconf 85' lang='lat' dir='ltr'><em>daret</em></span> <span class='ocrx_word' id='word_1_253' title='bbox 1192 2216 1400 2263; x_wconf 82' lang='lat' dir='ltr'><em>militibus;</em></span> 
     </span>
     <span class='ocr_line' id='line_1_38' title="bbox 295 2279 1405 2332; baseline 0.002 -16"><span class='ocrx_word' id='word_1_254' title='bbox 295 2279 512 2324; x_wconf 84' lang='lat' dir='ltr'><em>Maharbal,</em></span> <span class='ocrx_word' id='word_1_255' title='bbox 546 2280 745 2332; x_wconf 79' lang='lat' dir='ltr'><em>praefectus</em></span> <span class='ocrx_word' id='word_1_256' title='bbox 781 2281 964 2331; x_wconf 85' lang='lat' dir='ltr'><em>equitum,</em></span> <span class='ocrx_word' id='word_1_257' title='bbox 998 2282 1150 2318; x_wconf 90' lang='lat' dir='ltr'><em>minime</em></span> <span class='ocrx_word' id='word_1_258' title='bbox 1185 2281 1405 2318; x_wconf 87' lang='lat' dir='ltr'><em>cessandum</em></span> 
     </span>
     <span class='ocr_line' id='line_1_39' title="bbox 294 2347 1407 2396; baseline 0.002 -14"><span class='ocrx_word' id='word_1_259' title='bbox 294 2351 413 2390; x_wconf 79' lang='lat' dir='ltr'><em>ratus,</em></span> <span class='ocrx_word' id='word_1_260' title='bbox 436 2347 564 2391; x_wconf 76' lang='lat' dir='ltr'><em>Immo,</em></span> <span class='ocrx_word' id='word_1_261' title='bbox 588 2351 639 2391; x_wconf 84' lang='lat' dir='ltr'><em>ut,</em></span> <span class='ocrx_word' id='word_1_262' title='bbox 660 2348 748 2394; x_wconf 79' lang='lat' dir='ltr'><em>quid</em></span> <span class='ocrx_word' id='word_1_263' title='bbox 767 2347 832 2383; x_wconf 77' lang='lat' dir='ltr'><em>hac</em></span> <span class='ocrx_word' id='word_1_264' title='bbox 852 2359 975 2396; x_wconf 78' lang='lat' dir='ltr'><em>pugna</em></span> <span class='ocrx_word' id='word_1_265' title='bbox 999 2349 1046 2383; x_wconf 76' lang='lat' dir='ltr'><em>sit</em></span> <span class='ocrx_word' id='word_1_266' title='bbox 1068 2351 1204 2391; x_wconf 77' lang='lat' dir='ltr'><em>actum,</em></span> <span class='ocrx_word' id='word_1_267' title='bbox 1225 2348 1328 2391; x_wconf 79' lang='lat' dir='ltr'><em>scias,</em></span> <span class='ocrx_word' id='word_1_268' title='bbox 1349 2347 1407 2384; x_wconf 67' lang='lat' dir='ltr'><em>die</em></span> 
     </span>
    </p>
   </div>
  </div>
 </body>
</html>
