1527 2661
273 151 358 205 526
574 198 578 201 ,
744 163 790 191 Τ.
820 164 950 192 mvn

81 253 372 295 u.c.s41.sules
403 253 612 290 edixerunt.
670 253 799 290 Primo
829 259 1154 303 exspectaverant,
1182 259 1239 297 ut,
1258 255 1323 304 qui
1350 267 1390 291 se

79 305 122 337 Λ·
136 308 172 339 C·
188 314 383 353 2¹¹·tanto
410 318 569 367 imperio
589 317 724 366 dignos
755 318 963 361 crederent,
983 318 1140 354 nomina
1168 317 1391 368 profiteren-

78 1346 238 1386 Deligitur

78 1390 109 1419 P.
121 1390 236 1429 Scipio.

273 387 358 416 tur:
391 394 472 430 quae
494 388 535 416 ut
554 381 733 417 destituta
761 382 996 431 exspectatio
1022 387 1092 424 est,
1114 381 1391 430 redintegratus

272 443 395 481 luctus
427 451 591 494 acceptae
623 443 754 487 cladis,
785 445 1085 494 desideriumque
1121 446 1393 495 imperatorum

274 510 509 546 amissormn
566 509 713 546 Moesta
732 511 858 559 itaque
874 511 1021 553 civitas,
1037 523 1157 560 prope
1170 511 1281 561 inops
1299 523 1391 546 con-

273 573 361 617 silii,
393 574 633 610 comitiorum
664 574 723 610 die
752 581 879 610 tamen
909 575 948 610 in
969 575 1155 624 Campum
1175 574 1391 611 descendit:

272 644 386 686 atque
407 638 446 673 in
473 638 716 686 magistratus
738 639 833 673 versi
861 639 1179 688 circumspectant
1197 651 1266 675 ora
1289 638 1394 688 prin-

271 702 412 752 cipum,
434 701 594 738 aliorum
623 702 717 738 alios
748 703 991 746 intuentium,
1012 703 1267 752 fremuntque,
1298 702 1392 739 adeo

272 765 437 815 perditas
458 778 515 801 res
536 766 849 815 desperatumque
869 766 914 802 de
934 765 1128 816 republica
1147 779 1241 809 esse,
1264 772 1305 802 ut
1323 779 1390 802 ne-

272 842 336 865 mo
357 830 492 866 audeat
512 830 549 865 in
571 829 799 879 Hispaniam
820 831 1018 881 imperium
1035 833 1218 882 accipere.
1260 831 1390 871 Quum

273 894 401 930 subito
424 894 466 930 P.
482 894 696 938 Cornelius,
717 895 858 939 Publii,
879 896 941 945 qui
969 896 1160 946 Hispania
1186 896 1386 939 ceciderat,

273 957 385 1001 filius,
407 965 571 1007 quatuor
597 965 634 994 et
655 959 789 1007 viginti
809 959 926 996 ferme
955 973 1075 996 annos
1095 967 1222 1004 natus,
1243 959 1389 1010 profes-

269 1034 332 1058 sus
354 1034 392 1057 se
412 1028 555 1072 petere,
576 1024 613 1058 in
635 1024 841 1072 superiore,
863 1024 961 1059 unde
981 1025 1148 1075 conspici
1168 1031 1311 1074 posset,
1332 1023 1389 1060 lo-

270 1099 316 1122 co
343 1087 527 1122 constitit.
585 1086 631 1122 In
650 1099 762 1136 quem
788 1093 991 1136 postquam
1018 1089 1189 1124 omnium
1208 1100 1276 1124 ora
1295 1100 1386 1124 con-

269 1162 376 1186 versa
396 1157 497 1193 sunt,
520 1149 684 1186 clamore
705 1164 747 1187 ac
762 1150 892 1187 favore
912 1152 1070 1187 ominati
1091 1151 1283 1201 extemplo
1303 1159 1390 1187 sunt

270 1213 361 1250 felix
381 1214 621 1264 faustumque
650 1216 872 1265 imperium:
899 1215 996 1265 jussi
1025 1215 1158 1251 deinde
1187 1216 1282 1252 inire
1311 1215 1389 1252 suf-

270 1277 449 1327 fragium,
471 1280 518 1315 ad
548 1291 663 1315 unum
693 1291 822 1315 omnes
853 1291 932 1315 non
961 1280 1140 1316 centuriae
1170 1279 1298 1323 modo,
1326 1279 1390 1316 sed

270 1343 385 1379 etiam
414 1344 602 1387 homines,
633 1343 675 1380 P.
690 1344 859 1393 Scipioni
889 1344 1088 1394 imperium
1116 1356 1195 1380 esse
1225 1345 1264 1381 in
1296 1344 1389 1381 His-

270 1408 385 1456 pania
406 1407 616 1457 jusserunt.
675 1408 855 1444 Ceterum
875 1414 962 1459 post
992 1421 1070 1444 rem
1090 1415 1228 1451 actam,
1251 1415 1291 1445 ut
1303 1409 1387 1460 jam

270 1471 460 1507 resederat
479 1473 627 1521 inpetus
653 1473 868 1508 animorum
894 1473 1093 1521 ardorque,
1114 1472 1306 1508 silentium
1325 1485 1387 1509 su-

269 1534 352 1570 bito
383 1541 509 1570 ortum
543 1542 580 1571 et
616 1537 735 1571 tacita
764 1537 963 1584 cogitatio,
996 1536 1174 1585 quidnam
1206 1537 1386 1586 egissent,

270 1611 361 1635 num
380 1599 488 1635 favor
517 1600 599 1649 plus
623 1601 813 1645 valuisset,
835 1613 948 1649 quani
978 1602 1100 1637 ratio?
1130 1602 1250 1637 aetatis
1281 1614 1386 1638 max-

270 1663 343 1699 ime
363 1663 599 1713 poenitebat:
633 1664 785 1713 quidam
800 1665 994 1702 fortunam
1015 1668 1129 1702 etiam
1145 1667 1276 1702 domus
1298 1667 1387 1702 hor-

268 1726 404 1763 rebant
424 1741 653 1777 nomenque,
675 1741 720 1764 ex
739 1729 899 1765 funestis
917 1730 1061 1766 duabus
1081 1729 1249 1773 familiis,
1266 1731 1305 1766 in
1326 1742 1387 1766 eas

267 1792 496 1840 provincias,
529 1791 593 1828 ubi
622 1794 721 1829 inter
751 1793 922 1843 sepulcra
950 1795 1066 1844 patris
1097 1794 1296 1844 patruique
1329 1806 1385 1830 res

267 1856 440 1904 gerendae
461 1863 600 1900 essent,
621 1857 908 1907 proficiscentis.

319 1921 436 1958 XIX.
466 1923 592 1961 Quam
613 1922 676 1959 ubi
697 1923 744 1959 ab
766 1936 805 1960 re
825 1931 934 1960 tanto
962 1924 1094 1974 inpetu
1114 1932 1199 1960 acta
1218 1923 1386 1961 solicitu-

265 1985 391 2022 dinem
421 2000 623 2036 curamque
657 1988 855 2024 hominum
892 1989 1172 2032 animadvertit,
1203 1989 1387 2025 advocata

265 2051 465 2093 concione,
496 2051 550 2086 ita
570 2052 615 2087 de
647 2058 757 2088 aetate
778 2065 845 2089 sua
874 2053 1109 2102 imperioque
1133 2053 1327 2096 mandam,
1348 2059 1385 2089 et

263 2112 380 2156 bello,
401 2115 502 2162 quod
522 2116 733 2163 gerundum
755 2125 867 2160 esset,
889 2130 1030 2166 magno
1061 2116 1238 2166 elatoque
1257 2117 1385 2153 animo

262 2176 452 2220 disseruit,
477 2185 518 2213 ut
548 2180 720 2215 ardorem
751 2193 850 2223 eum,
873 2181 936 2230 qui
966 2181 1171 2224 resederat,
1202 2181 1386 2217 excitaret

262 2254 387 2278 rursus
423 2250 677 2293 novaretque:
720 2253 757 2281 et
795 2245 958 2297 inpleret
994 2247 1167 2283 homiues
1211 2246 1382 2281 certioris

259 2312 355 2361 spei,
378 2324 491 2362 quam
506 2320 688 2362 quantam
705 2314 792 2350 fides
814 2316 989 2365 promissi
1009 2316 1178 2357 humani.
1197 2322 1262 2351 aut
1281 2316 1379 2352 ratia

1483 242 1502 265 ex
1511 222 1526 258 'i

1485 301 1523 329 nim

1490 366 1522 405 (siff

1468 443 1469 446 =
1492 418 1527 472 ΡΜ

1498 563 1527 596 agi

1475 624 1477 644 ἕ
1501 617 1526 651 nii

1509 806 1527 845 nl

1515 953 1526 986 *i

1510 1906 1518 1950 τιν
1510 1850 1517 1900 -0-
