1527 2661
83 286 127 317 U.
139 286 176 317 c.
194 294 268 320 ⁵40.

81 331 124 361 A.
139 331 178 362 C.
194 337 269 363 212.

277 180 361 231 446
751 191 796 219 T.
821 190 953 220 L1V11

280 279 467 324 suissent;
490 278 721 323 conlaudati,
735 280 957 330 oneratique
972 280 1180 331 promissis,
1192 278 1391 331 jubentur,

282 350 325 380 ut
353 344 464 381 fidem
494 343 739 394 popularibus
760 343 944 386 facerent,
974 344 1166 394 praedandi
1193 356 1326 381 caussa
1354 356 1394 380 se

280 409 373 445 urbe
399 419 584 457 egressos,
615 420 753 458 pecora
779 407 1174 456 Karthaginiensium,
1196 421 1279 458 quae
1307 420 1394 458 pas-

278 479 361 509 tum
380 471 561 523 propulsa
589 478 728 514 essent,
749 471 796 507 ad
815 471 945 507 urbem
973 483 1107 520 agere:
1139 478 1224 508 tuto
1251 484 1294 508 ac
1315 471 1396 507 sine

278 537 486 574 certamine
511 537 548 573 id
577 536 760 580 facturos,
793 536 1020 586 promissum
1051 542 1120 572 est.
1178 535 1395 586 Conspecta

279 615 323 639 ea
341 599 666 652 praedajuvenum
687 606 765 636 est:
798 601 1012 649 minusque,
1033 600 1169 636 iterum
1196 612 1239 636 ac
1259 600 1395 650 saepius

278 667 314 704 id
336 679 400 703 eos
427 666 578 708 audere,
599 665 782 701 miraculo
801 664 886 701 fuit.
945 665 1151 713 Congressi
1178 677 1261 700 cum
1283 664 1396 701 Han-

275 732 404 771 nibale
422 744 564 775 rursuS,
585 731 656 768 fide
684 737 903 774 sanxerunt,
923 730 1063 768 liberos
1083 730 1312 767 Tarentinos
1338 730 1394 767 le-

277 810 342 847 ges
373 809 514 847 suaque
543 797 672 833 omnia
699 795 911 838 habituros,
934 808 1055 844 neque
1084 794 1202 831 ullum
1229 793 1393 843 vectigal

278 862 400 899 Poeno
437 874 634 913 pensuros,
673 861 934 911 praesidiumve
972 860 1110 895 invitos
1147 866 1391 909 recepturos:

277 928 429 978 prodita
454 926 628 977 praesidia
657 925 1035 974 Karthaginiensium
1053 924 1147 961 fore.
1204 923 1300 960 Haec
1329 922 1393 960 ubi

278 998 552 1032 convenerunt,
579 996 671 1026 tunc
701 1003 790 1025 vero
810 989 1052 1025 Philemenus
1080 988 1394 1025 consuetudinem

278 1063 392 1093 nocte.
412 1055 629 1104 egrediundi
660 1054 915 1103 redeundique
944 1055 983 1089 in
1006 1053 1139 1089 urbem
1156 1052 1391 1102 frequentio-

278 1135 356 1158 rem
376 1120 499 1157 facere
516 1134 522 1155 z
559 1121 614 1165 (et
634 1125 714 1155 erat
733 1118 893 1154 venandi
913 1118 1039 1153 studio
1058 1117 1236 1165 insignis)
1260 1129 1390 1153 canes-

278 1199 351 1235 que
367 1192 404 1222 et
419 1184 513 1221 alius
530 1184 729 1234 adparatus
751 1182 978 1231 sequebatur
991 1199 1001 1227 3
1034 1188 1260 1232 captumque
1274 1180 1393 1218 ferme

278 1250 433 1299 aliquid,
456 1256 521 1285 aut
549 1248 595 1285 ab
616 1249 726 1284 hoste
746 1260 792 1284 ex
821 1255 1033 1298 praeparato
1063 1245 1231 1283 ablatum
1261 1257 1390 1295 repor-

277 1315 411 1357 tando,
432 1313 601 1350 donabat
620 1319 684 1348 aut
711 1311 905 1362 praefectO,
927 1317 991 1347 aut
1011 1310 1230 1347 custodibus
1260 1316 1390 1360 porta-

277 1391 384 1414 rum:
416 1384 530 1414 nocte
550 1377 712 1413 maxime
734 1388 945 1412 commeare
965 1381 1121 1425 propter
1138 1380 1281 1411 metum
1299 1374 1390 1410 hos-

276 1444 386 1485 tium,
405 1440 621 1478 credebant.
679 1439 756 1476 Ubi
769 1438 852 1489 jam
870 1452 914 1475 eo
931 1438 1214 1475 consuetudinis
1231 1437 1391 1474 adducta

275 1519 334 1543 res
362 1513 432 1549 est,
455 1512 509 1549 ut,
531 1517 768 1554 quocumque
794 1505 916 1539 noetis
940 1510 1110 1552 tempore
1136 1501 1248 1538 sibilo
1268 1501 1390 1538 dedis-

275 1578 334 1607 set
371 1572 535 1619 signum,
565 1576 677 1619 porta
713 1569 934 1618 aperiretur,
964 1574 1112 1617 tempus
1142 1566 1298 1616 agendae
1334 1567 1389 1603 rei

276 1634 489 1672 Hannibali
526 1635 647 1670 visum
683 1640 751 1669 est.
808 1632 940 1668 Tridui
978 1632 1077 1667 viam
1114 1630 1267 1667 aberat:
1309 1630 1389 1675 ubi,

275 1712 351 1749 quo
371 1699 494 1735 minus
515 1699 652 1734 mirum
679 1704 791 1740 esset,
813 1709 889 1732 uno
915 1696 1121 1744 eodemque
1140 1694 1226 1731 loco
1250 1695 1388 1731 stativa

275 1778 361 1802 eum
393 1763 538 1801 tamdiu
565 1762 720 1805 habere,
756 1774 897 1810 aegrum
931 1759 1144 1797 simulabat.
1200 1759 1390 1796 Romanis

275 1841 438 1879 quoque,
460 1828 523 1877 qui
543 1828 582 1864 in
601 1827 777 1878 praesidio
796 1826 955 1863 Tarenti
975 1832 1095 1869 erant,
1113 1831 1288 1875 suspecta
1307 1837 1388 1861 esse

267 1893 350 1944 jam
371 1893 496 1942 segnis
517 1905 623 1928 mora
643 1890 722 1941 ejus
743 1892 916 1927 desierat.

328 1957 402 1993 IX.
434 1957 610 1992 Ceterum
630 1961 833 2005 postquam
859 1954 1069 1991 Tarentum
1098 1954 1151 1989 ire
1171 1952 1384 1995 constituit,

273 2021 403 2057 decem
421 2019 587 2056 millibus
617 2019 785 2069 peditum
805 2025 918 2067 atque
938 2018 1120 2067 equitum,
1141 2029 1235 2066 quos
1262 2017 1301 2052 in
1321 2029 1387 2053 ex-

271 2085 466 2135 peditione
488 2083 689 2119 velocitate
715 2095 917 2133 corporum
944 2095 986 2117 ac
1013 2081 1166 2117 levitate
1195 2092 1384 2116 armorum

273 2149 488 2199 aptissimos
509 2160 590 2184 esse
609 2154 711 2184 ratus
732 2154 802 2191 est,
824 2147 967 2189 electis,
989 2151 1123 2195 quarta
1140 2144 1270 2193 vigilia
1292 2156 1385 2180 noc-

269 2214 321 2249 tis
340 2213 449 2262 signa
467 2213 585 2249 movit
601 2228 607 2249 :
640 2213 916 2263 praemissisque
936 2211 1135 2259 octoginta
1148 2209 1227 2246 fere
1245 2208 1384 2245 Numi-

270 2278 325 2313 dis
360 2277 550 2327 equitibus
579 2278 772 2329 praecepit,
801 2285 844 2314 ut
873 2277 1124 2313 discurrerent
1160 2274 1260 2310 circa
1287 2274 1382 2317 vias,

269 2341 615 2394 perlustrarentque
644 2343 772 2380 omnia
808 2342 942 2386 oculis,
979 2354 1027 2378 ne
1056 2341 1138 2391 quis
1175 2340 1381 2390 agrestium
