1527 2661
367 198 522 226 nmen
548 197 667 225 xxv.
701 197 808 224 CAP.
831 196 1014 225 xxxxv.
1162 183 1244 238 485

136 286 301 323 venienti
321 285 362 323 P.
378 286 545 335 Scipioni
575 285 757 328 obcurrit,
780 292 817 320 et
832 285 966 321 deinde
995 284 1148 321 adsidue
1168 284 1244 320 dies
1261 297 1302 327 υ,
1316 295 1353 325 c.
1370 302 1441 325 540,

139 356 344 399 noctesque
372 349 531 386 infestus
569 349 712 392 aderat,
743 355 785 384 ut
821 361 899 385 non
927 360 1044 397 vagos
1084 354 1245 391 tantum,
1262 341 1297 370 Α·
1310 339 1433 369 Ο·Ἧ’”’·

138 413 271 463 procul
289 427 311 450 a
330 414 461 450 castris
484 413 671 462 lignatum
690 413 986 463 pabulatumque
1010 425 1246 463 progressos,

137 478 340 527 exciperet,
361 478 425 514 sed
454 479 544 528 ipsis
564 478 804 528 obequitaret
832 479 978 521 castris,
1005 479 1249 525 invectusque

138 541 177 577 in
206 542 347 578 medias
386 554 485 592 saepe
514 543 712 585 stationes,
743 543 872 579 omnia
900 543 1045 591 ingenti
1084 542 1250 578 tumultu

134 606 328 644 turbaret:
361 607 536 643 noctibus
564 620 714 656 quoque
743 620 842 658 saepe
870 608 1023 644 incursu
1051 608 1249 657 repentino

136 672 175 707 in
195 673 314 722 portis
327 671 500 721 valloque
519 673 749 722 trepidatum
766 680 845 709 est:
880 685 948 709 nec
964 679 1029 709 aut
1048 671 1168 715 locus,
1185 681 1249 708 aut

135 742 284 786 tempus
312 737 429 774 ullum
449 750 609 774 vacuum
635 752 657 774 a
685 744 787 774 metu
818 750 861 774 ac
889 737 1141 774 sollicitudine
1170 744 1251 773 erat

134 800 322 837 Romanis
338 817 345 838 :
379 801 658 852 compulsisque
672 803 773 839 intra
788 802 940 845 vallum,
962 803 1112 839 ademto
1127 815 1251 839 rerum

136 865 306 901 omnium
332 878 414 908 usu,
435 879 551 914 quum
577 879 695 916 prope
713 865 822 916 justa
841 865 989 902 obsidio
1015 872 1127 909 esset,
1147 866 1251 902 futu-

135 942 289 979 ramque
301 931 480 967 artiorem
496 943 579 966 eam
599 930 809 981 adpareret,
831 932 862 966 si
879 943 918 966 se
934 929 1123 974 Indibilis,
1140 943 1251 979 quem

137 1005 223 1031 cum
253 1000 395 1044 septem
425 994 591 1030 millibus
622 1000 660 1030 et
688 995 905 1043 quingentis
937 994 1251 1030 Suessetanorum

138 1058 341 1095 adventare
359 1059 461 1095 fama
480 1065 574 1102 erat,
597 1058 726 1095 Poenis
749 1058 1034 1109 conjunxisset5
1067 1059 1143 1096 dux
1163 1072 1250 1095 cau-
1265 1070 1297 1100 Ρ,
1313 1070 1468 1110 Scipionis

135 1128 195 1158 tus
216 1128 254 1158 et
277 1123 478 1172 providens
499 1123 642 1173 Scipio,
661 1123 782 1159 vietus
807 1122 1111 1165 necessitatibus,
1131 1129 1249 1158 teme·
1264 1121 1442 1187 ξξὲῃηῖἷίἑη.

135 1186 276 1222 ratium
313 1186 413 1236 capit
443 1186 657 1230 consilium,
688 1192 730 1222 ut
758 1192 872 1222 nocte
907 1185 1061 1222 Indibili
1099 1186 1385 1231 obviamsilmm,

133 1251 228 1286 iret:
261 1256 312 1293 et,
334 1263 572 1299 quocumque
591 1250 824 1287 obcurrisset
844 1249 944 1293 loco,
965 1249 1143 1299 proelium
1159 1263 1251 1286 con-

135 1322 287 1354 sereret.
343 1315 497 1352 Relicto
525 1316 644 1365 igitur
674 1316 823 1352 modico
849 1316 1023 1366 praesidio
1046 1316 1084 1351 in
1105 1317 1251 1360 castris,

135 1380 417 1431 praepositoque
444 1380 490 1417 T.
507 1380 670 1417 Fonteio
700 1380 842 1430 legato,
873 1381 997 1417 media
1022 1386 1134 1416 nocte
1164 1393 1252 1430 pro-

134 1444 271 1488 fectus,
301 1457 387 1481 cum
407 1444 527 1481 obviis
556 1445 731 1482 hostibus
750 1458 884 1482 manus
913 1445 1117 1482 conseruit.
1172 1446 1252 1494 Ag-

134 1509 240 1544 mina
266 1510 402 1557 magis,
432 1521 547 1558 quam
573 1509 687 1551 acies,
717 1509 962 1559 pugnabant:
995 1509 1165 1558 superior
1194 1516 1250 1545 ta-

135 1584 238 1615 men,
255 1578 298 1608 ut
311 1573 352 1608 in
370 1572 617 1609 tumultuaria
635 1585 778 1622 pugna,
794 1572 993 1609 Romanus
1014 1580 1094 1608 erat
1110 1588 1116 1608 :
1151 1580 1250 1609 cete·

135 1647 218 1671 rum
239 1642 276 1671 et
304 1636 448 1684 equites
475 1636 652 1672 Numidae
681 1643 851 1686 repente,
882 1648 975 1685 quos
1004 1635 1183 1673 fefellisse
1211 1649 1251 1673 se

137 1701 213 1736 dux
233 1706 335 1737 ratus
352 1707 446 1744 erat,
463 1701 510 1737 ab
530 1701 711 1738 lateribus
732 1702 963 1745 circumfusi,
980 1715 1159 1751 magnum
1176 1709 1250 1739 ter-

136 1777 261 1802 rorem
288 1764 461 1802 intulere.
519 1765 729 1802 Contracto
759 1766 935 1802 adversus
964 1766 1149 1802 Numidas
1171 1780 1251 1803 cer·

135 1829 279 1865 tamine
306 1841 421 1875 novo,
452 1830 585 1865 tertius
615 1831 768 1881 insuper
797 1831 949 1867 advenit
977 1831 1111 1874 hostis,
1138 1831 1249 1868 duces

135 1893 248 1929 Poeni
273 1893 441 1929 adsecuti
460 1893 507 1929 ab
534 1900 642 1943 tergo
662 1893 745 1945 jam
770 1902 1005 1946 pugnantes:
1039 1908 1251 1945 ancepsque

135 1957 311 2008 proelium
330 1957 527 1994 Romanos
554 1960 867 2003 circumsteterat,
890 1961 1052 1996 incertos
1079 1960 1118 1996 in
1138 1973 1249 2009 quem

134 2022 373 2072 potissimum
388 2023 552 2066 hostem,
571 2036 729 2072 quamve
743 2025 783 2062 in
798 2030 943 2074 partem
960 2024 1121 2061 conferti
1139 2037 1249 2075 erup-

134 2087 279 2123 tionem
302 2086 482 2124 facerent.
538 2088 731 2137 Pugnanti
755 2089 1001 2139 hortantique
1031 2090 1248 2139 imperatori

132 2157 170 2187 et
190 2150 379 2188 obferenti
408 2164 461 2195 se,
484 2152 548 2188 ubi
577 2153 759 2203 plurimus
789 2154 897 2191 labor
926 2160 1020 2197 erat,
1040 2153 1138 2190 latus
1159 2154 1249 2190 dex-

135 2223 234 2252 trum
264 2215 395 2252 lancea
424 2216 635 2267 trajicitur:
669 2231 884 2268 cuneusque
913 2220 943 2254 is
973 2219 1156 2262 hostium,
1186 2219 1250 2268 qui

132 2279 172 2314 in
192 2279 384 2316 confertos
406 2281 504 2316 circa
524 2281 657 2317 ducem
684 2282 854 2332 inpetum
874 2283 1029 2325 fecerat,
1050 2289 1092 2318 ut
1119 2282 1249 2318 exani-

133 2354 231 2379 mem
250 2342 440 2380 labentem
462 2356 506 2380 ex
523 2356 620 2393 equo
640 2345 856 2395 Scipionem
873 2347 979 2389 vidit,
1000 2345 1141 2385 alacres
1157 2358 1250 2395 gau-

655 2399 693 2434 Y
711 2410 734 2453 3
