1527 2661
330 212 415 257 554
795 215 840 244 r.
865 215 999 245 mvn

134 300 228 374 ΗΞ·
246 308 371 375 &get
398 304 502 341 venti
531 306 586 341 vis
615 305 739 342 omnis
768 306 919 349 cecidit,
950 312 989 342 et
1015 307 1144 343 hostes
1173 308 1214 346 ln
1242 321 1450 364 conspectu

169 365 177 374 ⁰
221 366 228 374 ”
313 366 452 413 'fuere,
473 375 516 406 ut
542 370 586 406 ad
604 372 870 421 componenda
895 378 1142 416 armamenta,
1158 375 1453 424 expediendum-

333 446 406 483 que
425 434 607 483 remigem
626 447 670 470 ac
690 434 849 471 militem
869 435 916 471 ad
940 435 1128 472 inminens
1148 444 1339 477 certamen
1359 443 1451 479 satis

332 497 514 547 temporis
536 504 645 534 esset.
702 497 809 534 Raro
829 498 921 534 alias
941 500 1058 535 tantis
1075 501 1209 537 animis
1223 501 1340 552 justae
1359 518 1453 543 con-

333 568 532 598 currerunt
550 562 687 599 classes
704 578 711 598 :
744 563 883 613 quippe
899 576 1015 612 quum
1027 564 1066 600 in
1083 564 1237 615 majoris
1253 566 1454 607 discrimen
1520 603 1522 608 ,

333 626 401 669 rei,
422 638 536 675 quam
555 626 646 676 ipsae
666 632 788 670 erant,
804 633 1031 677 pugnarent.
1087 628 1302 675 Tarentini,
1320 639 1375 676 ut,
1396 646 1456 670 re·
1520 630 1523 667 ἰ

332 697 514 742 cuperata
542 691 635 728 urbe
664 691 712 728 ab
731 691 918 728 Romanis
949 699 1038 743 post
1060 695 1310 732 centesimum
1337 710 1458 748 prope

333 769 488 800 annum,
507 771 633 794 arcem
652 758 767 794 etiam
782 757 1008 804 liberarent3
1032 771 1098 810 spe
1113 768 1345 799 commeatus
1361 776 1458 812 quo-

294 815 304 816 *
333 833 405 871 que
434 821 624 865 hostibus,
656 823 687 858 si
716 821 841 859 navali
869 822 1007 873 proelio
1035 825 1316 873 possessionem
1343 828 1459 865 maris

334 885 577 930 ademissent,
599 887 892 923 interclusuros:
926 886 1108 932 Romani,
1126 894 1181 933 ut,
1201 896 1350 928 retenta
1368 904 1459 942 pos-

335 951 504 987 sessione
531 952 641 995 arcis,
669 951 928 993 ostenderent,
959 965 1039 988 non
1059 953 1095 988 vi
1122 960 1188 990 aut
1212 955 1366 999 virtute,
1393 957 1459 994 sed

334 1014 553 1065 proditione
572 1028 616 1051 ac
635 1014 753 1057 furto,
774 1014 986 1050 Tarentum
1006 1015 1199 1053 amissum.
1255 1017 1391 1067 Itaque
1411 1033 1459 1057 ex

335 1084 495 1127 utraque
515 1084 623 1129 parte
638 1079 750 1127 signo
771 1078 861 1114 dato
878 1090 994 1126 quum
1013 1079 1147 1114 rostris
1163 1083 1458 1127 concurrissent,

335 1155 459 1193 neque
478 1149 582 1179 retro
601 1155 737 1179 navem
756 1141 988 1186 inhiberent,
1009 1156 1080 1180 nec
1099 1143 1224 1180 dirimi
1243 1145 1290 1182 ab
1310 1158 1350 1182 se
1368 1148 1461 1184 hos-

335 1213 413 1244 tem
433 1214 669 1257 paterentur,
691 1220 805 1257 quam
824 1207 906 1256 quis
927 1207 1103 1258 indeptus
1123 1221 1258 1245 navem
1273 1216 1368 1254 erat,
1385 1211 1462 1248 fer·

335 1284 398 1309 rea
428 1271 571 1322 injecta
604 1285 742 1319 manu;
775 1272 830 1308 ita
867 1272 1121 1309 conserebant
1157 1286 1202 1309 ex
1240 1276 1460 1325 propinquo

335 1349 518 1386 pugnam,
540 1344 583 1373 ut
601 1350 681 1373 non
700 1336 905 1373 missilibus
925 1342 1089 1381 tantum,
1106 1338 1171 1374 sed
1186 1338 1321 1387 gladiis
1343 1340 1458 1377 etiam

334 1413 454 1451 prope
480 1400 634 1437 conlato
663 1401 756 1451 pede
785 1407 979 1449 gereretur
1006 1414 1077 1438 res.
1134 1402 1263 1439 Prorae
1292 1403 1393 1439 inter
1420 1415 1461 1441 se

328 1464 476 1515 junctae
496 1465 708 1509 haerebant,
728 1478 873 1516 puppes
893 1465 1018 1502 alieno
1045 1467 1206 1515 remigio
1225 1467 1459 1517 circumage-

335 1528 498 1566 bantur:
533 1530 587 1565 ita
615 1530 654 1565 in
684 1535 768 1565 arto
797 1529 946 1579 stipatae
976 1535 1084 1565 erant
1103 1542 1231 1574 naves,
1254 1538 1296 1566 ut
1314 1532 1377 1568 vix
1406 1532 1464 1568 ul-

335 1593 415 1630 lum
448 1593 567 1630 telum
596 1594 636 1630 in
671 1594 766 1630 mari
795 1606 934 1629 vanum
971 1593 1236 1631 intercideret:
1268 1595 1463 1632 frontibus

337 1657 441 1695 velut
460 1658 644 1708 pedestris
664 1658 762 1694 acies
780 1657 982 1706 urgebant,
1000 1659 1214 1708 perviaeque
1232 1671 1348 1696 naves
1367 1673 1467 1710 pug-

339 1722 523 1760 nantibus
540 1729 662 1760 erant.
719 1722 886 1771 Insignis
909 1728 1036 1759 tamen
1055 1724 1155 1759 inter
1174 1729 1317 1760 ceteras
1338 1737 1468 1775 pugna

339 1788 414 1824 fuit
435 1787 609 1831 duarum,
632 1801 714 1837 quae
733 1787 865 1838 primae
887 1788 1049 1837 agminis
1070 1795 1341 1824 concurrerant
1366 1789 1470 1826 inter

339 1864 392 1888 se.
450 1851 496 1888 In
516 1852 695 1888 Romana
713 1864 809 1888 nave
829 1852 909 1902 ipse
924 1852 1129 1891 Quinctius
1149 1858 1244 1895 erat,
1262 1853 1300 1889 in
1319 1852 1467 1890 Taren-

341 1917 424 1952 tina
448 1916 566 1960 Nico,
588 1918 649 1953 cui
670 1916 833 1953 Perconi
852 1916 926 1952 fuit
955 1929 1185 1966 cognomen,
1205 1930 1285 1954 non
1310 1916 1467 1968 publico

341 1981 471 2025 modo,
493 1982 559 2018 sed
577 1982 726 2033 privato
755 1982 869 2019 etiam
889 1981 979 2017 odio
1001 1981 1144 2018 invisus
1165 1988 1278 2031 atque
1305 1981 1468 2019 infestus

342 2045 554 2083 Romanis:
587 2048 687 2097 quod
713 2046 793 2098 ejus
818 2046 996 2084 factionis
1024 2052 1118 2090 erat,
1147 2060 1230 2095 quae
1256 2046 1467 2084 Tarentum

342 2109 557 2148 Hannibali
583 2112 813 2162 prodiderat.
870 2110 949 2147 Hic
967 2110 1205 2153 Quinctium,
1233 2110 1344 2147 simul
1369 2123 1467 2161 pug-

342 2180 499 2212 nantem
525 2175 821 2225 hortantemque
848 2187 951 2219 suos,
972 2175 1169 2211 incautum
1187 2174 1298 2210 hasta
1316 2174 1467 2211 transfi-

343 2239 421 2288 git:
454 2239 517 2276 ille
536 2246 649 2290 atque
665 2252 831 2291 praeceps
850 2253 935 2276 cum
955 2240 1067 2276 armis
1088 2239 1251 2290 procidit
1266 2245 1355 2275 ante
1374 2251 1466 2289 pro-

342 2315 446 2339 ram:
479 2304 600 2340 victor
632 2304 878 2347 Tarentinus,
909 2304 949 2340 in
977 2303 1169 2340 turbatam
1198 2303 1292 2339 duce
1324 2302 1465 2338 amisso

344 2380 479 2406 navem
499 2369 645 2420 inpigre
668 2375 937 2419 transgressus,
959 2382 1075 2419 quum
1103 2368 1354 2406 submovisset
1373 2367 1467 2404 hos-
