1527 2661
417 171 571 200 LIBER
595 170 741 200 xxvx.
774 170 881 198 CAP.
905 169 1050 198 xxxx.
1204 171 1287 215 543

173 260 343 310 obpressis
371 262 618 310 Syracusanis,
653 261 798 310 tyranni
830 272 951 296 eorum
984 260 1225 309 Hippocrates
1256 267 1291 299 et
1303 268 1345 299 U.
1361 267 1399 298 C.
1418 275 1491 299 542.

174 325 365 374 Epicydes,
386 327 606 370 clausissent,
626 328 656 362 si
676 325 1036 373 Karthaginiensium
1061 327 1192 362 animis
1215 327 1289 363 bel·
1301 313 1340 342 A·
1357 311 1394 343 C·
1410 318 1484 343 ²¹⁰⁵

173 389 249 426 lum
268 402 347 426 cum
363 392 496 439 populo
516 391 681 426 Romano
698 391 884 438 gessissent
895 405 907 432 ,-
937 389 1023 437 quid
1047 389 1161 433 ultra,
1182 403 1289 438 quam

171 455 267 501 quod
274 453 424 503 fecerit,
444 457 514 492 nisi
532 460 573 491 ut
591 456 723 491 deleret
741 456 953 503 Syracusas,
966 453 1096 503 facere
1114 453 1291 490 hostiliter

171 517 390 555 Marcellum
413 521 574 568 potuisse
587 520 608 555 ,9
646 519 749 554 Certe
764 523 897 567 praeter
914 520 1045 554 moenia
1063 523 1099 554 et
1118 523 1211 554 tecta
1229 530 1290 555 ex-

171 580 301 618 hausta
328 583 435 627 urbis,
467 588 502 620 et
529 582 691 632 refracta
719 595 763 618 ac
788 583 947 630 spoliata
973 580 1096 634 Deu⁴m
1125 583 1287 625 delubra,

170 646 258 683 Diis
281 649 367 695 ipsis
392 649 679 697 ornamentisque
703 659 826 683 eorum
851 647 994 690 ablatis,
1013 646 1105 682 nihii
1123 647 1289 683 relictum

171 710 359 758 Syracusis
377 725 458 749 esse.
516 714 620 749 Bona
639 723 775 761 quoque
794 713 917 747 multis
935 712 1094 754 ademta,
1115 713 1168 747 ita
1186 715 1229 747 ut
1246 722 1290 747 ne

170 776 265 810 nudo
284 778 426 823 quidem
444 777 531 819 solo,
552 777 713 824 reliquiis
736 777 885 823 direpta?
903 774 1082 824 fortunae,
1104 776 1200 811 alere
1217 787 1290 811 sese

169 851 212 875 ac
228 851 308 875 suos
322 846 477 888 possent.
517 843 630 877 Orare
647 854 683 876 se
702 842 834 876 Patres
852 841 1082 888 conscripto-5,
1101 844 1156 883 ut,
1176 841 1207 876 si
1224 851 1289 876 ne·

169 909 301 951 queant
337 907 470 947 omnia,
502 908 644 947 saltem,
679 916 757 952 quae
793 908 1024 951 compareant
1060 905 1290 952 cognoscique

164 971 315 1017 possint,
350 972 489 1006 restitui
522 972 674 1006 dominis
695 969 861 1016 jubeant.
919 968 1029 1005 Talia
1058 974 1287 1018 conquestos

168 1046 285 1082 quum
311 1034 491 1070 excedere
519 1048 565 1070 ex
589 1034 748 1084 templo,
777 1040 819 1069 ut
846 1034 891 1069 de
924 1032 1125 1083 postulatis
1156 1045 1289 1069 eorum

167 1097 300 1133 Patres
327 1097 474 1134 consuli
500 1106 670 1148 possent,
696 1098 872 1135 Laevinus
896 1097 1087 1147 jussisset,
1110 1098 1289 1134 Maneant

168 1163 290 1204 immo,
321 1163 445 1211 inquit
478 1162 698 1206 Marcellus,
731 1169 772 1199 ut
804 1175 924 1200 coram
959 1163 1012 1198 his
1040 1164 1285 1210 respondeam,

169 1227 311 1274 quando
330 1238 373 1262 ea
392 1228 593 1263 conditione
606 1239 676 1275 pro
694 1227 801 1269 vobis,
823 1227 956 1262 Patres
975 1227 1176 1274 conscripti,
1193 1226 1288 1262 bella

164 1291 334 1338 gerimus,
355 1295 396 1326 ut
421 1292 532 1326 victos
559 1293 668 1326 armis
693 1297 915 1326 accusatore?
938 1290 1141 1326 habeamus,
1188 1291 1288 1326 Duce

167 1359 283 1402 captae
309 1355 374 1390 hoc
398 1367 494 1391 anno
520 1355 621 1391 urbes
648 1355 776 1404 Capua
802 1355 964 1390 ‚Fulvium
989 1366 1104 1397 reum,
1126 1354 1287 1390 Marcel-

168 1419 242 1454 lum
260 1418 448 1466 Syracusa?
466 1419 629 1454 habeant.

220 1481 381 1519 XXXI.
413 1482 598 1519 Reductis
625 1484 664 1519 in
692 1484 835 1519 curiam
861 1482 1011 1531 legatis,
1031 1488 1114 1519 tum
1137 1482 1284 1526 consul,
1298 1494 1413 1525 Siculis
1430 1504 1478 1525 fe-

169 1548 252 1583 Non
275 1548 363 1583 adeo
388 1545 600 1593 majestatis,
624 1547 762 1596 inquit,
780 1548 911 1596 populi
939 1546 1098 1583 Romani
1127 1549 1285 1596 imperii·
1297 1538 1485 1612 ffisscdeelius.

168 1623 234 1659 que
258 1609 362 1657 hujus
387 1612 514 1647 oblitus
539 1624 630 1653 sum,
653 1613 784 1648 Patres
803 1614 1005 1660 conscripti,
1025 1617 1080 1654 ut,
1099 1613 1129 1648 si
1149 1613 1192 1648 de
1209 1624 1287 1649 meo

167 1677 314 1711 crimine
333 1676 585 1723 ambigeretur,
603 1678 725 1712 consul
743 1678 904 1712 dicturus
922 1688 1097 1719 caussam,
1115 1689 1286 1713 accusan-

168 1739 257 1775 tibus
277 1740 421 1782 Graecz‘s,
432 1739 602 1788 fuerim:
619 1742 680 1776 sed
693 1753 777 1783 non,
795 1742 882 1789 quid
900 1753 963 1788 ego
970 1739 1142 1788 fecerim,
1160 1743 1197 1776 in
1212 1742 1285 1777 dis—

6 1849 12 1858 ,
165 1805 390 1851 quisitionem
408 1807 518 1847 venit,
536 1817 642 1853 quam
663 1807 752 1853 quid
772 1807 831 1840 isti
847 1807 928 1853 pati
947 1805 1157 1842 debuerint:
1176 1807 1238 1854 qui
1255 1807 1285 1842 sz'

5 1875 11 1910 ’,
166 1880 238 1903 non
245 1867 404 1915 fuerunt
423 1869 548 1911 hostes,
570 1870 662 1905 nihil
684 1872 843 1912 interest,
864 1882 970 1913 nunc,
988 1882 1034 1906 an
1052 1871 1133 1906 vivo
1150 1870 1284 1906 Hiero-

5 1923 7 1939 ²
166 1943 222 1974 ne,
243 1932 442 1979 Syracusas
466 1934 685 1969 violaverim.
734 1934 801 1969 Sin
827 1938 948 1970 autem
975 1934 1209 1976 desciverunt,
1234 1935 1285 1970 Ie·

162 2000 267 2042 gatos
298 2001 436 2031 nostros
456 1995 566 2044 ferro
595 2002 704 2045 atque
732 1999 842 2033 armis
867 1999 1064 2046 petierunt,
1093 1997 1216 2033 urbem
1244 2010 1287 2035 ac

0 2034 7 2106 ,ί
163 2063 296 2097 moenia
328 2062 546 2104 clauserunt,
577 2065 804 2111 exercituque
830 2064 1190 2111 Karthaginiensium
1219 2065 1286 2101 ad-

0 2129 1 2155 1
164 2139 283 2162 versus
301 2138 362 2162 nos
382 2128 491 2162 tutati
509 2133 619 2163 sunt:
649 2130 727 2176 quis
750 2141 874 2177 passos
899 2141 970 2165 esse
995 2128 1155 2171 hostilia,
1176 2141 1286 2177 quum

154 2190 328 2239 fecerint,
344 2193 592 2239 indignatur?
625 2193 820 2230 Tradentes
837 2194 958 2230 urbem
973 2195 1157 2242 principes
1171 2194 1285 2242 Syra·

164 2266 378 2291 cusanorum
403 2261 586 2292 aversatus
608 2268 711 2293 sum:
741 2257 856 2293 Sosim
883 2262 919 2293 et
943 2257 1122 2293 Mericum
1146 2257 1286 2306 Hispa-

164 2331 262 2362 num,
297 2319 421 2368 quibus
456 2325 596 2358 tantum
628 2323 819 2365 crederem,
847 2324 1004 2369 potiores
1033 2322 1152 2359 habui.
1200 2322 1282 2359 Non
