1527 2661
94 887 244 918 Moritur.

290 209 368 264 156
742 227 786 254 T.
813 227 945 256 L1v11

287 311 387 347 inter
412 318 558 348 motum
578 313 718 351 Africae
745 315 877 354 fraude
905 317 1183 360 Romanorum,
1212 318 1401 368 stipendio

287 376 403 411 etiam
423 376 576 428 insuper
595 378 778 429 inposito,
800 382 1063 432 interceptam.

342 440 396 478 ΙΙ.
427 441 499 477 His
521 443 653 480 anxius
676 446 774 481 curis
794 447 849 482 ita
868 459 907 482 se
923 446 1057 483 Africo
1075 444 1193 489 bello,
1209 445 1311 496 quod
1329 445 1404 483 fuit

289 505 358 542 sub
379 513 569 544 recentem
589 507 806 547 Romanam
826 525 973 561 pacem,
994 524 1060 562 per
1079 511 1245 560 quinque
1266 523 1402 554 annos,

289 570 344 606 ita
355 570 498 607 ‘deinde
518 585 655 609 novem
682 576 790 610 annis
817 576 856 611 in
876 575 1067 626 Hispania
1094 575 1266 623 augendo
1285 574 1404 611 Puni-

289 646 335 670 co
360 635 520 685 imperio
541 639 683 685 gessit,
716 645 758 675 ut
781 640 992 690 adpareret,
1020 639 1142 689 majus
1169 652 1269 682 eum,
1290 652 1404 689 quam

289 700 390 747 quod
411 708 572 748 gereret,
601 703 746 751 agitare
772 705 811 740 in
842 706 971 742 animo
995 704 1162 741 bellum:
1194 710 1245 747 et,
1270 704 1301 739 si
1321 704 1405 740 diu-

288 764 364 800 tius
395 766 564 810 vixisset,
599 767 820 805 Hamilcare
854 769 948 805 duce
981 769 1122 805 Poenos
1154 781 1258 804 arma
1284 767 1407 805 Italiae

290 827 475 866 inlaturos
505 831 635 875 fuisse,
665 846 747 882 quae
778 833 1009 870 Hannibalis
1037 833 1152 869 ductu
1183 831 1405 869 intulerunt.

289 892 400 929 Mors
428 894 657 933 Hamilcaris
684 904 969 948 peropportuna
995 904 1033 933 et
1061 897 1225 947 pueritia
1254 896 1407 933 Hanni-

95 954 278 987 Hasdrubal
290 956 386 993 balis
420 959 648 997 distulerunt
678 961 832 999 bellum.
878 962 1028 998 Medius
1060 959 1281 997 Hasdrubal
1307 960 1408 997 inter

95 1008 192 1038 gener
208 1000 235 1029 ei

97 1043 250 1074 succedit.

103 1604 130 1633 O
137 1604 277 1634 cciditur„

292 1028 438 1071 patrem
469 1029 507 1059 et
525 1024 644 1061 filium
673 1032 762 1062 octo
782 1026 901 1062 ferme
930 1038 1050 1063 annos
1081 1025 1280 1074 imperium
1302 1024 1405 1061 obti-

293 1087 377 1122 nuit
390 1103 401 1132 3
434 1087 525 1124 flore
547 1091 667 1125 aetatis
689 1091 761 1137 (uti
777 1091 922 1137 ferunt)
941 1091 1063 1140 primo
1084 1089 1295 1125 Hamilcari
1315 1102 1408 1126 con-

294 1150 441 1187 ciliatus
459 1168 468 1188 :
499 1166 616 1202 gener
634 1155 720 1190 inde
741 1155 790 1191 ob
812 1155 928 1191 altam
950 1154 1119 1190 indolem
1138 1159 1319 1203 provecto
1339 1166 1406 1190 an-

291 1216 350 1250 nis
382 1216 562 1260 adscitus,
584 1225 635 1261 et,
657 1220 745 1267 quia
765 1232 883 1267 gener
909 1226 1004 1262 erat,
1026 1219 1205 1255 factionis
1232 1218 1406 1254 Barcinae

292 1279 443 1329 opibuS,
465 1293 547 1329 quae
568 1283 667 1331 apud
687 1282 825 1318 milites
846 1282 1070 1332 plebemque
1090 1281 1174 1331 plus
1194 1295 1308 1331 quam
1325 1295 1410 1318 mo-

294 1343 386 1380 dicae
407 1351 529 1388 erant,
550 1346 651 1382 haud
672 1359 762 1382 sane
782 1347 979 1383 voluntate
1001 1347 1229 1397 principum,
1250 1347 1410 1396 imperio

294 1410 453 1459 potitus.
510 1410 563 1452 Is,
593 1410 701 1462 plura
734 1412 909 1453 consilio,
931 1424 1044 1460 quam
1073 1411 1124 1454 vi,
1146 1423 1293 1459 gerens,
1320 1411 1411 1447 hos-

295 1474 399 1523 pitiis
426 1475 644 1523 regulorum
674 1476 809 1524 magis,
841 1476 1163 1524 conciliandisque
1189 1488 1255 1524 per
1281 1476 1412 1512 amici-

294 1539 388 1574 tiam
415 1540 628 1589 principum
654 1540 763 1576 novis
784 1540 975 1589 gentibus,
996 1553 1108 1589 quam
1134 1539 1237 1576 bello
1260 1545 1325 1575 aut
1351 1553 1411 1576 ar-

297 1602 381 1645 mis,
408 1615 487 1638 rem
516 1603 880 1652 Karthaginiensem
908 1605 1026 1640 auxit.
1084 1603 1263 1639 Ceterum
1289 1603 1410 1640 nihilo

297 1666 331 1702 ei
351 1679 423 1716 pax
445 1669 565 1703 tutior
584 1667 680 1704 fuit:
712 1668 895 1704 barbarus
916 1681 1000 1704 eum
1022 1669 1173 1717 quidam
1199 1667 1338 1717 palam,
1359 1668 1410 1705 ob

297 1731 392 1768 iram
412 1733 603 1769 interfecti
625 1734 671 1770 ab
692 1746 738 1770 eo
759 1734 917 1776 domini,
939 1733 1206 1777 obtruncavit,
1239 1745 1410 1782 compre-

297 1797 513 1846 hensusque
551 1798 598 1835 ab
630 1798 963 1835 circumstantibus
997 1798 1098 1834 haud
1129 1797 1219 1840 alio,
1240 1810 1352 1846 quam
1379 1798 1410 1833 si

299 1864 491 1906 evasisset,
520 1863 626 1899 vultu
641 1880 651 1908 3
683 1864 884 1900 tormentis
911 1875 1061 1911 quoque
1086 1874 1201 1910 quum
1228 1861 1412 1898 lacerare-

298 1933 373 1970 tur,
403 1940 448 1963 eo
468 1927 540 1963 fuit
566 1928 700 1964 habitu
728 1929 818 1972 oris,
848 1934 902 1971 nt,
925 1934 1125 1978 superante
1151 1926 1285 1962 laetitia
1305 1927 1414 1963 dolo-

298 2003 371 2034 reS,
406 1991 562 2027 ridentis
597 1993 711 2027 etiam
744 1993 908 2041 speciem
940 1991 1155 2040 praebuerit.
1214 1991 1311 2026 Cum
1339 1991 1414 2027 hoc

299 2055 556 2099 Hasdrubale,
582 2057 670 2105 quia
698 2058 803 2093 mirae
834 2057 924 2092 artis
952 2056 991 2091 in
1021 2054 1268 2091 sollicitandis
1289 2056 1414 2103 genti-

300 2120 385 2164 bus,
405 2122 640 2171 imperioque
660 2121 867 2171 j'zngendis
895 2133 963 2156 suo
989 2119 1125 2161 fuerat,
1152 2118 1275 2154 foedus
1303 2132 1415 2156 reno—

302 2189 456 2221 vaverat
474 2185 635 2234 populus
657 2184 868 2227 Romanus,
890 2190 930 2219 ut
950 2183 1033 2219 finis
1054 2183 1249 2230 utriusque
1268 2183 1416 2232 imperii

303 2255 402 2284 esset
422 2250 542 2285 amnis
571 2249 718 2291 Iberus,
747 2249 1044 2297 Saguntinisque
1064 2247 1195 2282 mediis
1224 2247 1324 2283 inter
1342 2248 1413 2283 im—

303 2315 407 2364 peria
427 2314 586 2350 duorum
606 2313 834 2364 populorum
854 2313 1008 2349 libertas
1028 2318 1251 2347 servaretur.

362 2378 437 2415 ΙΙΙ.
468 2379 513 2415 ln
544 2378 796 2415 Hasdrubalis
828 2378 953 2415 locum
982 2377 1085 2414 haud
1110 2375 1226 2413 dubia
1251 2387 1309 2412 res
1328 2374 1416 2419 fuit,
