1527 2661
302 205 455 235 mmm
480 203 611 233 xx11.
644 204 751 233 CAP.
777 204 966 232 xxxin.
1107 193 1185 246 267

137 293 337 333 XXXIII.
366 296 439 332 Per
461 295 612 332 eosdem
635 295 713 331 dies
738 294 952 345 speculator
977 293 1186 343 Karthagi-
1200 291 1241 322 U·
1256 290 1292 321 C·
1307 299 1366 322 ⁵³⁵

77 360 236 404 niensis,
257 361 320 410 qui
349 373 415 411 per
442 360 637 396 biennium
662 359 860 402 fefellerat,
890 359 1025 395 Romae
1054 359 1185 409 depre-

1198 336 1238 364 A.
1251 334 1288 364 C.
1306 341 1379 369 217.

1199 387 1383 427 SpeculatOt

85 424 236 468 hensus,
250 425 488 475 p'raecisisque
502 423 675 460 manibus
692 424 864 460 dimissus
881 438 888 459 :
913 429 950 458 et
963 423 1061 459 servi
1076 424 1186 472 quin-
1199 430 1326 461 Poenus.

85 503 157 540 que
177 497 215 528 et
229 492 364 540 viginti
379 492 418 528 iu
435 504 582 528 crucem
598 492 686 534 acti,
704 490 805 540 quod
823 491 863 526 in
882 490 1028 539 Campo
1041 489 1186 526 Martio

81 550 367 606 conjurassent:
400 555 515 592 indici
535 556 622 592 data
641 555 794 591 libertas
823 561 861 590 et
880 555 961 591 aeris
982 555 1104 603 gravis
1131 556 1185 590 vi-

76 696 206 733 rregem
231 685 336 721 missi
361 685 408 721 ad
427 684 704 735 deposcendum
728 683 965 720 Demetrium
990 683 1169 719 Pharium

80 747 158 796 qui,
178 746 279 783 bello
296 748 431 792 victus,
452 748 499 784 ad
513 760 597 783 eum
616 747 799 796 fugisset:
832 752 870 782 et
888 746 951 783 alii
971 747 1010 783 in
1024 746 1185 795 Ligures

79 811 126 847 ad
148 811 475 862 expostulandum,
497 811 599 861 quod
616 811 780 848 Poenum
799 810 934 861 opibus
961 810 1185 860 auxiliisque

77 876 152 912 suis
162 874 350 926 juvissent
365 892 372 913 :
405 876 515 913 simul
531 877 577 913 ad
592 876 787 913 visendum
800 889 846 912 ex
859 876 1087 926 propinquo,
1102 888 1184 925 quae

76 939 116 976 in
138 940 244 976 Boiis
271 948 383 991 atque
411 940 634 978 Insubribus
656 946 889 990 gererentur.
946 939 1007 975 Ad
1024 939 1186 976 PIneum

78 1016 228 1054 quoque
247 1017 374 1054 regem
392 1006 430 1042 in
446 1004 596 1055 Illyrios
616 1004 734 1054 legati
753 1004 858 1041 missi
875 1004 921 1040 ad
940 1004 1184 1055 stipendium,

77 1066 184 1118 cujus
201 1067 277 1105 dies
294 1066 450 1114 exierat,
468 1069 699 1120 poscendum
713 1085 724 1115 3
757 1074 837 1112 aut,
853 1069 884 1104 si
901 1068 999 1104 diem
1017 1068 1187 1119 proferre

80 1131 205 1176 vellet,
220 1133 371 1170 obsides
387 1132 626 1185 accipiendos
643 1149 651 1170 ε
684 1134 793 1177 adeo,
809 1134 880 1169 etsi
893 1132 1035 1169 bellum
1052 1134 1187 1182 ingens

73 1197 120 1232 rin
140 1198 345 1235 cervicibus
365 1204 459 1242 erat,
480 1197 617 1235 nullius
637 1211 794 1247 usquam
818 1204 1003 1234 terrarum
1025 1197 1078 1233 rei
1098 1210 1188 1234 cura

79 1260 291 1307 Romanos,
310 1276 359 1299 ne
376 1262 586 1312 longinqua
604 1263 768 1313 quidem,
789 1261 1004 1311 effugiebat.
1062 1262 1107 1299 In
1126 1275 1186 1299 re·

76 1326 259 1376 ligionem
287 1329 400 1364 etiam
429 1328 545 1371 venit,
576 1326 691 1364 aedem
717 1327 957 1369 Coneordiae,
979 1339 1089 1376 quam
1119 1339 1186 1378 per

73 1392 303 1428 seditionem
331 1392 531 1428 militarem
549 1391 706 1428 biennio
727 1398 814 1428 ante
833 1391 878 1427 L.
895 1390 1063 1427 Manlius
1089 1404 1184 1442 prae·

79 1464 140 1491 tor
169 1455 207 1492 in
234 1455 362 1492 Gallia
388 1456 566 1498 vovisset,
595 1455 759 1492 locatam
787 1455 834 1492 ad
862 1455 899 1491 id
926 1461 1073 1505 tempus
1106 1467 1187 1492 non

72 1533 159 1557 esse
175 1535 182 1556 :
202 1520 338 1570 'Itaque
354 1520 539 1557 duumviri
559 1521 606 1557 ad
625 1533 706 1557 eam
723 1532 801 1556 rem
815 1521 933 1556 creati
953 1533 975 1556 a
988 1519 1044 1557 M.
1057 1519 1183 1557 AEmi-

72 1584 129 1620 ‘lio
144 1591 304 1635 praetore
324 1584 440 1629 urbis,
455 1585 525 1622 Cn.
541 1585 683 1636 Pupius
697 1591 734 1621 et
748 1584 800 1621 K.
817 1585 1019 1623 Quinctius
1040 1583 1182 1620 Flami,

0 1661 3 1709 ζ
77 1648 205 1691 ninus,
219 1648 335 1685 aedem
353 1649 393 1685 in
413 1661 497 1685 arce
516 1648 728 1685 faciendam
748 1648 980 1684 locaverunt.
1034 1647 1096 1683 Ab
1117 1661 1182 1684 eo-

78 1712 162 1748 dem
180 1718 341 1762 praetore
369 1724 415 1750 ex
444 1713 772 1749 senatusconsulto
803 1712 921 1748 literae
942 1712 989 1748 ad
1008 1711 1182 1749 consules

0 1754 14 1845 ἐς
80 1776 217 1819 missae,
237 1782 294 1819 ut,
314 1776 345 1811 si
374 1776 418 1812 iis
438 1776 640 1818 videretur,
659 1775 756 1811 alter
786 1788 915 1812 eorum
944 1775 991 1811 ad
1011 1774 1182 1812 consules

0 1852 2 1876 ι
78 1839 257 1876 creandos
287 1838 451 1876 Romam
480 1840 647 1875 veniret:
675 1852 718 1875 se
748 1840 785 1875 in
815 1851 898 1875 eam
927 1839 1039 1882 diem,
1069 1852 1182 1888 quam

0 1944 15 1954 NJ
71 1902 288 1953 jussissent,
309 1904 463 1939 comitia
478 1903 699 1940 edicturum.
754 1902 815 1938 Ad
831 1903 911 1938 haec
926 1915 947 1938 a
963 1902 1182 1939 consulibus

11 1956 16 1994 i
76 1968 312 2017 rescriptum,
342 1969 428 2004 Sine
459 1970 668 2005 detrimento
701 1967 903 2016 reipublicae
938 1967 1077 2003 abscedi
1111 1979 1183 2004 non

72 2043 175 2079 posse
194 2032 237 2067 ab
255 2031 375 2068 hoste:
403 2034 524 2080 itaque
538 2044 606 2080 per
630 2033 838 2079 interregem
857 2032 1000 2067 comitia
1021 2031 1183 2067 habenda

14 2127 17 2148 ζ
75 2107 145 2131 esse
170 2097 302 2143 potius,
332 2108 439 2143 quam
467 2097 647 2132 consulum
675 2096 766 2132 alter
794 2108 816 2131 α
844 2095 933 2132 bello
960 2100 1182 2131 avocaretur.

15 2150 17 2180 ⁴¹
76 2158 250 2196 Patribus
270 2161 407 2196 rectius
429 2161 545 2196 visum
567 2167 637 2203 est,
655 2159 878 2196 dictatorem
897 2172 919 2196 a
939 2157 1091 2194 consule
1108 2159 1182 2195 dici

78 2224 318 2261 comitiorum
339 2224 599 2262 habendorum
619 2237 771 2261 caussa:
804 2224 924 2260 dictus
944 2223 1182 2259 L.Veturius

76 2285 201 2331 Philo,
220 2288 278 2325 M.
297 2288 551 2340 Pomponium
575 2288 801 2325 Mathonem
825 2288 1048 2336 magistrum
1077 2286 1182 2335 equi-

71 2357 155 2387 tum
176 2351 281 2390 dixit.
337 2352 410 2389 His
440 2353 533 2389 vitio
563 2352 712 2405 creatis,
734 2351 930 2403 jussisque
949 2349 1007 2386 die
1027 2355 1181 2400 quarto-

578 2416 616 2453 N
638 2417 661 2452 2

83 620 179 668 ginti
207 620 335 657 millia.
390 620 530 670 Legati
554 626 591 656 et
620 620 667 656 ad
685 619 903 670 Philippum
930 618 1183 655 Macedonum
1198 622 1368 696 {255}qu

1173 711 1185 726 '
1200 711 1299 740 missi.
