1527 2661
336 213 488 242 LIBER
512 212 621 240 xxl.
654 211 761 240 CAP.
782 213 924 241 XLvt.
1096 216 1174 260 203

77 308 163 349 lent,
184 308 351 342 daturum
368 318 404 341 se
422 316 579 354 operam,
601 316 644 340 ne
668 303 767 350 quus
783 317 927 341 suorum
947 307 1184 354 popularium
1198 310 1240 341 U.
1252 310 1288 341 C.
1304 318 1376 342 534·

74 376 250 407 mutatam
268 383 385 407 secum
392 369 586 418 fortunam
605 381 675 405 esse
692 369 835 405 vellent.
891 369 1015 405 Servis
1033 383 1182 420 quoque
1195 355 1235 385 A·
1248 354 1284 385 C·
1302 361 1376 385 218.

75 435 247 470 dominos
285 435 494 483 prosecutis
532 433 746 469 libertatem
786 434 980 483 proponit,
1019 433 1183 483 binaque

72 511 142 548 pro
161 498 217 533 his
237 499 425 547 mancipia
445 497 605 532 dominis
627 508 666 532 se
686 496 933 534 redditurum.
989 497 1122 546 anue
1142 504 1185 533 ut

75 569 158 598 rata
177 563 316 598 scirent
334 562 430 604 fore,
451 574 591 610 agnum
609 560 703 596 laeva
722 573 850 603 manu,
869 561 1023 597 dextera
1040 560 1182 598 silicem

76 626 256 668 retinens,
274 626 302 661 si
317 624 477 667 falleret,
492 625 516 660 J
519 637 627 660 ovem
640 630 859 672 ceterosque
875 631 1046 674 precatus
1061 624 1181 668 Deos,

76 690 130 725 ita
150 702 189 725 se
217 696 440 731 mactarent,
462 687 776 738 quemadmodum
803 689 883 738 ipse
912 701 1052 737 agnum
1079 702 1182 725 mac-

73 758 205 796 tasset,
236 753 441 789 secundum
473 753 730 802 precationem
763 758 876 801 caput
907 753 1058 802 pecudis
1090 766 1181 790 saxo

74 815 184 852 elisit.
240 816 341 852 Tum
366 829 457 852 vero
475 827 619 858 omneS,
651 814 753 851 velut
778 815 863 851 Diis
895 816 1111 853 auctoribus
1141 818 1180 853 in

74 892 179 930 spem
211 892 316 916 suam
337 881 494 929 quisque
526 879 704 929 acceptis,
734 879 771 914 id
799 892 929 923 morae,
950 881 1062 929 quod
1083 894 1179 917 non-

74 943 163 980 dum
190 951 419 994 pugnarent,
441 944 487 980 ad
516 943 697 993 potienda
719 950 869 992 sperata
897 944 985 986 rati,
1003 943 1180 994 proelium

74 1019 151 1043 uno
171 1008 298 1043 animo
320 1014 358 1043 et
376 1020 469 1043 voce
490 1019 565 1042 una
583 1012 759 1056 poscunt.

126 1070 272 1108 XLVI.
302 1072 416 1121 Apud
434 1071 631 1107 Romanos
659 1071 948 1119 haudquaquam
973 1078 1082 1107 tanta
1100 1071 1178 1107 ala-

75 1135 186 1171 critas
214 1142 307 1178 erat,
338 1148 450 1185 super
480 1141 604 1171 cetera
637 1134 849 1171 recentibus
884 1136 998 1172 etiam
1026 1136 1178 1171 territos

76 1199 280 1247 prodigiis:
311 1211 399 1235 nam
426 1205 463 1234 et
489 1198 598 1248 lupus
619 1199 824 1234 intraverat
850 1205 988 1241 castra,
1009 1198 1178 1234 laniatis·
1192 1208 1334 1247 Prodigia

76 1274 146 1310 que
166 1262 286 1298 obviis
306 1262 386 1312 ipse
411 1263 574 1298 intactus
603 1268 793 1307 evaserat,
827 1269 864 1297 et
891 1274 1047 1298 examen
1067 1275 1179 1312 apum
1193 1251 1361 1325 {lossgilriiss

75 1327 115 1361 in
141 1325 273 1362 arbore
302 1327 480 1375 praetorio
507 1326 716 1361 inminente
743 1326 976 1362 consederat.
1031 1326 1179 1365 Quibus

76 1391 299 1438 procuratis,
335 1390 476 1438 Scipio,
516 1403 600 1425 cum
634 1391 803 1438 equitatu
828 1389 1180 1439 jaculatoribusque

75 1453 255 1502 expeditis
282 1453 472 1502 profectus
503 1453 549 1488 ad
582 1459 703 1488 castra
732 1454 912 1496 hostium,
944 1466 1062 1502 exque
1091 1467 1179 1503 pro-

74 1518 215 1566 pinquo
235 1518 376 1566 copias,
398 1524 564 1565 quantae,
584 1524 621 1552 et
641 1516 746 1566 cujus
767 1518 913 1566 generis
934 1525 1071 1560 essent,
1094 1530 1179 1567 spe-

75 1580 265 1624 culandas,
280 1581 412 1617 obvius
429 1581 471 1617 fit
490 1581 715 1624 Hannibali,
737 1589 774 1617 et
793 1582 864 1631 ipsi
884 1594 969 1618 cum
989 1581 1189 1631 equitibus-

75 1644 120 1680 ad
141 1644 371 1694 exploranda
401 1645 502 1681 circa
522 1644 607 1680 loca
632 1657 856 1694 progresso:
889 1646 1014 1681 neutri
1040 1645 1176 1681 alteros

73 1700 195 1757 primo
221 1707 448 1744 cernebant:
481 1709 631 1744 densior
650 1709 783 1745 deinde
801 1710 951 1744 incessu
976 1716 1035 1744 tot
1054 1709 1178 1744 homi-

72 1784 163 1807 num
183 1784 436 1821 equorumque
456 1773 581 1808 oriens
601 1772 721 1822 pulvis
742 1775 893 1821 signum
921 1773 1180 1822 propinquan-

74 1837 169 1871 tium
195 1836 362 1871 hostium
389 1836 474 1872 fuit.
531 1837 715 1872 Constitit
742 1843 940 1885 utrumque
965 1848 1114 1884 agmen,
1142 1842 1179 1871 et

74 1900 210 1949 proelio
230 1913 309 1936 sese
330 1902 590 1951 expediebant.
640 1901 1011 1951 Scipiojaculatores
1032 1908 1069 1937 et
1086 1901 1177 1937 Gal-

75 1964 131 2000 los
152 1965 294 2012 equites
321 1966 359 2000 in
379 1965 506 2000 fronte
524 1965 650 2011 locat,
681 1964 894 2008 Romanos,
915 1966 1176 2014 sociorumque
1190 1971 1300 2009 Pugna
1317 2015 1321 2019 .

75 2028 174 2076 quod
199 2028 348 2064 roboris
367 2029 454 2072 fuit,
483 2031 522 2065 in
550 2030 737 2066 subsidiis.
793 2029 989 2065 Hannibal
1007 2029 1175 2065 frenatos
1188 2022 1339 2088 Ξὲυξῗὲἓὸ

75 2094 216 2139 equites
242 2094 280 2129 in
307 2095 471 2131 medium
501 2096 654 2144 accipit,
679 2107 820 2131 cornua
845 2095 1021 2131 Numidis
1041 2095 1175 2131 firmat.
1190 2111 1281 2132 num.

74 2157 238 2194 Vixdum
258 2159 421 2196 clamore
447 2160 610 2203 sublato,
624 2159 856 2210 jaculatores
876 2161 1055 2209 fugerunt
1079 2161 1178 2196 inter

76 2220 241 2258 subsidia
266 2223 312 2258 ad
339 2224 540 2259 secundam
570 2225 711 2259 aciem:
744 2224 830 2260 inde
859 2225 1026 2273 equitum
1057 2230 1178 2258 certa-

76 2294 161 2320 men
180 2292 259 2322 erat
285 2287 516 2336 aliquamdiu
543 2300 703 2337 anceps:
736 2287 836 2331 dein,
858 2290 945 2336 quia
972 2287 1179 2323 turbabant

76 2358 190 2394 equos
207 2350 348 2400 pedites
370 2352 595 2394 intermixti,
615 2344 742 2388 multis
762 2351 976 2389 labentibus
997 2364 1043 2387 ex
1058 2351 1177 2400 equis,

580 2415 665 2452 Ka
