1507 2630
438 174 595 204 LIBER
621 175 693 204 lx.
727 174 835 204 CAP.
858 173 955 202 VII„
1203 173 1251 203 11

140 263 255 305 Quod
280 266 344 304 ubi
374 274 432 303 est
451 268 621 318 Capuam
649 268 886 309 nunciatum,
917 265 1029 301 evicit
1058 265 1252 301 miseratio
1264 261 1356 337 ἕιὲ·
1374 265 1448 336 ξῗξ·

134 327 242 379 justa
277 332 467 368 sociorum
511 331 727 382 superbiam
770 330 981 379 ingenitam
1019 329 1249 379 Campanis:

141 393 343 431 confestim
372 396 537 444 insignia
566 408 633 431 sua
662 393 895 436 consulibus,
919 393 1054 436 fasces,
1085 392 1253 435 lictores,

141 469 259 501 arma,
288 471 419 508 equos,
451 460 689 502 vestimenta,
718 464 951 495 commeatus
978 457 1162 493 militibus
1188 456 1256 493 be-

140 521 256 570 nigne
282 524 462 559 mittunt:
496 530 534 560 et
560 523 800 560 venientibus
822 523 993 572 Capuam
1013 528 1170 558 cunctus
1198 532 1262 556 se-

140 591 252 621 natus
286 587 536 636 populusque,
572 587 723 623 obviam
754 587 908 635 egressi,
932 586 1048 636 justis
1079 585 1256 622 omnibus

139 648 408 697 hospitalibus,
443 652 673 699 privatisque
706 657 743 686 et
772 650 933 700 publicis
960 650 1174 698 funguntur
1199 649 1258 686 of-

141 709 258 747 ficiis:
291 725 414 762 neque
443 713 516 749 illis
547 715 737 750 sociorum
767 714 941 755 comitas,
961 713 1163 762 vultusque
1191 713 1258 749 be-

139 776 262 824 nigni,
283 782 321 812 et
341 777 517 827 adloquia
543 790 622 813 non
650 778 763 814 modo
785 789 998 814 sermonem
1023 777 1172 820 elicere,
1194 777 1262 813 sed

140 853 202 884 ne,
234 848 276 878 ut
308 842 439 878 oculos
468 843 619 892 quidem
649 842 889 885 adtollerent,
921 848 986 877 aut
1016 840 1258 877 consolantes

141 906 283 942 amieos
307 913 442 943 contra
466 908 718 951 intuerentur,
740 907 886 943 efficere
912 912 1102 956 poterant.
1149 905 1260 942 Adeo

141 981 254 1020 super
279 984 481 1008 moerorem
507 972 630 1022 pudor
650 972 802 1021 quidam
828 971 961 1020 fugere
987 970 1192 1019 conloquia
1222 975 1260 1006 et

142 1040 263 1071 coetus
279 1035 476 1072 hominum
495 1036 670 1085 cogebat.
713 1035 876 1072 Postero
892 1035 952 1071 die
967 1046 1083 1083 quum
1096 1032 1257 1084 juvenes

140 1098 303 1143 nobiles,
331 1100 436 1136 missi
466 1114 489 1137 a
518 1102 664 1150 Capua,
691 1106 734 1136 ut
763 1100 1046 1150 proficiscentes
1073 1098 1120 1134 ad
1146 1097 1261 1134 finem

144 1162 382 1212 Campanum
401 1171 736 1214 prosequerentur,
758 1164 1001 1200 revertissent
1014 1179 1025 1208 3
1058 1162 1261 1214 yocatique

142 1225 182 1261 in
216 1226 358 1261 curiam
394 1227 730 1275 percunctantibus
764 1226 972 1274 majoribus
1001 1231 1110 1267 natu,
1146 1226 1260 1261 multo

135 1290 203 1326 sibi
232 1292 420 1327 moestiores
447 1296 483 1327 et
517 1289 716 1337 abjectioris
751 1291 865 1325 animi
898 1291 1003 1330 visos,
1040 1287 1251 1334 referrent3

140 1355 228 1391 adeo
252 1355 368 1397 silens,
391 1367 434 1391 ac
451 1367 566 1403 prope
589 1359 730 1390 mutum
760 1366 888 1402 agmen
915 1354 1114 1390 incessisse:
1144 1358 1271 1391 tacere-

134 1419 291 1455 indolem
321 1419 426 1455 illam
455 1418 672 1462 Romanam,
700 1418 904 1466 ablatosque
933 1429 1010 1453 cum
1042 1418 1152 1453 armis
1180 1420 1261 1454 cmi-

139 1494 238 1519 mos:
264 1495 334 1519 non
362 1484 511 1519 reddere
538 1484 705 1525 salutem,
732 1494 801 1518 non
829 1481 1068 1518 salutantibus
1086 1481 1175 1517 dare
1199 1494 1257 1519 re·-

137 1559 316 1596 sponsum,
349 1560 419 1584 non
450 1548 583 1584 hiscere
611 1559 823 1595 quemquam
852 1558 930 1594 prce
960 1550 1059 1582 melu.
1083 1549 1255 1594 potuisse,

142 1617 326 1660 tamquam
344 1612 547 1662 ferentibus
576 1612 693 1648 adhuc
721 1611 911 1647 cervicibus
929 1609 1076 1658 jugum,
1106 1611 1169 1646 sub
1189 1624 1258 1659 quo

140 1679 258 1713 emissi
274 1682 396 1714 essent.
425 1677 569 1713 Habere
591 1676 772 1712 Samnites
794 1677 995 1718 victoriam,
1015 1687 1086 1711 non
1101 1676 1257 1723 praecla-

139 1754 220 1777 ram
237 1743 365 1783 solum,
386 1743 446 1777 sed
464 1743 572 1777 etiam
588 1744 799 1787 perpetuam
814 1755 826 1775 .·
857 1741 986 1788 cepisse
1000 1740 1095 1775 enim
1110 1751 1167 1775 eos
1184 1751 1259 1776 non

143 1805 309 1848 Romam,
329 1807 420 1842 sicut
445 1809 528 1841 aule
551 1805 688 1847 Gallos,
707 1805 782 1846 sed,
804 1805 902 1851 quod·
923 1804 1039 1840 mullo
1057 1803 1255 1841 bellicosius

129 1869 262 1919 fuerit,
283 1870 488 1906 Romanam
506 1871 676 1905 virtutem
683 1867 945 1917 ferociamque.

190 1933 280 1971 VII.
311 1934 439 1973 Quum
465 1933 545 1970 haec
565 1934 779 1970 dicerentur
804 1932 1111 1980 audirenturque,
1133 1938 1170 1968 et
1190 1933 1252 1968 de-

139 1997 328 2049 ploratum
349 2010 445 2047 pene
471 1997 690 2033 Romanum
715 2009 857 2032 nomen
882 1997 923 2032 in
943 1995 1107 2032 concilio
1128 1997 1252 2032 socio-

138 2074 222 2098 rum
251 2061 417 2098 fidelium
449 2067 573 2106 esset;
603 2061 741 2097 dicitur
771 2059 908 2096 Ofilius
939 2058 1131 2102 Calavius,
1163 2059 1353 2112 OviiOfflii
1371 2083 1410 2112 de

136 2125 250 2169 filius,
277 2125 397 2162 clarus
419 2140 554 2176 genere
574 2127 774 2176 factisque,
799 2133 882 2163 tum
908 2127 1023 2162 etiam
1050 2132 1162 2162 aetate
1188 2138 1251 2161 ve·
1266 2125 1430 2174 Romano-

138 2190 290 2234 rendus,
308 2190 421 2240 longe
436 2191 546 2227 aliter
564 2204 603 2228 se
619 2192 760 2228 habere
780 2203 859 2227 rem
874 2191 1013 2227 dixisse
1028 2205 1035 2226 :
1060 2190 1253 2226 Silentium
1265 2170 1448 2250 ἕξις-’ἕξω

141 2255 234 2291 illud
253 2255 479 2299 obstinatum,
497 2257 664 2305 fixosque
692 2258 728 2292 in
758 2260 889 2292 terram
911 2256 1042 2297 oculos,
1064 2259 1099 2291 et
1125 2256 1252 2292 surdas
1264 2258 1366 2288 cium.

143 2320 190 2356 ad
208 2321 327 2357 omnia
345 2321 477 2358 solatia
497 2333 612 2365 aures,
634 2326 669 2357 et
683 2321 861 2368 pudorem
881 2320 1060 2357 intuenda>
1078 2319 1177 2363 lucis,
1198 2321 1253 2355 in-

657 2384 735 2422 136
