1527 2661
370 216 525 245 LIBER
549 216 597 244 X.
632 215 738 244 CAP.
763 215 929 243 XXVII.
1124 215 1198 246 111

88 302 303 353 pectoribus
341 316 523 353 equorum
558 315 739 352 suspensa
769 308 960 351 gestantes
994 303 1132 353 capita,
1163 310 1201 339 et

89 366 228 402 lanceis
248 366 377 410 infixa,
399 373 630 415 ovantesque
651 367 764 402 moris
788 366 842 401 sui
866 367 1042 402 carmine.
1088 368 1198 410 Sunt,

87 431 151 479 qui
170 430 335 467 Umbros
352 432 481 475 fuisse,
497 444 576 467 non
593 431 738 472 Gallos,
757 431 932 474 tradant5
965 443 1035 466 nec
1049 436 1201 467 tantum

87 494 202 531 cladis
220 503 415 545 acceptum
432 512 439 532 :
473 502 511 532 et
531 497 794 532 circumventis
812 495 1099 545 pabulatoribus
1116 509 1201 532 cum

86 558 131 596 L.
153 559 302 596 Manlio
322 561 519 609 Torquato
538 560 665 609 legato
687 560 902 609 Scipionem
929 567 1202 609 propraetorem

87 623 296 660 subsidium
317 637 336 660 e
353 626 484 660 castris
502 624 646 666 tulisse,
664 625 901 672 victoresque
922 623 1100 666 Umbros,
1118 624 1204 659 red-

88 688 278 736 integrato
315 688 465 738 proelio,
500 689 619 724 victos
657 701 750 730 esse,
790 689 1034 738 captivosque
1072 688 1124 724 eis
1159 700 1206 724 ae

85 751 249 801 praedam
270 753 469 788 ademtam.
514 751 679 787 Sinnilius
700 764 789 787 vero
809 758 879 793 est,
901 764 923 786 a
942 751 1054 787 Gallo
1075 752 1200 795 hoste,

87 828 198 864 quam
227 814 388 858 Umbro,
417 829 497 852 eam
529 816 672 851 cladem
699 821 916 864 acceptam;
950 816 1065 864 quod,
1087 829 1203 864 quum

83 892 181 929 saepe
201 880 306 922 alias,
328 887 407 916 tum
429 893 474 916 eo
494 893 609 923 anno,
631 879 768 915 Gallici
787 879 970 915 tumultus
990 881 1202 930 praecipuus

87 949 208 979 terror
241 945 430 979 civitatem
466 945 601 980 tenuit.
648 944 782 992 Itaque
817 951 1065 993 praeterquam
1100 944 1202 992 quod

88 1007 199 1043 ambo
227 1008 398 1043 consules
429 1008 590 1058 profecti
621 1008 667 1044 ad
697 1008 835 1044 bellum
867 1016 974 1044 erant
1003 1022 1087 1044 curn
1108 1022 1203 1058 qua-

84 1078 173 1108 tuor
201 1071 429 1120 legionibus,
451 1078 488 1107 et
518 1085 658 1121 magno
679 1073 849 1120 equitatu
870 1072 1063 1116 Romano,
1087 1074 1201 1109 Cam-

86 1136 267 1185 panisque
294 1135 395 1170 mille
421 1136 609 1184 equitibus
631 1136 798 1178 delectis,
821 1137 865 1172 ad
895 1137 929 1171 id
951 1136 1091 1173 bellum
1111 1138 1200 1172 mis-

88 1201 151 1242 sis,
173 1207 210 1236 et
230 1201 418 1235 sociorum
439 1201 677 1248 nominisque
699 1200 826 1235 Latini
855 1200 998 1250 majore
1019 1203 1199 1244 exercitu,

89 1279 200 1315 quam
222 1265 411 1310 Romani5
445 1265 506 1300 alii
529 1266 600 1301 duo
622 1266 809 1300 exercitus
830 1265 930 1300 haud
956 1265 1089 1314 procul
1110 1265 1202 1300 urbe

88 1331 250 1367 Etruriae
271 1330 452 1378 obpositi,
474 1342 569 1365 unus
594 1331 631 1365 in
652 1329 815 1371 Falisco,
837 1329 932 1365 alter
955 1331 992 1364 in
1014 1330 1204 1365 Vaticano

87 1409 189 1445 agro.
248 1395 316 1429 Cn.
339 1394 491 1429 Fulvius
513 1400 549 1429 et
575 1394 620 1429 L.
643 1394 859 1430 Postumius
889 1393 1091 1441 MegeHuS‚
1112 1407 1201 1444 pro-

84 1466 262 1512 praetores
283 1457 409 1499 ambo,
431 1458 566 1493 stativa
587 1458 624 1493 in
646 1459 696 1493 eis
718 1458 809 1493 locis
831 1456 1092 1506 habmejussi.

137 1523 310 1560 XXVII.
342 1522 526 1558 Consules
557 1523 601 1557 ad
632 1523 775 1565 hostes,
804 1529 1041 1570 transgresso
1070 1522 1199 1571 Apen-

85 1590 190 1631 nino,
223 1588 258 1623 in
290 1598 420 1634 agrum
452 1586 686 1621 Sentinatem
717 1591 979 1636 pervenerunt.
1025 1585 1083 1620 Ibi
1106 1598 1197 1634 qua-

85 1660 171 1689 tuor
199 1651 356 1687 millium
385 1650 502 1686 ferme
532 1650 731 1685 intervallo
761 1657 882 1685 castra
912 1650 1048 1698 posita.
1092 1649 1198 1685 Inter

84 1719 213 1753 hostes
234 1714 366 1750 deinde
386 1713 683 1748 consultationes
704 1714 866 1748 habitae:
900 1720 1013 1761 atque
1035 1714 1087 1748 ita
1107 1725 1198 1748 con-

86 1781 202 1823 venit,
232 1791 280 1814 ne
310 1778 392 1812 unis
423 1778 553 1812 castris
585 1778 833 1813 miscerentur
860 1790 1004 1818 omnes,
1037 1790 1129 1812 neve
1159 1777 1198 1812 in

86 1845 203 1881 aciem
224 1841 492 1878 descenderent
512 1841 632 1877 simul.
673 1841 904 1877 Samnitibus
926 1840 1040 1883 Galli,
1064 1841 1198 1876 Etrus-

87 1908 139 1943 cis
177 1905 313 1943 Umbri
351 1903 510 1951 adjecti:
545 1905 619 1940 dies
659 1905 801 1940 indicta
839 1917 998 1954 pugnae:
1026 1905 1197 1939 ’Samniti

86 1970 280 2019 Gallisque
316 1969 487 2018 delegata
523 1983 673 2020 pugna:
711 1972 809 2006 inter
847 1972 966 2020 ipsum
1006 1977 1198 2006 certarnen

83 2036 234 2073 Etrusci
261 2034 471 2082 Umbrique
491 2033 588 2084 jussi
620 2042 741 2071 castra
769 2035 944 2070 Romana
964 2035 1197 2084 obpugnare.

84 2101 179 2137 Haec
198 2098 355 2135 consilia
374 2098 575 2135 turbarunt
593 2099 799 2149 transfugae
821 2100 966 2134 Clusini
989 2106 1077 2141 tres,
1100 2098 1197 2135 clam

84 2170 196 2202 nocte
224 2163 271 2199 ad
290 2162 449 2198 Fabium
480 2163 672 2200 consulem
703 2165 953 2211 transgressi-2
988 2164 1065 2211 qui,
1087 2163 1196 2199 editis

83 2229 249 2265 hostium
270 2227 452 2270 consiliis,
474 2229 617 2264 dimissi
647 2241 731 2264 cum
752 2229 876 2270 donis,
900 2235 939 2263 ut
960 2227 1134 2269 subinde,
1156 2234 1198 2263 ut

87 2305 242 2342 quaeque
270 2304 327 2328 res
356 2304 455 2328 nova
475 2293 627 2329 decreta
654 2299 766 2336 esset,
791 2292 1025 2342 exploratam
1055 2291 1197 2340 perfer·-

86 2363 180 2393 rent.
234 2355 417 2393 Consules
437 2356 587 2401 Fulvio,
609 2364 650 2393 ut
670 2370 715 2394 ex
734 2356 899 2401 Falisco,
920 2356 1133 2399 Postumio,
1157 2361 1198 2392 ut

1216 308 1256 338 U.
1269 308 1305 338 C.
1321 314 1397 343 4570

1214 353 1252 381 A.
1267 352 1302 382 C.
1320 359 1396 384 295.

1212 1534 1319 1564 Ambo
1336 1544 1416 1565 coss„

1211 1578 1242 1607 in
1260 1587 1344 1616 agro.

1211 1620 1379 1651 Sentinati,
