1527 2661
180 269 222 300 U.
237 269 274 299 C.
289 274 361 300 535.

181 312 270 343 A.C.
287 317 361 346 217.

182 842 292 873 Vastat

182 886 322 918 ltaliam.

195 1936 276 1966 Libri
293 1934 341 1964 Si—

194 1979 306 2026 byllini
324 1978 371 2006 in-

192 2029 301 2063 specti-

378 167 456 221 238
826 177 871 206 T.
897 177 1029 206 mvn

374 267 505 304 urbem
533 266 753 317 obpugnare
782 267 935 303 adortus
966 273 1077 309 esset,
1099 280 1184 303 cum
1212 278 1350 314 magna
1375 266 1477 303 caede

373 345 527 370 suorum
547 331 730 381 repulsus,
752 331 970 381 conjectans
995 344 1040 368 ex
1060 332 1170 367 unius
1191 330 1351 367 coloniae
1377 330 1479 366 haud

374 397 485 432 nimis
512 407 690 445 prospere
721 400 874 430 tentatae
900 395 1057 438 viribus,
1082 401 1224 444 quanta
1252 393 1371 430 moles
1397 393 1480 429 Ro-

373 473 494 496 manae
525 458 626 494 urbis
656 464 776 502 esset,
810 458 848 492 in
869 471 1000 506 agrum
1018 458 1198 493 Picenum
1230 457 1366 493 avertit
1395 458 1480 499 iter,

371 536 450 559 non
471 522 580 571 copia
596 520 717 557 solum
737 521 859 555 omnis
876 521 1023 568 generis
1041 520 1193 569 frugum
1210 519 1480 561 abundantem,

373 586 437 622 sed
456 585 634 621 refertum
655 584 793 633 praeda,
814 596 926 632 quam
947 583 1062 619 effuse
1082 583 1181 619 avidi
1199 589 1312 632 atque
1329 589 1482 631 egentes

374 648 585 700 rapiebant.
642 648 701 683 Ibi
722 660 787 697 per
806 647 882 683 dies
910 646 1056 696 aliquot
1084 647 1222 683 stativa
1239 646 1393 683 habita:
1425 657 1484 683 re·

374 713 572 761 sectusque
600 711 720 753 miles,
750 710 916 746 hibernis
946 709 1144 746 itineribus
1175 722 1217 746 ac
1240 708 1398 759 palustri
1426 709 1488 746 via

375 776 601 829 proelioque,
630 775 749 824 magis
782 775 828 811 ad
858 780 1033 810 eventum
1062 774 1242 817 secundo,
1273 786 1385 822 quam
1414 773 1487 810 levi

378 848 443 879 aut
461 841 578 884 facili,
608 840 789 877 adfectus.
847 838 926 875 Ubi
952 839 1041 874 satis
1063 838 1180 887 quieti
1200 837 1342 880 datum,
1363 837 1490 887 praeda

377 920 420 943 ac
457 903 767 956 populationibus
804 903 938 951 magiS,
973 914 1086 950 quam
1123 901 1204 937 otio
1243 908 1308 936 aut
1341 901 1486 950 requie,

375 969 626 1020 gaudentibus
660 967 866 1018 profectus,
900 966 1190 1008 Praetutianum,
1224 963 1487 1001 Hadrianum-

376 1048 448 1084 que
468 1046 614 1082 agrum,
634 1032 785 1068 Marsos
806 1031 893 1066 inde
912 1030 1229 1078 Marrucinosque
1249 1036 1286 1066 et
1306 1029 1487 1078 Pelignos

378 1100 562 1141 devastat,
602 1098 775 1146 circaque
805 1096 929 1146 Arpos
968 1101 1006 1130 et
1039 1094 1241 1132 Luceriam
1278 1094 1491 1144 proximam

380 1162 528 1213 Apuliae
545 1162 752 1209 regionem.
785 1159 854 1195 Cn.
872 1157 1049 1194 Servilius
1067 1156 1212 1200 consul,
1229 1156 1372 1193 levibus
1389 1169 1490 1208 proe-

382 1227 441 1263 liis
461 1239 546 1262 cum
566 1224 686 1261 Gallis
713 1224 821 1267 actis,
840 1229 878 1259 et
903 1235 980 1259 uno
1000 1221 1141 1272 oppido
1168 1221 1328 1270 ignobili
1348 1234 1490 1272 expug-

382 1297 489 1334 nato,
509 1297 711 1340 postquam
730 1289 774 1325 de
794 1287 949 1336 collegae
979 1286 1241 1335 exercitusque
1260 1286 1360 1322 caede
1386 1286 1491 1322 audi-

381 1355 449 1398 vit,
463 1354 547 1404 jam
562 1353 750 1390 moenibus
771 1352 902 1402 patriae
923 1356 1109 1394 metuens,
1126 1362 1174 1386 ne
1193 1348 1341 1386 abesset
1360 1349 1399 1385 in
1415 1350 1491 1385 dis-

382 1419 537 1455 crimine
558 1424 740 1459 extremo,
761 1416 808 1452 ad
826 1415 959 1452 urbem
978 1416 1050 1451 iter
1068 1414 1243 1451 intendit.
1287 1414 1335 1453 Q.
1351 1413 1491 1450 Fabius

382 1482 574 1518 Maximus
592 1482 753 1517 dictator
771 1480 923 1521 iterum,
941 1491 1017 1527 quo
1033 1478 1092 1514 die
1108 1477 1373 1526 magistratum
1390 1477 1489 1520 iniit,

383 1552 519 1582 vocato
545 1551 692 1587 senatu,
722 1543 768 1579 ab
789 1543 874 1579 Diis
902 1555 1024 1585 orsus,
1046 1555 1161 1592 quum
1186 1541 1399 1578 edocuisset
1418 1540 1491 1577 Pa-

384 1618 474 1653 tres,
508 1609 590 1659 plus
622 1608 856 1656 negligentia
887 1607 1186 1643 ceremoniarum
1219 1606 1492 1655 auspiciorum-

384 1686 470 1722 que,
492 1686 604 1722 quam
631 1673 843 1709 temeritate
863 1678 975 1721 atque
1003 1671 1169 1714 inscitia,
1190 1676 1387 1720 peccatum
1407 1683 1428 1706 a
1448 1669 1492 1706 C.

385 1737 575 1773 Flaminio
605 1735 760 1772 consule
790 1747 884 1779 esse,
914 1747 1070 1784 quaeque
1098 1732 1248 1785 piacula
1275 1734 1339 1770 irae
1367 1733 1494 1770 Deum

385 1808 524 1845 essent,
557 1801 659 1851 ipsos
686 1800 791 1837 Deos
821 1799 1071 1836 consulendos
1101 1811 1204 1844 esse5
1236 1798 1407 1848 pervicit,
1438 1804 1493 1840 ut,

385 1866 485 1913 quod
504 1878 581 1900 non
597 1864 715 1900 ferme
734 1864 960 1906 decernitur,
982 1863 1053 1898 nisi
1070 1872 1185 1911 quum
1204 1867 1303 1897 tetra
1321 1861 1495 1912 prodigia

385 1930 565 1964 nunciata
589 1934 691 1970 sunt,
712 1928 910 1963 decemviri
938 1927 1055 1963 libros
1077 1925 1281 1975 Sibyllinos
1308 1925 1409 1961 adire
1427 1924 1493 1975 ju-

383 1992 585 2029 berentur:
618 1992 696 2040 qui,
723 1991 902 2041 inspectis
933 1991 1110 2027 fatalibus
1139 1990 1258 2032 libris,
1286 1988 1495 2025 retulerunt

386 2056 578 2099 Patribus,
600 2058 692 2104 quod
711 2054 784 2102 ejus
804 2056 886 2092 belli
905 2068 1028 2091 caussa
1046 2060 1166 2091 votum
1187 2054 1303 2090 Marti
1318 2053 1435 2101 foret,
1456 2055 1496 2090 id

386 2133 455 2157 non
475 2121 544 2156 rite
561 2120 725 2168 factum,
746 2122 789 2157 cle
814 2123 950 2168 integro
975 2125 1082 2168 atque
1109 2119 1265 2167 amplius
1280 2117 1497 2166 faciendum

389 2196 481 2220 esse:
510 2189 543 2219 et
562 2184 648 2220 Jovi
664 2186 764 2220 ludos
782 2197 942 2232 magnos,
963 2189 998 2220 et
1016 2184 1107 2220 cedes
1126 2183 1252 2219 Veneri
1270 2183 1434 2230 Erycinae
1452 2195 1495 2218 ac

387 2248 504 2283 silenti
521 2249 696 2283 vovendas
714 2260 796 2290 esse,
818 2253 852 2283 et
869 2249 1164 2296 supplicationem
1177 2247 1497 2294 lectisterniumque

388 2311 599 2354 habendum,
620 2316 653 2346 et
675 2323 734 2347 ver
758 2323 897 2348 sacrum
917 2312 1123 2354 vovendum,
1143 2312 1173 2346 si
1199 2310 1370 2346 bellatum
1388 2321 1492 2357 pros-
