1527 2661
111 271 152 303 U.
165 272 202 302 C.
222 279 294 305 536.

108 316 146 346 Α.
162 315 197 345 C.
215 321 289 346 216.

302 165 386 220 338
760 180 807 208 T.
831 181 964 209 mvn

307 272 345 300 et
363 267 594 316 praemissam
623 266 742 303 levem
771 275 1000 305 armaturam
1029 270 1249 319 equitesque
1268 269 1414 321 palatos

307 330 437 366 eodem
458 331 613 380 recipit:
646 344 716 367 nec
732 339 798 367 aut
817 332 902 368 colli
925 340 990 368 aut
1009 333 1155 369 flumini
1172 335 1261 370 satis
1282 334 1415 378 fidens,

305 392 404 429 vallo
426 401 548 430 castra
574 395 775 443 permunit.
834 395 879 431 In
906 396 981 431 hoc
1003 395 1149 432 alterno
1178 410 1317 447 pavore
1336 411 1417 434 cer-

304 459 448 494 tamina
467 457 613 506 aliquot
632 465 719 493 sunt
739 465 959 495 contracta:
992 473 1062 496 nec
1083 461 1251 498 Numida
1273 462 1413 512 Hispa-

304 534 356 558 no
383 534 494 571 eques
525 535 593 572 par
618 521 714 567 fuit,
747 535 817 558 nec
840 521 1034 573 jaculator
1060 525 1218 561 Maurus
1246 533 1416 570 caetrato,

304 587 507 623 velocitate
533 588 628 637 pari,
649 587 787 624 robore
812 589 928 624 animi
949 590 1158 639 viriumque
1184 591 1420 640 aliquantum

306 653 515 701 praestanti.

360 717 535 754 XXVII.
566 717 772 766 Postquam
792 731 914 768 neque
933 717 1068 754 elicere
1086 718 1248 756 Poenum
1275 720 1320 756 ad
1339 733 1418 757 cer-

306 790 434 819 tamen
459 783 647 818 obversati
678 783 808 819 castris
838 789 1030 832 poterant,
1061 795 1183 832 neque
1211 791 1421 822 castrorum

306 848 542 899 obpugnatio
570 846 691 882 facilis
722 853 824 891 erat3
858 845 988 881 urbem
1018 846 1196 890 Ascuam,
1224 860 1299 896 quo
1329 848 1421 884 fines

306 914 474 949 hostium
494 911 722 959 ingrediens,
744 910 962 947 Hasdrubal
974 911 1207 946 frumentum
1227 924 1418 949 commea-

306 984 441 1026 tusque
468 976 561 1011 alios
592 981 833 1017 convexerat,
854 976 890 1010 vi
920 976 1088 1025 capiunt,
1110 976 1289 1024 omnique
1319 980 1419 1014 circa

307 1055 399 1091 agro
420 1042 618 1091 potiuntur
634 1055 639 1075 :
672 1052 742 1074 nec
755 1039 852 1088 jam,
870 1045 936 1075 aut
955 1040 994 1075 in
1009 1041 1174 1088 agmine,
1192 1048 1256 1078 aut
1276 1042 1315 1077 in
1336 1054 1418 1078 cas-

308 1108 389 1149 tris,
411 1105 487 1141 ullo
508 1106 668 1154 imperio
688 1105 887 1140 contineri.
917 1104 1044 1143 Quam
1063 1105 1126 1140 ubi
1146 1105 1420 1152 negligentiam

310 1184 355 1207 ex
386 1183 424 1206 re
447 1172 505 1217 (ut
531 1169 590 1215 fit)
612 1168 709 1204 bene
733 1175 839 1216 gesta
868 1169 958 1203 oriri
989 1175 1157 1204 senserat
1187 1168 1420 1213 Hasdrubal,

310 1236 531 1271 cohortatus
551 1233 704 1276 milites,
727 1240 767 1268 ut
789 1232 936 1282 palatos
964 1232 1046 1268 sine
1064 1233 1180 1281 signis
1200 1233 1328 1269 hostes
1355 1234 1421 1270 ad·

311 1300 567 1348 grederentur,
585 1298 780 1346 degressus
802 1295 911 1339 colle,
930 1296 1053 1346 pergit
1070 1296 1124 1332 ire
1139 1297 1218 1332 acie
1237 1297 1423 1334 instructa

310 1365 355 1401 ad
386 1370 531 1401 castra:
565 1376 676 1413 quem
706 1370 747 1398 ut
776 1362 905 1398 adesse
933 1361 1165 1397 tumultuose
1197 1362 1423 1398 nunciavere

309 1430 496 1478 fugientes
527 1441 573 1464 ex
603 1427 762 1477 speculis
793 1425 1110 1474 stationibusque,
1131 1425 1177 1461 ad
1206 1438 1311 1461 arma
1329 1439 1420 1462 con-

311 1493 513 1529 clamatum
533 1499 601 1528 est.
659 1493 715 1529 Ut
731 1493 888 1542 quisque
905 1506 1008 1529 arma
1025 1500 1188 1543 ceperat,
1206 1495 1286 1529 sine
1301 1495 1419 1544 impe-

310 1558 381 1599 rio,
403 1557 483 1592 sine
509 1557 634 1604 signo,
658 1557 916 1606 incompositi,
943 1557 1150 1593 inordinati
1177 1558 1216 1592 in
1244 1557 1418 1607 proelium

309 1627 435 1656 ruunt.
493 1620 579 1656 Jam
605 1620 717 1669 primi
747 1626 1017 1656 conseruerant
1044 1632 1191 1663 manus,
1213 1633 1326 1669 quum
1357 1621 1419 1658 alii

311 1686 530 1722 catervatim
551 1692 757 1727 currerent,
776 1683 838 1720 alii
855 1684 1024 1720 nondum
1043 1696 1063 1719 e
1083 1685 1213 1720 castris
1230 1686 1394 1723 exissent
1412 1701 1418 1721 :

310 1757 438 1787 tamen
458 1751 580 1799 primo
601 1750 683 1799 ipsa
702 1749 859 1785 audacia
877 1754 1043 1784 terruere
1067 1748 1215 1785 hostem
1233 1764 1239 1784 :
1273 1749 1420 1795 deinde,

311 1814 386 1851 rari
413 1814 450 1849 in
479 1813 671 1850 confertos
698 1812 820 1855 inlati,
841 1825 956 1861 quum
986 1813 1154 1862 paucitas
1181 1826 1313 1863 parum
1338 1820 1422 1851 tuta

310 1883 422 1920 esset,
453 1878 637 1927 respicere
657 1875 720 1912 alii
749 1875 858 1918 ah'os,
879 1882 917 1912 et
946 1877 1110 1926 undique
1138 1876 1235 1926 pulsi
1256 1878 1357 1914 coire
1382 1878 1421 1914 in

309 1941 439 1978 orbem
453 1957 464 1986 3
497 1946 533 1976 et
554 1940 642 1975 dum
659 1939 880 1989 corporibus
896 1939 1144 1989 adplicantur,
1166 1953 1342 1990 armaque
1362 1953 1422 1978 ar-

309 2006 378 2041 mis
392 2004 577 2054 jungunt,
597 2004 637 2038 in
657 2010 780 2038 artum
799 2003 998 2052 compulsi,
1017 2016 1132 2053 quum
1146 2004 1209 2039 vix
1227 2004 1421 2040 movendis

309 2068 421 2106 armis
452 2067 541 2104 satis
572 2067 683 2116 spatii
713 2072 824 2109 esset,
852 2079 993 2102 corona
1020 2066 1188 2103 hostium
1217 2067 1346 2110 cincti,
1377 2068 1425 2104 ad

310 2133 472 2171 multum
488 2132 562 2167 diei
578 2131 785 2168 caeduntur.
816 2131 967 2179 Exigua
982 2143 1081 2180 pars,
1095 2131 1293 2181 eruptione
1304 2130 1420 2175 facta,

310 2198 420 2234 silvas
452 2208 495 2232 ac
526 2202 676 2232 montes
713 2196 832 2245 petit:
865 2196 1020 2246 parique
1055 2200 1198 2231 terrore
1228 2202 1266 2230 et
1299 2201 1422 2232 castra

310 2270 399 2299 sunt
425 2262 585 2303 deserta,
615 2266 655 2296 et
686 2260 858 2301 universa
878 2272 968 2308 gens
995 2265 1149 2309 postero
1175 2258 1233 2294 die
1259 2258 1299 2294 in
1319 2259 1422 2295 dedi-

310 2327 454 2362 tionem
473 2325 586 2361 venit.
643 2323 728 2360 Nec
744 2323 807 2359 diu
824 2324 862 2360 in
882 2329 1018 2374 pacato
1033 2322 1194 2359 mansit:
1227 2334 1315 2358 nam
1331 2321 1419 2359 sub-
