1527 2661
316 204 469 232 LIBER
491 203 598 231 XXI.
631 202 737 231 CAP.
761 202 916 231 XXXV.
1081 203 1155 246 191

63 303 142 353 ipse
161 310 247 353 post
275 315 358 339 cum
378 302 513 338 robore
542 302 723 351 peditum,
744 302 1058 351 circumspectans
1084 303 1159 339 sol-
1175 316 1263 345 uc,
1282 321 1352 346 5³42

64 366 262 415 licitusque
295 367 435 408 omnia,
471 365 678 401 incedebat.
737 365 814 401 Ubi
844 366 883 400 in
905 358 1354 414 angustio1·emA·C·2¹⁸·

63 430 161 466 viam
180 442 226 465 ex
254 435 360 478 parte
379 428 497 464 altera
525 427 732 477 subjectam
744 427 842 477 jugo
871 429 1022 478 insuper
1050 429 1161 464 inmi-

62 493 167 528 nenti
203 499 354 528 ventum
391 498 461 534 est,
499 492 663 539 undique
693 504 738 526 ex
774 492 917 527 insidiis
954 492 1105 528 barbari
1141 505 1163 528 a

62 556 204 599 frontej
236 555 283 592 ab
319 563 428 603 tergo
457 555 592 598 coorti,
624 556 793 590 cominus
823 556 965 590 eminus
1002 562 1159 605 petunt:

63 630 153 655 saxa
171 620 340 667 ingentia
359 620 398 654 in
425 631 559 667 agmen
580 618 804 654 devolvunt:
836 619 1000 654 maxima
1018 618 1064 655 ab
1086 625 1161 654 ter-

61 695 111 730 go
147 684 201 718 vis
238 683 433 718 hominum
469 682 647 730 urgebat:
680 682 720 717 in
752 694 815 717 eos
853 695 960 717 versa
995 682 1163 732 peditum

62 747 159 781 acies
185 746 285 781 haud
311 745 465 781 dubium
483 745 587 787 fecit,
609 746 712 793 quin,
733 746 804 780 nisi
824 745 972 781 firmata
997 752 1164 782 extrema

62 809 220 856 agminis
235 807 408 850 fuissent,
426 808 558 856 ingens
574 809 611 843 in
629 821 673 843 eo
689 808 787 844 saltu
803 809 1022 857 accipienda
1037 808 1160 844 clades

60 871 184 907 fuerit.
224 872 332 906 Tunc
352 884 500 920 quoque
519 871 565 906 ad
581 877 789 906 extremum
805 871 961 920 periculi
982 884 1024 906 ac
1043 883 1161 920 prope

61 934 263 983 perniciem
282 940 434 969 ventum
455 940 533 969 est:
565 946 668 976 nam,
685 934 772 969 dum
793 939 991 969 cunctatur
1010 933 1160 968 Hanni·

61 996 125 1032 bal
139 996 335 1033 demittere
351 1009 484 1045 agmen
502 997 541 1031 in
557 997 749 1044 angustias
763 1012 774 1041 5
807 997 895 1045 quia
912 1009 1004 1039 non,
1021 1002 1064 1031 ut
1082 996 1162 1045 ipse

61 1059 249 1107 equitibus
276 1060 449 1109 praesidio
476 1065 569 1101 erat,
597 1060 650 1094 ita
679 1058 866 1108 peditibus
886 1059 1087 1107 quidquam
1114 1058 1161 1094 ab

61 1128 170 1170 tergo
208 1122 336 1158 auxilii
372 1122 573 1170 reliquerat
586 1138 596 1166 3
633 1121 877 1157 obcursantes
913 1133 980 1170 per
1009 1121 1164 1169 obliqua

62 1186 248 1228 montani,
281 1192 459 1235 perrupto
491 1185 613 1220 medio
643 1185 806 1232 agmine,
839 1185 935 1219 viam
967 1185 1159 1229 insedere3

64 1260 214 1296 noxque
235 1262 307 1284 una
333 1249 540 1286 Hannibali
568 1251 647 1286 sine
672 1250 859 1298 equitibus
886 1257 998 1298 atque
1017 1251 1161 1299 inpedi-

62 1312 197 1346 mentis
219 1318 302 1347 acta
321 1319 388 1348 est.

114 1373 286 1411 XXXV.
315 1376 474 1411 Postero
494 1377 566 1418 die,
590 1376 672 1425 jam
701 1376 850 1424 segnius
882 1376 1162 1411 intercursanti-

66 1435 134 1472 bus
167 1437 350 1482 barbaris,
382 1439 527 1489 junctae
560 1442 692 1490 copiae,
724 1441 913 1489 saltusque
946 1441 1046 1476 haud
1083 1442 1162 1476 sine

65 1499 170 1536 clade
191 1501 351 1551 (majore
370 1510 496 1539 tamen
515 1503 790 1553 jumentorum,
812 1516 923 1552 quam
951 1504 1160 1546 hominum,

67 1563 247 1611 pernicie)
282 1572 499 1615 superatus:
534 1567 618 1602 inde
648 1567 818 1601 montani
847 1567 1041 1615 pauciores
1064 1565 1160 1615 jam,

67 1634 104 1661 et
122 1626 311 1663 latrocinii
338 1631 455 1677 magis
477 1643 587 1677 quam
606 1629 695 1665 belli
722 1642 839 1672 more,
861 1629 1135 1666 concursabant
1148 1646 1158 1674 3

67 1689 179 1725 modo
199 1691 237 1725 in
263 1691 438 1740 primum,
459 1693 572 1727 niodo
598 1693 636 1727 in
663 1692 907 1727 novissimum
933 1705 1082 1740 agmen,
1105 1699 1164 1728 ut·

68 1764 225 1801 cumque
255 1761 319 1789 aut
347 1754 450 1790 locus
481 1756 804 1804 opportunitatem
834 1755 952 1797 daret,
983 1761 1047 1790 aut
1075 1768 1163 1805 pro-

68 1816 182 1860 gressi
205 1817 385 1851 morative
405 1817 566 1865 aliquam
583 1818 820 1852 occasionem
840 1817 1028 1853 fecissent.
1074 1818 1163 1854 Ele·

66 1877 213 1925 phanti,
234 1879 330 1914 sicut
355 1881 564 1929 praecipites
584 1893 649 1929 per
675 1887 774 1915 artas
801 1880 876 1915 vias
897 1893 1033 1928 magna
1059 1894 1162 1918 mora

65 1939 286 1987 agebantur,
317 1943 368 1978 ita
398 1950 521 1978 tutum
547 1943 593 1978 ab
624 1943 810 1986 hostibus,
842 1956 1073 1992 quacumque
1105 1945 1161 1980 in-

65 2002 251 2045 cederent,
275 2005 379 2052 (quia
397 2006 550 2040 insuetis
572 2005 731 2041 adeundi
750 2007 903 2055 propius
923 2013 1043 2041 metus
1063 2008 1158 2052 erat)

67 2077 200 2112 agmen
222 2067 451 2114 praebebant.
493 2067 609 2103 Nono
626 2069 684 2103 die
699 2069 737 2103 in
750 2069 887 2117 jugum
902 2068 1055 2116 Alpium
1075 2080 1159 2116 per-

67 2135 218 2163 ventum
238 2137 307 2171 est,
328 2143 393 2179 per
418 2131 518 2166 invia
544 2131 719 2180 pleraque
739 2138 775 2166 ct
802 2142 958 2171 erroreS,
979 2143 1071 2178 quos
1095 2140 1160 2169 aut

68 2191 282 2227 ducentium
300 2193 416 2234 fraus,
437 2200 514 2235 aut,
538 2195 602 2229 ubi
623 2195 710 2230 fides
731 2196 774 2229 iis
795 2206 870 2228 non
891 2200 1001 2236 esset,
1022 2200 1160 2231 temere

69 2254 169 2289 initae
190 2255 301 2290 valles
321 2269 343 2291 a
362 2256 661 2305 conjectantibus
682 2258 765 2299 iter,
786 2256 986 2292 faciebant.
1042 2258 1160 2294 Bidu-

70 2329 131 2352 um
151 2318 187 2352 in
201 2318 298 2367 jugo
318 2321 453 2355 stativa
472 2319 623 2355 habita:
656 2321 837 2369 fessisque
856 2320 984 2356 labore
1004 2334 1046 2356 ac
1067 2334 1160 2370 pug-
