1527 2661
140 277 182 308 U.
196 277 231 308 C.
250 284 324 310 454.

138 322 177 352 Δ.
194 321 229 353 C.
249 328 322 355 298.

141 592 301 624 Samnites

139 637 226 665 victi.

140 1558 182 1590 O.
200 1559 317 1591 Fabius

138 1603 258 1633 invitus

139 1646 254 1676 consul

139 1696 273 1721 creatur.

336 182 391 227 90
787 182 831 212 T.
857 182 996 212 mvn

335 273 502 310 hostium
523 270 614 309 fines
641 271 791 309 incedit.
822 272 964 308 Omnia
992 271 1095 308 ferro
1120 270 1276 321 ignique
1298 279 1451 310 vastan-

333 345 418 384 tur5
450 337 585 389 praedae
606 337 769 386 undique
789 344 906 373 actae:
939 349 1009 373 nec
1025 336 1149 373 solum
1168 337 1283 373 modo
1303 343 1451 374 vastum

333 402 437 439 hosti
466 402 654 445 relictum,
682 401 744 437 sed
776 401 939 438 castellis
972 402 1087 438 etiam
1117 402 1284 451 vicisque
1312 401 1452 438 inlatus

332 467 456 516 ignis:
495 466 650 502 urbibus
686 466 953 516 obpugnandis
989 471 1256 516 temperatum,
1290 466 1329 502 in
1362 478 1453 514 quas

333 532 450 568 timor
463 531 647 567 Etruscos
665 530 913 580 compulerat.
947 531 1018 567 Cn.
1031 530 1157 566 Fulvii
1173 529 1338 566 consulis
1355 529 1456 566 clara

335 608 465 646 pugna
493 596 532 631 in
563 595 720 631 Samnio
746 595 793 631 ad
812 595 1029 631 Bovianum
1056 594 1348 645 haudquaquam
1378 607 1459 631 am-

335 659 460 708 biguae
480 660 649 696 victoriae
668 659 754 696 fuit.
796 659 1013 696 Bovianum
1040 659 1127 696 inde
1154 659 1368 709 adgressus,
1386 672 1458 696 nec

334 724 389 760 ita
408 723 530 760 multo
549 730 636 774 post
655 724 883 760 Aufidenam
901 725 938 759 vi
958 723 1072 774 cepit.

387 787 506 825 XIII.
536 788 684 825 Eodem
715 801 817 825 anno
845 788 1045 825 Carseolos
1077 786 1229 824 colonia
1256 788 1296 824 in
1325 800 1459 837 agrum

335 851 628 901 AEquicolorum
653 853 829 890 deducta.
868 852 1025 889 Fulvius
1051 852 1185 888 consul
1204 851 1250 888 de
1277 852 1458 888 Samniti-

335 916 404 952 bus
437 917 699 968 triumphavit.
747 919 875 958 Quum
904 917 1060 953 comitia
1091 916 1306 953 consularia
1333 916 1458 952 insta-

335 987 435 1023 rent,
464 980 567 1017 fama
597 989 744 1024 exorta,
775 982 959 1017 Etruscos
992 981 1256 1028 Samnitesque
1286 980 1459 1028 ingentes

336 1045 575 1082 conscribere
592 1048 777 1083 exercitus
793 1063 803 1092 3
838 1046 962 1097 palam
979 1046 1155 1082 omnibus
1177 1045 1348 1081 conciliis
1368 1057 1458 1081 vex-

335 1109 390 1144 ari
410 1109 598 1160 principes
618 1111 884 1154 Etruscorum,
905 1111 1007 1160 quod
1026 1123 1106 1146 non
1127 1109 1258 1146 Gallos
1277 1121 1458 1158 quacum-

335 1184 408 1221 que
428 1174 648 1210 conditione
678 1176 866 1211 traxerint
889 1175 937 1211 ad
964 1174 1131 1210 bellum:
1164 1174 1353 1224 increpari
1377 1186 1459 1209 ma-

334 1236 515 1284 gistratus
546 1236 788 1280 Samnitium,
810 1239 912 1287 quod
939 1239 1160 1281 exercitum,
1183 1238 1360 1273 adversus
1379 1237 1460 1273 Lu-

333 1312 471 1335 canum
504 1300 654 1336 hostem
689 1308 966 1351 comparatum,
1002 1301 1214 1352 objecerint
1242 1301 1456 1339 Romanis:

332 1362 462 1411 itaque
490 1364 566 1399 suis
601 1364 866 1413 sociorumque
898 1365 1040 1400 viribus
1072 1376 1300 1413 consurgere
1328 1365 1461 1400 hostes

333 1427 379 1462 ad
404 1426 560 1471 bellum,
583 1434 619 1463 et
646 1429 937 1477 haudquaquam
965 1430 1046 1478 pari
1066 1429 1350 1477 defungendum
1377 1440 1459 1465 esse

333 1492 552 1528 certamine.
593 1492 669 1528 Hic
695 1499 831 1535 terror,
852 1506 967 1542 quum
987 1492 1165 1529 inlustres
1193 1494 1263 1528 viri
1283 1492 1460 1529 consula-

333 1562 415 1592 tum
440 1563 629 1606 peterent,
652 1571 783 1594 omnes
810 1559 849 1594 in
870 1559 917 1598 Q.
938 1558 1100 1595 Fabium
1125 1558 1357 1602 Maximum,
1378 1559 1456 1608 pri-

334 1633 398 1657 mo
417 1634 497 1657 non
526 1628 732 1671 petentem,
755 1623 903 1665 deinde,
924 1630 967 1659 ut
992 1623 1178 1660 inclinata
1205 1623 1330 1660 studia
1349 1624 1459 1668 vidit,

335 1685 450 1721 etiam
479 1692 717 1721 recusantem
738 1687 938 1724 convertit.
990 1688 1087 1728 Quid
1111 1699 1148 1723 se
1166 1686 1249 1734 jam
1266 1699 1396 1730 senem,
1417 1700 1461 1724 ac

329 1748 564 1797 perfunctum
603 1750 782 1786 laboribus
820 1751 1049 1798 laborumque
1081 1753 1254 1799 praemiis,
1284 1752 1459 1788 sollicita-

331 1819 411 1849 rent
425 1815 445 1849 ‚9
474 1814 550 1849 Nec
569 1817 742 1862 corpori&
764 1827 828 1851 nec
847 1817 959 1851 animi
979 1817 1135 1863 vigorem
1161 1827 1344 1852 remanere
1361 1828 1460 1852 eum-

333 1878 439 1914 dem:
468 1883 502 1913 et
517 1877 715 1926 fortunam
735 1881 850 1927 ¹ipsam
875 1882 1002 1922 vereri,
1023 1892 1067 1916 ne
1087 1882 1143 1916 cui
1163 1880 1328 1916 Deorum
1348 1883 1460 1917 nimia

325 1940 408 1988 jam
429 1944 464 1978 in
492 1955 542 1983 se,
564 1947 598 1978 et
619 1946 851 1986 constantior,
872 1957 979 1992 quam
999 1945 1110 1980 velint
1136 1945 1300 1981 humanae
1318 1957 1386 1987 reS,
1406 1948 1459 1981 vi-

335 2007 475 2043 deatur.
522 2008 573 2043 Et
597 2019 633 2043 se
650 2009 776 2054 glorz‘oe
792 2011 967 2045 seniorum
996 2010 1218 2051 subcrevisse,
1241 2014 1276 2045 et
1295 2011 1342 2046 ad
1358 2022 1461 2046 suam

331 2071 487 2119 gloriam
517 2078 765 2120 consurgentes
795 2074 884 2110 alios
919 2075 1040 2110 laetam
1069 2075 1275 2122 adspicere:
1303 2085 1366 2110 nec
1394 2074 1458 2111 Ιιο-

333 2148 437 2172 nores
465 2149 612 2184 magnos
633 2137 847 2186 fortissimis
883 2141 967 2175 viris
1003 2140 1137 2182 Romae,
1177 2151 1240 2175 nec
1275 2138 1461 2175 honoribus

335 2201 452 2236 deesse
468 2200 590 2248 fortes
622 2204 726 2238 virosi
775 2203 949 2239 Acuebat
984 2204 1055 2240 hac
1085 2203 1347 2239 moderatione
1379 2210 1459 2239 tam

329 2262 438 2313 justa
469 2266 617 2310 studia,
651 2280 734 2315 quae
766 2268 989 2304 verecundia
1028 2267 1153 2316 legum
1187 2267 1457 2316 restinguenda
1501 2316 1504 2317 ⁷

335 2334 455 2372 ratus,
478 2328 601 2378 legem
632 2332 780 2368 recitari
803 2330 933 2382 jussit,
957 2346 1029 2384 qua
1059 2334 1159 2370 intra
1179 2332 1307 2370 decem
1337 2343 1456 2369 annos
