1527 2661
83 300 174 330 U.C.
194 308 266 334 459.

82 345 122 374 A.
137 344 174 374 C.
192 350 266 377 293.

283 196 365 240 134
745 196 790 224 T.
815 196 949 226 mvn:

279 297 381 329 men,
398 284 498 334 quod
515 284 700 335 superfuit
717 298 868 335 pugnae,
887 287 924 322 in
942 292 1065 323 castra
1085 286 1132 323 ad
1146 284 1392 335 Aquiloniam

281 349 517 400 compulsum
534 355 612 384 est:
636 348 816 385 nobilitas
837 351 1056 400 equitesque
1073 350 1287 386 Bovianum
1307 362 1392 399 per-

279 413 484 462 fugerant:
509 413 652 461 equites
670 425 780 461 eques
801 414 983 462 sequitur,
1002 414 1166 464 peditem
1187 413 1299 463 pedes
1319 428 1326 449 :
1349 424 1393 448 ac

281 477 428 513 diversa
455 489 610 519 cornua,
633 476 807 512 dextrum
841 477 888 513 ad
915 484 1039 514 castra
1067 478 1309 519 Samnitium,
1329 475 1394 512 lae-

277 554 366 577 vum
398 542 443 577 ad
471 541 603 576 urbem
633 540 766 576 tendit.
812 541 922 577 Prior
951 542 1147 590 aliquanto
1167 540 1394 577 Volumnius

280 612 405 641 castra
434 605 555 655 cepit:
590 604 635 640 ad
671 605 802 640 urbem
836 606 1004 655 Scipioni
1036 606 1180 655 majore
1209 605 1397 641 resistitur

280 674 340 716 vi3
373 683 450 706 non
473 670 561 718 quia
579 669 662 719 plus
685 670 800 705 animi
821 671 928 705 victis
954 677 1024 713 est,
1046 671 1111 706 sed
1130 669 1262 706 melius
1283 668 1395 712 muri,

279 748 394 785 quam
424 733 578 775 vallum,
600 739 765 769 armatos
797 740 949 770 arcent:
983 734 1070 770 inde
1090 733 1276 783 lapidibus
1306 746 1394 783 pro-

278 800 433 850 pulsant
461 799 623 834 hostem.
668 798 810 847 Scipio,
832 798 905 833 nisi
924 799 964 834 in
993 800 1117 848 primo
1146 810 1300 848 pavore,
1321 797 1397 847 pri-

280 876 441 912 usquam
471 862 753 911 configerentur
789 863 921 905 animi,
960 869 1153 899 transacta
1190 874 1247 897 res
1283 867 1395 904 esset,

280 927 483 964 lentiorem
503 926 585 962 fore
611 927 767 962 munitae
801 926 903 962 urbis
924 926 1254 976 obpugnationem
1278 931 1397 968 ratus,

282 993 495 1040 interrogat
525 991 678 1033 milites,
701 991 817 1027 δαείη)
839 1004 938 1039 oequo
964 993 1085 1027 animo
1110 996 1335 1039 paterentur,
1357 991 1404 1027 ab

281 1059 396 1094 altero
417 1069 524 1093 cornu
555 1060 673 1091 castra
692 1060 802 1104 capta
827 1068 920 1092 esse:
948 1068 984 1092 se
1000 1058 1151 1092 victores
1166 1057 1256 1104 pelli
1274 1069 1296 1091 α
1310 1068 1400 1104 por-

282 1124 328 1158 tis
363 1122 458 1157 urbis
472 1122 493 1156 ‚9
528 1119 844 1156 Reclamantibus
881 1120 1079 1162 universis,
1114 1121 1256 1169 primus
1301 1121 1396 1169 ipse,

282 1192 392 1222 scuto
423 1197 536 1234 super
555 1191 668 1234 caput
698 1184 813 1226 elato,
846 1185 969 1234 pergit
999 1185 1044 1220 ad
1073 1191 1245 1234 portam:
1279 1184 1399 1220 secuti

282 1250 361 1292 alii,
382 1248 572 1285 testudine
602 1239 718 1291 facta,
739 1249 776 1284 in
804 1248 935 1285 urbem
966 1254 1237 1299 perrumpunt:
1271 1248 1398 1284 detur-

284 1314 460 1363 batisque
481 1312 730 1355 Samnitibus,
752 1314 816 1362 qui
837 1314 936 1349 circa
955 1320 1106 1363 portam
1127 1319 1248 1356 erant,
1270 1325 1397 1349 muros

284 1391 541 1428 occupavere:
564 1384 763 1428 penetrare
783 1378 821 1413 in
842 1378 1026 1414 interiora
1042 1377 1160 1421 urbis,
1182 1378 1400 1427 qiiiassauci

284 1442 487 1478 admodum
508 1447 629 1483 erant,
651 1454 728 1476 non
749 1441 901 1477 audent.

338 1506 471 1543 XLII.
502 1507 598 1542 Haec
627 1507 750 1555 primo
780 1506 957 1554 ignorare
987 1504 1134 1549 consul,
1166 1511 1204 1541 et
1232 1505 1400 1542 intentus

286 1571 506 1621 recipiendo
527 1570 710 1606 exercitui
730 1582 832 1606 esse:
858 1569 943 1620 jam
963 1571 1062 1606 enim
1091 1583 1257 1620 praeceps
1277 1571 1316 1606 in
1336 1583 1402 1606 oc-

288 1649 416 1672 casum
438 1635 495 1671 sol
525 1641 619 1678 erat,
642 1641 680 1670 et
700 1635 880 1686 adpetens
910 1647 988 1670 nox
1011 1634 1225 1684 periculosa>
1253 1641 1291 1670 et
1320 1647 1402 1670 sus-

288 1707 400 1752 pecta
429 1701 558 1736 omnia
597 1700 712 1735 etiam
748 1699 956 1735 victoribus
987 1698 1163 1736 faciebat.
1220 1699 1405 1748 Progres-

288 1778 350 1801 sus
381 1765 532 1810 longius
563 1763 610 1799 ab
632 1764 765 1799 dextra
794 1770 918 1799 castra
947 1770 1059 1813 capta
1086 1763 1210 1799 videt:
1244 1762 1291 1799 ab
1312 1762 1406 1799 laeva

288 1830 491 1866 clamorem
511 1829 548 1864 in
566 1827 659 1864 urbe
674 1829 833 1864 mixtum
853 1828 1104 1877 pugnantium
1121 1840 1166 1863 ac
1184 1828 1403 1877 paventium

288 1893 442 1930 fremitu
464 1905 566 1928 csse:
592 1898 628 1927 et
648 1898 726 1927 tum
748 1891 847 1927 forte
864 1898 1054 1927 certamen
1075 1891 1120 1926 ad
1140 1897 1290 1941 portam
1311 1899 1402 1928 erat.

289 1958 480 1994 Advectus
501 1956 636 1992 deinde
660 1969 758 2004 equo
783 1956 954 2005 propiuS,
975 1962 1017 1990 ut
1042 1968 1129 1991 suos
1150 1957 1188 1991 in
1214 1956 1330 1991 muris
1349 1957 1406 1992 vi-

290 2023 368 2065 det,
389 2034 458 2057 nec
472 2020 553 2070 jam
574 2022 712 2066 integri
733 2020 936 2068 quidquam
963 2032 1057 2062 esse,
1079 2020 1259 2068 quoniam
1285 2026 1405 2057 teme-

290 2087 403 2122 ritate
423 2097 630 2134 paucorum
651 2096 798 2132 magnae
825 2084 879 2119 rei
906 2089 1015 2133 parta
1033 2083 1187 2119 occasio
1205 2090 1316 2127 esset,
1338 2085 1405 2120 ad-

290 2150 371 2193 ciri,
393 2161 484 2197 quas
515 2154 721 2197 receperat,
751 2149 895 2197 copiaS,
916 2149 1098 2197 signaque
1128 2148 1165 2183 in
1187 2147 1317 2184 urbem
1348 2149 1406 2184 in-

289 2213 380 2250 ferri
402 2211 530 2262 jussit.
579 2211 745 2260 Ingressi
776 2212 951 2261 proxima
988 2225 1034 2247 ex
1067 2218 1188 2262 parte,
1208 2212 1297 2260 qnia
1326 2225 1401 2249 nox

289 2276 634 2327 adpropinquabat,
666 2277 867 2326 quievere:
900 2283 1014 2313 nocte
1043 2277 1222 2327 oppidum
1252 2276 1299 2312 ab
1333 2277 1405 2313 ho-

288 2341 409 2378 stibus
431 2342 619 2377 desertum
649 2347 718 2377 est.
777 2342 885 2378 Caesa
914 2341 980 2377 illo
1001 2341 1059 2377 die
1088 2341 1136 2378 ad
1155 2340 1403 2390 Aquiloniam
