1527 2661
133 318 177 348 U.
189 318 225 347 C.
244 323 316 349 53⁵.

133 362 174 391 A.
190 361 226 390 C.
243 366 317 396 217.

136 419 197 449 Eos
213 420 299 449 Abe-

136 462 194 491 lux
211 463 303 492 tradit

136 504 303 536 Romanis.

331 210 415 256 254
781 211 825 240 T.
851 212 987 241 L1v11

330 300 416 338 culo
446 299 673 351 Hispaniam
692 300 749 336 vir
777 313 887 344 unus,
909 301 1039 338 solerti
1068 301 1189 350 magis
1209 313 1322 352 quam
1339 301 1441 340 fideli

330 364 504 407 consilio,
526 364 697 400 exsolvit.
734 364 885 401 Abelux
905 371 987 400 erat
1007 365 1167 413 Sagunti
1186 366 1325 402 nobilis
1345 364 1439 402 His-

329 442 464 480 panus,
492 429 584 464 fidus
615 434 703 463 ante
735 428 888 465 Poenis:
927 435 1010 465 tum
1046 429 1189 478 (qualia
1218 429 1440 480 plerumque

329 499 417 529 sunt
448 491 696 527 barbarorum
729 491 900 539 ingenia)
930 504 1015 528 cum
1044 492 1200 529 fortuna
1227 500 1440 530 mutaverat

329 556 463 593 fidem:
497 561 676 597 ceterum,
698 554 947 603 transfugam,
968 556 1050 591 sine
1072 568 1220 604 magnae
1238 558 1293 593 rei
1311 558 1440 606 prodi-

329 621 436 656 tione
462 620 675 655 venientem
703 620 749 655 ad
774 619 920 662 hostes,
940 619 1036 655 nihil
1063 619 1166 656 aliud
1185 631 1299 670 quarn
1324 630 1442 656 unum

329 684 404 720 vile
433 690 546 733 atque
576 683 716 719 infame
746 696 881 733 corpus
911 696 994 720 esse
1022 690 1140 727 ratus,
1161 684 1198 721 id
1228 684 1380 733 agebat,
1401 690 1444 720 ut

330 762 443 798 quam
480 749 686 784 maximum
716 747 1013 784 emolumentum
1043 749 1152 785 novis
1187 749 1299 785 sociis
1330 753 1441 786 esset.

332 813 623 863 Circumspectis
644 813 760 860 igitur
780 812 971 856 omnibus,
992 825 1074 861 quae
1093 813 1250 848 fortuna
1268 818 1438 863 potesta·

328 880 379 915 tis
398 878 477 929 ejus
497 883 647 927 poterat
661 876 799 920 facere,
816 876 1010 913 obsidibus
1029 877 1269 927 potissimum
1284 877 1438 913 traden-

330 945 386 981 dis
412 945 578 980 animum
599 942 758 992 adjecit:
792 955 873 978 eam
899 956 1013 978 unam
1038 954 1117 978 rem
1144 943 1307 979 maxime
1332 949 1436 978 ratus

330 1008 616 1045 conciliaturam
637 1006 824 1042 Romanis
847 1007 1060 1056 principum
1087 1006 1286 1056 Hispaniae
1306 1006 1436 1042 amici-

329 1072 434 1108 tiam.
492 1071 564 1106 Sed
594 1082 722 1117 quum,
753 1067 899 1118 injussu
927 1069 1098 1105 Bostaris
1132 1069 1315 1119 praefecti,
1347 1070 1437 1105 satis

331 1136 457 1177 sciret,
480 1133 577 1169 nihil
597 1133 770 1169 obsidum
795 1133 969 1169 custodes
989 1132 1157 1169 facturos
1184 1144 1279 1176 esse,
1299 1133 1437 1168 Bosta-

330 1211 409 1235 rem
430 1200 551 1247 ipsum
577 1203 658 1232 arte
677 1196 904 1245 adgreditur.
962 1197 1097 1232 Castra
1119 1202 1225 1231 extra
1244 1196 1375 1232 urbem
1402 1196 1441 1232 in

330 1265 414 1313 ipso
440 1263 549 1298 litore
575 1260 742 1297 habebat
760 1262 913 1303 Bostar,
933 1267 975 1296 ut
1004 1261 1149 1297 aditum
1171 1273 1217 1296 ex
1236 1266 1349 1310 portu
1378 1260 1437 1296 in-

328 1328 555 1364 tercluderet
584 1325 793 1362 Romanis:
826 1325 879 1362 ibi
903 1338 988 1361 eum
1020 1325 1059 1361 in
1085 1330 1271 1361 secretum
1298 1324 1438 1360 abduc-

327 1399 423 1433 tum,
455 1390 556 1427 velut
586 1391 841 1438 ignorantem,
872 1395 1016 1433 monet,
1047 1401 1123 1437 quo
1153 1394 1256 1424 statu
1282 1389 1332 1424 sit
1364 1399 1436 1425 res.

327 1457 468 1492 Metam
495 1456 707 1491 continuisse
732 1455 780 1489 ad
805 1465 884 1489 eam
903 1455 994 1489 diem
1012 1453 1259 1500 Hispanorum
1287 1454 1437 1495 animos,

327 1520 414 1567 quia
434 1518 563 1566 procul
581 1517 738 1553 Romani
762 1517 941 1553 abessent:
969 1528 1063 1552 nunc
1085 1517 1133 1551 cis
1152 1515 1294 1551 Iberum
1318 1520 1438 1552 castra

328 1583 496 1618 Romana
516 1594 597 1625 esse,
618 1594 736 1617 arcem
762 1586 874 1617 tutam
892 1580 1168 1629 peffugiumque
1184 1592 1292 1616 novas
1316 1581 1435 1616 volen-

328 1647 417 1682 tibus
444 1657 523 1682 res:
551 1648 685 1693 itaque,
707 1657 791 1693 quos
812 1649 925 1681 metus
952 1656 1021 1680 non
1051 1649 1182 1686 teneat,
1212 1644 1374 1693 bemficio
1403 1649 1438 1679 et

324 1713 449 1758 gratia
474 1711 721 1746 devinciendos
748 1721 828 1745 esse.
883 1708 1044 1744 Miranti
1069 1708 1223 1744 Bostari
1253 1719 1434 1757 percunc-

325 1774 513 1822 tantique,
531 1773 721 1822 quodnam
739 1773 777 1808 id
797 1771 963 1808 subitum
982 1778 1097 1807 tantae
1117 1772 1170 1807 rei
1186 1771 1327 1807 donum
1346 1783 1435 1820 pos-

326 1839 377 1874 sit
406 1839 510 1873 esse?
541 1838 695 1880 Obsides,
726 1837 862 1886 inquit,
893 1838 930 1873 in
958 1839 1117 1873 civitates
1143 1838 1307 1872 remitte:
1334 1836 1374 1871 iel
1402 1840 1438 1872 et

323 1904 499 1951 privatim
514 1902 734 1950 parentibus,
756 1914 905 1949 quorum
929 1903 1123 1937 maximum
1142 1912 1269 1937 nomen
1294 1902 1330 1936 in
1349 1901 1436 1936 civis-

328 1967 460 2002 tatibus
478 1972 528 2002 est
551 1969 636 2009 suis,
661 1972 696 2001 et
715 1967 858 2014 publice
877 1968 1023 2014 populis
1037 1971 1185 2014 gratum
1210 1967 1289 2001 erit.
1351 1965 1438 2000 Vuht

326 2031 391 2067 sibi
410 2033 554 2079 quisque
579 2032 688 2072 credi,
710 2035 743 2066 et
763 2031 884 2066 habita
897 2032 991 2079 fides
1010 2033 1123 2078 ipsam
1145 2031 1355 2078 plerumque
1373 2028 1434 2064 ob-

329 2096 553 2143 ligatfidem.
614 2095 855 2130 Muti-sterium
877 2095 1177 2130 restituendorum
1197 2094 1318 2129 domos
1343 2091 1433 2128 obsi-

327 2162 413 2196 dum
438 2160 597 2195 mihimet
625 2162 771 2207 deposco
804 2161 891 2208 ipse,
920 2165 961 2195 ut
989 2171 1097 2207 opera
1121 2170 1256 2207 quoque
1287 2159 1435 2205 inpensa

327 2225 511 2260 consilium
530 2222 693 2269 adjuvem
718 2236 848 2266 meum,
869 2229 903 2259 et
926 2225 979 2259 rei
1003 2228 1130 2271 suapte
1154 2227 1287 2258 natura
1303 2226 1431 2268 gratae,

327 2292 499 2335 quantam
518 2289 658 2335 insuper
674 2289 833 2334 gratiam
852 2289 998 2336 possim,
1019 2286 1197 2333 adjiciam.
1254 2284 1430 2327 Homini,

325 2363 405 2388 non
432 2352 478 2388 ad
504 2357 629 2388 cetera
647 2351 792 2388 Punica
820 2352 973 2400 ingenia
991 2350 1141 2395 callido,
1161 2356 1204 2387 ut
1231 2348 1430 2401 persuasit,

1511 312 1513 321 -
1502 151 1527 296 urz-*24³4
1504 120 1527 135 ,’
1492 0 1527 116 ...Ἣ
