1527 2661
57 252 95 281 U.
109 252 146 284 C.
161 261 232 285 4442

54 295 92 326 Α.
107 296 143 327 C.
161 304 235 328 308.

32 1804 174 1836 Ciminia

30 1848 121 1879 silva.

248 170 306 212 54
705 171 750 199 Τ.
777 172 911 200 LIVII

248 258 358 307 signa
387 258 427 294 in
454 258 605 295 hostem
630 258 808 296 obvertit.
862 258 1029 302 Etrusci,
1060 260 1244 302 omnium,
1273 271 1369 310 prae-

247 329 420 371 terquam
445 323 698 359 multitudinis
726 336 816 367 suae,
838 337 912 372 qua
938 324 1020 360 sola
1045 323 1132 359 freti
1159 331 1280 366 erant,
1309 326 1367 360 in-

247 400 448 431 memores,
469 387 646 437 proelium
672 388 805 424 ineunt
831 389 926 424 adeo
946 388 1086 438 raptim
1104 394 1142 424 et
1168 388 1290 432 avide,
1311 394 1367 431 nt,

247 451 406 502 abjectis
426 451 646 495 missilibus,
668 465 743 501 quo
765 452 924 488 celerius
951 465 1085 488 manus
1109 459 1367 495 consererent,

246 516 478 564 stringerent
498 515 662 563 gladios,
685 516 866 551 vadentes
893 516 933 551 in
958 516 1122 551 hostem.
1168 515 1367 551 Romanus

244 587 378 616 contra
396 592 498 615 nunc
518 579 609 623 tela,
629 592 732 615 nunc
753 592 858 623 saxa,
882 579 1017 628 quibus
1045 591 1109 615 eos
1130 578 1288 615 adfatim
1306 579 1364 615 lo-

243 644 418 694 cus'ipse
447 644 634 687 armabat,
662 645 846 693 ingerere.
892 644 1016 693 Igitur
1046 650 1153 680 scuta
1172 644 1365 693 galeaeque

242 709 327 744 ictae
357 720 471 757 quum
503 709 633 751 etiam,
664 720 759 757 quos
788 720 866 743 non
896 707 1202 751 vulneraverant,
1232 708 1363 744 turba-

241 779 340 816 rent,
371 774 510 822 (neqne
540 773 666 809 subire
696 780 777 808 erat
806 772 918 810 facile
943 773 992 808 ad
1020 773 1237 822 propiorem
1266 785 1364 822 pug-

240 849 343 879 nam,
371 849 494 886 neque
524 836 682 872 missilia
710 836 919 879 habebant,
940 836 1076 885 quibus
1107 836 1252 871 eminus
1283 848 1363 872 rem

239 901 434 949 gererent)
467 906 610 936 stantes
642 907 679 936 et
712 901 905 950 expositos
937 900 984 935 ad
1015 900 1113 935 ictus
1143 912 1259 948 quum
1279 898 1364 950 jam

239 964 330 1000 satis
350 963 447 1000 nihil
466 970 626 1013 tegeret,
647 967 829 1013 quosdam
851 964 964 1000 etiam
984 963 1120 1014 pedem
1139 962 1360 1008 referentes,

238 1026 562 1077 fluctuantemque
599 1034 637 1064 et
674 1028 893 1065 instabilem
930 1029 1064 1071 aciem,
1099 1028 1359 1077 redintegrato

237 1091 417 1136 clamore,
449 1093 590 1128 strictis
621 1092 755 1140 gladiis
790 1093 933 1129 hastati
965 1099 1005 1129 et
1030 1093 1218 1142 principes
1251 1093 1359 1130 inva-

235 1157 353 1194 dunt:
387 1171 474 1195 eum
492 1159 664 1208 inpetum
689 1172 768 1194 non
790 1159 960 1194 tulerunt
978 1158 1147 1200 Etrusci,
1166 1158 1359 1207 versisque

233 1222 366 1270 signis,
387 1221 480 1270 fuga
499 1222 616 1259 effusa
635 1229 759 1258 castra
778 1229 969 1272 repetunt.
1013 1221 1087 1258 Sed
1105 1222 1251 1271 equites
1271 1220 1355 1258 Ro-

231 1286 350 1328 mani,
370 1286 547 1335 praevecti
573 1299 640 1335 per
663 1286 819 1335 obliqua
843 1287 981 1336 campi,
1002 1298 1118 1334 quum
1145 1297 1185 1320 se
1202 1284 1354 1333 fugien-

232 1349 333 1386 tibus
364 1349 611 1393 obtulissent,
633 1350 775 1386 omisso
805 1350 852 1387 ad
881 1356 1005 1386 castra
1033 1350 1182 1392 itinere,
1203 1357 1353 1385 montes

230 1420 380 1463 petunt.
424 1413 520 1450 Inde
539 1414 673 1450 inermi
700 1427 796 1463 pene
823 1414 975 1463 agmine
995 1426 1038 1449 ac
1057 1419 1195 1449 vexato
1222 1412 1354 1449 vulne-

229 1477 333 1514 ribus
362 1478 402 1514 in
432 1478 563 1514 silvam
594 1479 799 1515 Ciminiam
827 1484 1080 1529 penetratum.
1135 1477 1351 1521 Romanus,

229 1542 357 1578 multis
378 1542 544 1579 millibus
564 1543 815 1579 Etruscorum
836 1544 955 1585 caesis,
977 1542 1352 1591 duodequadraginta

229 1606 347 1654 signis
374 1606 601 1642 militaribus
622 1608 756 1656 captis,
779 1608 910 1643 castris
937 1606 1052 1642 etiam
1078 1606 1246 1641 hostium
1267 1619 1352 1642 cum

228 1671 356 1720 praeda
379 1671 527 1720 ingenti
556 1672 714 1721 potitur.
761 1671 861 1707 Tum
882 1671 927 1706 de
952 1670 1213 1722 persequendo
1238 1670 1351 1708 hoste

228 1735 365 1783 agitari
386 1742 568 1785 coeptum.

280 1800 476 1837 XXXVI.
509 1801 610 1837 Silva
637 1807 717 1837 erat
738 1801 904 1837 Ciminia
923 1801 1043 1849 magis
1063 1807 1144 1835 tum
1164 1800 1266 1836 invia
1291 1806 1350 1835 at-

226 1878 298 1913 que
328 1865 532 1907 horrenda,
558 1878 671 1914 quam
701 1879 821 1915 nuper
840 1866 946 1902 fuere
966 1865 1186 1901 Germanici
1215 1863 1348 1907 saltus,

225 1928 319 1964 nulli
349 1928 395 1964 ad
424 1941 507 1965 eam
536 1929 636 1964 diem
668 1941 715 1965 ne
749 1934 1004 1965 mercatorum
1033 1928 1185 1976 quidem
1219 1927 1345 1963 adita:

226 2005 308 2028 eain
338 1992 480 2028 intrare
509 1992 609 2027 haud
629 1992 707 2028 fere
734 1993 946 2041 quisquam,
975 1999 1112 2040 praeter
1133 1991 1264 2026 duceni
1290 1991 1348 2039 ip-

225 2068 322 2098 sum,
350 2055 535 2091 audebat:
569 2055 651 2091 aliis
683 2056 859 2091 omnibus
891 2054 1006 2091 cladis
1037 2054 1219 2090 Caudinae
1249 2066 1347 2090 non-

225 2122 315 2157 dum
334 2121 516 2156 memoria
542 2120 772 2157 aboleverat.
815 2121 916 2157 Tum
937 2134 983 2157 ex
1003 2121 1062 2163 iis,
1085 2121 1149 2169 qui
1175 2120 1347 2162 aderant,

226 2184 411 2232 (consulis
448 2184 604 2220 fratrem
640 2185 698 2221 M.
737 2185 912 2228 Fabium,
950 2185 1156 2221 Kaesonem
1191 2183 1269 2226 alii,
1303 2184 1347 2221 C.

223 2248 424 2284 Claudium
445 2249 598 2297 quidam
628 2256 748 2285 matre
779 2250 924 2292 eadem,
946 2262 1021 2298 qua
1050 2247 1259 2290 consulem,
1281 2259 1346 2295 ge-

222 2313 344 2350 nitum
363 2312 536 2359 tradunt)
559 2312 794 2363 speculatum
814 2326 852 2350 se
873 2314 1013 2350 iturum
1033 2312 1239 2364 professus„
1259 2311 1344 2348 bre-
