1527 2661
329 215 484 244 LIBER
510 212 656 242 XXVI.
690 212 796 241 CAP.
821 212 1012 240 XXVIII.
1142 208 1225 255 539

110 304 246 353 viginti
265 303 383 340 millia
404 304 498 339 aeris.
555 301 714 338 Consuli
744 300 902 337 Laevino
932 301 1102 350 Capuam
1129 313 1224 352 prae-
1239 309 1280 341 U.
1291 310 1327 341 C.
1344 317 1417 343 542.

108 369 273 405 tereunti
293 368 519 405 circumfusa
539 366 741 403 multitudo
762 366 1045 416 Campanorum
1065 372 1135 408 est,
1154 365 1223 403 ob·
1237 353 1275 383 A·
1291 353 1328 385 C·
1342 360 1418 385 2¹⁰·

109 434 337 469 secrantium
367 446 452 468 cum
481 432 658 474 lacrimis,
680 437 722 467 ut
751 430 823 467 sibi
851 430 1017 466 Romam
1041 431 1087 466 ad
1114 443 1222 468 sena-

93 502 190 549 ‚tum
216 497 270 533 ire
296 496 440 540 liceret,
461 503 624 539 oratum,
646 496 676 531 si
697 508 771 544 qua
794 495 1050 531 misericordia
1069 495 1224 532 tandem

106 560 207 597 flecti
227 568 397 611 possent,
418 574 465 597 ne
484 573 524 597 se
543 561 588 596 ad
610 560 783 596 ultimum
810 560 998 609 perditum
1018 560 1130 603 irent,
1150 572 1222 596 no-

105 637 267 675 menque
296 626 578 676 Campanorum
606 638 629 661 a
657 625 705 664 Q.
726 624 864 661 Flacco
893 623 1007 660 deleri
1041 625 1219 661 sinerent.

104 688 276 732 Flaccus,
296 691 361 726 sibi
381 692 566 739 privatam
586 690 806 725 simultatem
825 701 905 725 cum
927 688 1133 737 Campanis,
1153 701 1221 725 ne-

104 765 208 802 gare,
229 756 369 791 nullam
388 767 482 792 esse:
510 755 673 803 publicas
695 755 901 790 inimicitias
920 758 955 790 et
973 753 1116 790 hostiles
1133 765 1218 797 esse,

102 823 139 854 et
155 818 323 867 futuras,
345 821 464 868 quoad
489 833 529 856 eo
553 821 674 856 animo
699 832 769 856 esse
787 832 872 867 erga
886 819 1063 867 populum
1082 818 1219 855 Roma-

102 894 189 919 num
205 885 312 919 seiret
327 901 338 920 .·
366 886 507 920 nullam
526 886 620 920 enim
638 886 673 920 in
696 886 800 920 terris
814 888 956 932 gentem
974 895 1058 925 esse,
1077 884 1220 919 nullum

102 946 325 996 infestiorem
348 949 524 996 populum
552 949 687 984 ‘nomini
714 948 890 984 Romano.
938 947 1025 983 Ideo
1041 959 1078 983 se
1094 948 1219 983 711ωηὶ-

102 1010 164 1046 bus
190 1012 342 1048 inclusos
367 1017 484 1048 tenere
509 1025 592 1048 eos:
620 1013 719 1061 quia,
738 1013 769 1048 si
791 1013 852 1060 qui
872 1012 1060 1047 evasissent
1079 1012 1217 1060 aliqua,

100 1077 200 1111 velut
217 1076 325 1124 feras
342 1077 470 1113 bestias
484 1089 551 1125 per
570 1089 676 1124 agros
692 1078 833 1125 vagari,
855 1081 890 1112 et
910 1077 1064 1119 laniare,
1085 1081 1120 1112 et
1140 1080 1217 1112 tru-

100 1141 235 1182 cidare,
256 1142 499 1189 quodcumque
517 1142 656 1178 obvium
678 1143 794 1178 detur.
841 1142 944 1177 Alios
962 1142 1011 1177 ad
1029 1141 1219 1177 Hanniba-

103 1204 173 1239 lem
203 1204 446 1253 transfugisse,
477 1206 568 1241 alios
596 1207 644 1241 ad
670 1206 823 1242 Romam
846 1206 1106 1242 ‘incendendam
1130 1217 1218 1254 pro-

89 1269 213 1318 fectos
228 1286 240 1305 .·
269 1271 495 1306 inventurum
513 1272 550 1306 in
568 1272 735 1306 semiusto
750 1270 841 1319 foro
867 1270 1046 1306 consulem
1069 1271 1231 1318 vestigia-

99 1335 240 1370 sceleris
261 1334 538 1383 Campanorum.
581 1336 691 1372 Vestae
708 1337 818 1372 oedem
832 1337 1001 1384 petitam,
1018 1339 1054 1371 et
1071 1340 1219 1371 aeternos

102 1400 212 1445 ignes,
232 1403 269 1434 et
293 1400 475 1435 conditum
503 1400 539 1435 in
564 1401 745 1447 penetrali
762 1399 890 1447 fatale
914 1401 1048 1447 pignus
1075 1400 1218 1447 imperii

101 1463 269 1499 Romani.
311 1464 358 1500 Se
377 1465 523 1500 minime
542 1476 677 1500 censere
697 1470 811 1500 tutum
832 1476 915 1507 esse,
938 1464 1132 1512 Campanis
1148 1476 1215 1512 po-

100 1532 263 1564 testatem
281 1529 442 1564 intrandi
460 1528 627 1564 Romana
642 1529 874 1578 moeniafierz'.
908 1527 1085 1564 Laevinus
1103 1527 1215 1563 Cam-

99 1604 234 1642 panos,
266 1590 516 1642 jurejurando
550 1605 570 1628 a
600 1591 740 1629 Flacco
772 1592 942 1635 adactos,
976 1591 1112 1640 quinto
1141 1591 1213 1635 die,

99 1669 213 1705 quam
232 1656 279 1693 ab
300 1662 433 1692 senatu
452 1669 675 1706 responsum
695 1656 942 1706 accepissent,
965 1655 1135 1705 Capuam
1154 1668 1213 1692 re*

99 1721 259 1763 dituros,
281 1721 386 1769 sequi
415 1733 455 1756 se
483 1720 649 1757 Romam
670 1719 799 1770 jussit.
857 1719 945 1756 Hac
966 1718 1212 1756 circumfusus

98 1784 355 1828 multitudine,
387 1785 498 1820 simul
527 1784 661 1821 Siculis
691 1785 843 1821 obviam
873 1785 1031 1833 egressis
1050 1783 1213 1821 AEtolis-

98 1862 171 1898 que
195 1848 361 1885 Romam
388 1849 549 1898 praeivit,
574 1848 862 1885 clarissimarum
890 1848 1039 1884 urbium
1066 1849 1213 1885 excidio

97 1912 350 1949 celeberrimis
370 1912 458 1948 viris
478 1913 598 1948 victos
625 1911 727 1949 bello
750 1917 987 1948 accusatores
1014 1913 1053 1948 in
1081 1912 1212 1949 urbem

98 1977 298 2014 adducens.
355 1976 416 2013 De
441 1976 634 2027 republica
659 1982 788 2013 tamen
812 1977 974 2026 primum
996 1989 1039 2013 ac
1058 1977 1103 2013 de
1122 1990 1210 2028 pro-

95 2041 228 2077 vinciis
249 2040 362 2077 ambo
382 2041 554 2077 consules
574 2041 621 2077 ad
640 2047 811 2078 senatum
832 2041 1004 2078 retulere.

149 2105 347 2143 XXVIII.
381 2105 441 2142 Ibi
469 2106 661 2149 Laevinus,
693 2119 769 2155 quo
794 2112 895 2143 statu
918 2106 1150 2143 Macedonia
1172 2114 1208 2143 et

96 2169 258 2212 Graecia,
279 2169 418 2212 AEtoli,
438 2170 656 2206 Acarnanes
677 2170 867 2220 Locrique
887 2177 1025 2213 essent,
1043 2182 1211 2220 quasque

96 2232 149 2269 ibi
169 2245 227 2269 res
248 2234 328 2282 ipse
347 2233 486 2281 egisset
504 2239 606 2270 terra
626 2234 809 2283 marique,
829 2234 1016 2283 exposuit.
1065 2234 1209 2283 Philip-

93 2309 196 2346 pum,
215 2296 426 2346 inferentem
447 2297 576 2333 bellum
594 2298 745 2340 AEtohs,
770 2300 807 2334 in
832 2288 1087 2334 Macedoniam
1114 2303 1210 2334 retro

95 2361 138 2397 ab
155 2373 192 2397 se
210 2362 443 2410 compulsum,
465 2363 514 2398 ad
531 2363 658 2398 intima
678 2363 821 2409 penitus
838 2364 938 2409 regni
957 2363 1079 2405 abisse,
1100 2362 1206 2409 legi&

599 2426 633 2463 A
649 2439 671 2462 a
687 2428 709 2461 6
