1527 2661
330 177 410 219 226
594 188 824 216 EPITOME
868 187 1010 216 unm
1045 188 1175 217 xx11.

328 279 385 312 sit.
442 277 643 319 Hannibal,
680 281 823 312 vastata
860 276 1073 324 Campania,
1110 278 1203 312 inter
1237 274 1432 311 Casilinum

330 341 497 388 oppidum
518 346 552 375 et
573 341 788 376 Calliculam
816 344 970 375 montem
997 352 1021 375 a
1049 340 1156 375 Fabio
1184 339 1336 381 clausus,
1355 349 1433 373 sar-

329 406 457 439 mentis
474 405 522 440 ad
540 415 672 439 cornua
692 403 794 438 boum
813 403 984 450 adligatis
1002 408 1036 438 et
1050 403 1210 445 incensis,
1226 402 1435 450 praesidium

331 466 587 508 Romanorum,
618 467 713 514 quod
741 466 956 501 Calliculam
983 466 1170 509 insidebat,
1189 465 1365 514 fugavit:
1400 468 1436 500 et

330 533 379 566 sic
398 535 632 577 transgressus
656 534 707 564 est
723 530 856 564 saltum
870 545 881 564 .·
909 529 1072 576 idemque
1098 529 1141 569 Q.
1162 528 1263 563 Fabii
1279 528 1436 563 Maximi

332 595 530 635 dictatoris,
551 606 658 641 quum
677 594 929 640 circumposita
946 597 1078 634 ureret,
1099 604 1186 639 agro
1204 593 1376 640 pepercit,
1395 596 1437 626 ut

332 659 436 693 illum
456 663 639 705 tamquam
663 658 882 704 proditorem
900 661 1097 705 suspectum
1111 655 1265 704 faceret.
1312 655 1436 691 AEmi-

332 723 380 758 lio
411 723 536 758 deinde
565 723 698 758 Paullo
727 727 762 757 et
796 723 960 757 Terentio
993 721 1152 756 Varrone
1179 719 1376 756 consulibus
1403 723 1438 753 et

331 787 488 829 dacibus,
519 799 597 822 cum
616 788 773 822 maxima
802 787 904 822 clade
931 786 1097 821 adversus
1124 785 1363 820 Hannibalem
1390 784 1439 818 aa

334 851 476 887 Cannas
489 855 691 900 pugnatam
710 855 785 887 est:
816 862 970 898 caesaque
989 862 1028 885 eo
1048 851 1175 898 praelio
1194 849 1440 884 Romanorum

332 916 573 963 quadraginta
595 918 746 963 quinque
771 916 902 957 millia,
926 927 1006 950 cum
1024 914 1157 949 Paullo
1177 914 1315 948 consule
1333 916 1368 947 et
1384 923 1437 947 se-

330 982 514 1017 natoribus
542 984 737 1028 octoginta,
768 981 1008 1016 consularibus
1036 985 1143 1028 atque
1166 980 1347 1028 praetoriis
1374 982 1439 1014 aut

331 1046 493 1081 aediliciis
512 1047 673 1093 triginta.
730 1046 818 1081 Post
847 1057 952 1092 quam
979 1045 1115 1080 cladem
1136 1056 1243 1091 quum
1271 1056 1294 1079 a
1311 1042 1439 1078 nobili-

331 1109 392 1144 bus
411 1109 688 1145 adolescentibus
712 1113 861 1157 propter
888 1110 1165 1156 desperationem
1193 1108 1378 1143 consilium
1397 1107 1440 1141 de

331 1172 565 1219 relinquenda
597 1173 708 1207 Italia
740 1173 907 1213 iniretur,
936 1172 981 1206 P.
1003 1171 1187 1206 Cornelius
1213 1170 1335 1218 Scipio
1373 1171 1438 1205 tri-

332 1238 442 1272 banus
468 1238 637 1279 militum,
669 1238 729 1284 qui
756 1242 880 1284 postea
907 1235 1102 1283 Africanus
1126 1239 1350 1283 nuncupatus
1374 1239 1438 1277 est,

331 1302 455 1336 stricto
473 1313 579 1349 super
598 1302 719 1349 capita
738 1301 1009 1336 deliberantium
1017 1298 1137 1348 ferro,
1149 1298 1302 1346 juravit,
1323 1311 1358 1335 se
1373 1311 1442 1347 pro

333 1366 431 1401 hoste
456 1366 659 1402 habiturum
688 1378 781 1408 eum,
802 1367 862 1412 qui
889 1367 926 1400 in
951 1365 1056 1401 verba
1082 1377 1147 1401 sua
1169 1377 1240 1401 non
1259 1363 1442 1410 jurasset,-

334 1431 528 1478 effecitque,
549 1435 589 1465 ut
617 1442 734 1465 omnes
758 1431 903 1465 minime
930 1430 1093 1464 relictam
1118 1430 1164 1464 iri
1188 1441 1211 1464 a
1230 1441 1266 1464 se
1292 1429 1442 1464 Italiam

326 1493 563 1540 jurejurando
585 1496 901 1541 adstringerentur.
962 1493 1143 1528 Praeterea
1169 1494 1443 1540 trepidationem

335 1558 429 1593 urbis
447 1563 481 1593 et
501 1559 648 1601 luctam,
670 1563 706 1594 et
722 1570 778 1594 res
797 1560 834 1593 in
858 1558 1038 1605 Hispania
1065 1558 1210 1592 ‘meliore
1235 1562 1361 1592 eventu
1380 1569 1444 1605 ge-

335 1626 407 1657 stas
426 1624 590 1658 continet.
649 1624 792 1671 Opimia
820 1627 855 1657 et
880 1622 1059 1663 Floronia,
1094 1621 1249 1656 Vestales
1276 1623 1443 1668 virgines,

336 1688 460 1721 incesti
478 1687 656 1722 damnata>
673 1692 765 1722 sunt.
823 1687 979 1733 Propter
1001 1686 1225 1733 paucitatem
1249 1697 1329 1721 vero
1347 1687 1445 1721 mili-

340 1755 413 1785 tum
432 1762 613 1786 servorum
632 1756 711 1786 octo
729 1751 847 1786 millia
872 1754 1015 1786 armata
1038 1754 1146 1785 sunt:
1174 1751 1321 1797 captivi,
1337 1763 1446 1798 quum

338 1818 496 1861 potestas
523 1820 610 1850 esset
637 1816 847 1857 redimendi,
868 1815 1020 1850 redemti
1046 1826 1116 1849 non
1140 1819 1232 1850 sunt.
1293 1814 1448 1850 Varroni

341 1878 478 1913 obviam
506 1880 595 1914 itum
623 1885 686 1922 est,
717 1885 752 1916 et
781 1881 912 1927 gratiae
939 1884 1046 1921 actae,1
1071 1880 1164 1926 quod
1195 1879 1238 1914 cle
1264 1878 1448 1926 republica

340 1952 410 1975 non
429 1942 650 1989 desperasset.
