1527 2661
67 283 150 314 U.C
178 291 249 316 540.

65 327 108 356 Α.
122 327 158 357 C.
174 334 249 358 212.

79 1696 233 1728 Postumii

81 1740 245 1779 publicani

81 1785 178 1814 fraus.

259 176 343 230 438
719 188 764 215 T.
790 187 921 216 1,1v11

262 282 300 312 et
318 276 417 313 binae
438 275 606 326 legiones
628 276 786 313 decretae
803 291 809 312 :
842 276 938 312 alter
957 289 980 312 a
995 276 1043 316 Q.
1056 275 1177 313 Fabio
1204 277 1375 326 superio-

263 341 312 375 ris
332 340 422 377 anni
439 339 607 382 consule,
622 339 717 375 alter
737 352 759 375 a
772 339 907 376 Fulvio
929 339 1156 376 Centumalo
1176 339 1377 389 acciperet.

263 403 488 446 Praetorum,
510 402 633 439 Fulvii
659 401 800 446 Flacci,
821 415 903 451 quae
931 402 1101 438 Luceriae
1127 402 1197 439 sub
1216 401 1378 439 AEmilio

264 473 450 517 praetore3
483 466 650 502 Neronis
681 465 846 508 Claudii,
877 479 959 515 quae
991 466 1029 501 in
1058 465 1202 502 Piceno
1233 465 1302 503 sub
1333 465 1377 502 C.

263 530 447 567 Terentio
476 530 652 572 fuissent,
690 529 860 579 legiones
894 535 1042 566 essent:
1075 529 1380 580 supplementum

264 595 302 631 in
329 607 391 631 eas
419 595 577 644 quisque
604 593 785 631 scriberet
811 593 896 631 sibi.
950 593 1138 631 M.Junio
1167 594 1208 629 in
1233 593 1380 630 Tuscos

263 659 433 708 legiones
455 658 608 696 urbanae
635 659 771 709 prioris
798 659 888 695 anni
908 658 1017 696 datae.
1073 657 1136 695 Ti.
1155 657 1381 708 Sempronio

266 723 442 761 Graccho
469 730 508 760 et
535 723 578 761 P.
593 723 819 774 Sempronio
848 723 1043 760 Tuditano
1068 722 1268 773 imperium
1292 733 1382 772 pro-

265 788 474 838 vinciaeque
489 787 637 825 Lucani
652 794 691 824 et
707 787 841 824 Galliae
857 800 943 824 cum
960 787 1036 823 suis
1050 785 1276 824 exercitibus
1292 797 1381 835 pro-

264 860 433 902 rogatae:
466 853 557 889 item
589 853 633 889 P.
662 851 845 895 Lentulo,
878 864 953 901 qua
980 857 1087 888 vetus
1117 849 1314 902 provincia
1342 849 1382 886 in

266 917 396 954 Sicilia
421 924 520 954 esset
532 934 543 963 3
574 917 631 954 M.
644 916 831 954 Marcello
851 917 1060 966 Syracusae,
1081 920 1120 952 et
1138 927 1214 964 qua
1238 913 1381 951 Hiero-

265 981 324 1019 nis
348 978 508 1031 regnum
526 981 684 1019 fuisset:
716 981 762 1018 T.
776 980 945 1018 Otacilio
970 980 1123 1016 classis:
1155 978 1305 1015 Graecia
1322 976 1381 1015 M.

265 1046 444 1083 Valerio:
477 1047 652 1084 Sardinia
668 1045 865 1086 Q.Mucio
885 1043 1086 1082 Scaevolae:
1118 1042 1317 1093 Hispaniae
1336 1041 1382 1079 P.

267 1117 306 1148 et
326 1111 396 1147 Cn.
411 1110 612 1148 Corneliis.
668 1111 730 1147 Ad
749 1116 893 1147 veteres
913 1109 1100 1146 exercitus
1119 1107 1203 1144 duae
1228 1104 1382 1161 urbanae

266 1174 437 1225 legiones
465 1189 488 1212 a
507 1174 727 1212 consulibus
757 1175 922 1224 scriptae,
953 1185 1174 1222 summaque
1200 1171 1317 1208 trium
1345 1175 1384 1207 et

265 1239 405 1288 viginti
418 1228 614 1288 legionum
633 1251 679 1275 eo
694 1251 797 1275 anno
813 1237 946 1274 effecta
958 1242 1028 1274 est.
1073 1234 1276 1272 Delectum
1291 1246 1385 1272 con-

267 1301 392 1339 sulum
409 1301 467 1339 M.
479 1302 667 1339 Postumii
683 1301 887 1352 Pyrgensis
903 1313 988 1337 cum
1003 1312 1144 1348 magno
1163 1310 1282 1349 prope
1300 1310 1384 1335 mo-

268 1373 311 1403 tu
336 1379 463 1403 rerum
480 1366 625 1403 factum
654 1366 826 1417 inpediit.
882 1364 1112 1401 Publicanus
1142 1369 1223 1400 erat
1244 1363 1386 1400 Postu-

270 1432 381 1475 mius,
403 1431 467 1480 qui
486 1430 614 1467 multis
634 1431 742 1467 annis
763 1442 891 1480 parem
909 1429 1041 1467 fraude
1067 1428 1300 1477 avaritiaque
1317 1439 1385 1465 ne-

270 1496 413 1532 minem
437 1495 477 1530 in
506 1495 659 1530 civitate
687 1493 886 1536 habuerat,
907 1499 1043 1544 praeter
1070 1491 1116 1528 T.
1130 1491 1386 1541 Pomponium

272 1559 542 1602 Veientanum,
558 1571 683 1607 quem,
700 1558 948 1608 populantem
964 1563 1104 1592 temere
1120 1567 1231 1604 agros
1251 1556 1291 1591 in
1305 1554 1386 1591 Lu-

274 1626 393 1668 canis,
413 1625 529 1660 ductu
557 1624 762 1661 Hannonis
792 1624 918 1673 priore
948 1635 1050 1658 anno
1080 1625 1260 1671 ceperant
1284 1619 1386 1655 Kar·

270 1689 544 1738 thaginienses.
602 1688 672 1731 Hi,
693 1688 781 1737 quia
805 1686 1000 1737 publicum
1025 1684 1234 1736 periculum
1260 1689 1340 1719 erat
1366 1696 1389 1719 a

274 1755 310 1790 vi
330 1752 567 1803 tempestatis
595 1752 634 1788 in
654 1753 713 1795 iis,
738 1764 821 1801 quae
847 1755 1091 1801 portarentur
1110 1748 1157 1784 ad
1187 1747 1388 1791 exercitus,

278 1825 316 1854 et
344 1817 516 1854 ementiti
545 1823 653 1854 erant
678 1815 773 1852 falsa
802 1815 1014 1863 naufragia,
1044 1820 1082 1849 et
1112 1826 1156 1849 ea
1184 1812 1279 1862 ipsa,
1307 1823 1390 1860 quae

277 1895 366 1919 vera
397 1881 725 1923 renunciaverant‚
761 1879 892 1916 fraude
929 1880 1098 1928 ipsorum
1130 1875 1233 1913 facta
1268 1880 1390 1918 erant,

276 1959 354 1983 non
392 1957 504 1981 casu:
536 1945 575 1980 in
605 1950 748 1980 veteres
779 1956 1007 1993 quassasque
1044 1954 1158 1978 naves
1194 1940 1323 1991 paucis
1354 1945 1391 1975 et

277 2009 382 2060 parvi
402 2009 512 2058 pretii
534 2008 643 2044 rebus
671 2007 861 2058 inpositis,
883 2019 997 2056 quum
1018 2005 1236 2042 mersissent
1264 2015 1325 2039 eas
1352 2003 1392 2039 in

279 2074 373 2117 alto,
394 2073 560 2122 exceptis
587 2073 626 2108 in
657 2077 884 2122 praeparatas
915 2071 1073 2120 scaphas
1103 2069 1243 2111 nautis,
1264 2066 1392 2103 multi-

279 2138 395 2190 plices
414 2137 529 2173 fuisse
550 2149 691 2172 merces
718 2135 1033 2172 ementiebantur.
1088 2133 1147 2170 Ea
1165 2132 1267 2168 fraus
1295 2131 1392 2167 indi-

281 2211 366 2239 cata
393 2201 450 2238 M.
466 2201 587 2238 Atilio
617 2202 771 2251 praetori
804 2201 930 2250 priore
959 2212 1059 2235 anno
1088 2198 1225 2239 fuerat,
1256 2208 1299 2231 ac
1327 2207 1394 2245 per

270 2280 366 2303 -eum
388 2267 434 2303 ad
453 2273 625 2302 senatum
645 2265 784 2308 delata,
805 2277 875 2301 nec
895 2271 1023 2301 tamen
1049 2262 1126 2299 ullo
1146 2268 1393 2297 senatuscon-

284 2330 383 2367 sulto
403 2337 562 2369 notatax
595 2330 684 2380 quia
703 2329 834 2365 Patres
855 2329 1024 2365 ordinem
1044 2325 1331 2379 publicanorum
1353 2323 1390 2359 iu
