1527 2661
352 216 506 244 LIBER
529 214 674 242 xxrv.
707 214 815 243 cm·-
838 215 946 243 mv.
1125 203 1208 258 387

93 318 233 342 nonem
252 306 324 342 tria
342 305 460 342 millia
479 306 597 342 ferme
614 304 661 341 ab
682 304 774 341 urbe
794 304 841 340 ad
862 303 1037 341 Calorem
1053 303 1206 341 fluvium
1221 316 1263 346 υ,
1281 317 1318 348 ρ,
1332 323 1405 348 ⁵3⁸.

91 377 215 406 castra
242 371 426 420 posuisse,
448 376 486 405 et
514 368 602 405 inde
631 381 763 417 agrum
792 367 965 418 populari
993 368 1148 411 audivit,
1170 374 1208 404 et
1219 360 1260 390 Α·
1276 360 1312 392 C·
1330 368 1404 391 2¹⁴·

90 434 183 483 ipse,
205 446 374 483 egressus
396 434 599 475 moenibus,
622 432 724 469 mille
742 432 861 468 ferme
880 445 1011 482 passus
1028 432 1075 469 ab
1095 433 1208 469 hoste

89 503 213 533 castra
231 497 346 541 locat,
368 497 495 547 ibique
511 497 735 533 concionem
754 495 918 532 militum
936 496 1083 533 habuit.
1129 496 1206 533 Le-

89 560 221 609 giones
243 575 381 612 magna
399 575 445 598 ex
474 568 582 613 parte
600 560 782 597 volonum
810 559 1003 606 habebat3
1037 561 1100 610 qui
1123 559 1207 611 jam

88 624 249 662 alterum
269 639 410 662 annum
435 625 650 662 libertatem
679 624 796 660 tacite
814 624 963 667 mereri,
985 637 1098 674 quam
1118 637 1206 674 pos-

88 688 209 726 tulare
237 689 377 740 palam,
407 690 633 726 maluerant.
681 689 860 725 Senserat
881 694 1010 725 tamen
1037 688 1205 725 hibernis
1220 691 1371 723 Volones.

86 754 281 802 egrediens
309 767 478 791 murmur
507 754 545 790 in
576 754 728 803 agmine
761 765 843 789 esse
872 754 1135 802 quat-rentium,
1166 765 1208 789 en

84 829 254 867 umquam
280 820 382 856 liberi
404 820 599 855 militaturi
625 819 769 854 essent?
797 818 1071 867 scripseratque
1098 830 1207 854 sena-

85 883 155 926 tui,
185 896 263 920 non
289 890 368 921 tam
399 883 489 933 quid
517 883 789 925 desiderarent,
820 895 934 931 quam
963 882 1052 930 quid
1081 894 1207 918 meru-

82 947 228 984 issent:
269 949 360 985 bona
379 948 548 998 fortique
576 960 688 998 opera
715 959 837 983 eorum
864 958 900 983 se
928 947 977 983 ad
1005 959 1084 983 eam
1113 947 1208 983 diem

83 1023 208 1049 usum.-
236 1025 350 1061 neque
371 1013 420 1049 acl
445 1012 643 1060 exemplum
660 1010 754 1058 justi
773 1011 898 1046 militis
923 1011 1119 1060 quidquam
1143 1013 1205 1056 eis,

81 1082 215 1126 proeter
234 1078 446 1121 libertatem,
467 1078 592 1114 deesse.
630 1076 691 1112 De
711 1089 756 1112 eo
777 1076 1000 1126 permissum
1019 1077 1091 1127 ipsi
1111 1085 1205 1122 erat,

85 1140 241 1185 faceret,
258 1141 360 1191 quod
380 1154 400 1177 e
420 1140 615 1192 republica
629 1140 783 1176 duceret
802 1152 894 1177 esse.
933 1140 1068 1190 Itaque
1086 1143 1204 1192 prius,

85 1218 198 1255 quam
231 1218 317 1242 cum
348 1207 461 1242 hoste
494 1218 648 1241 manum
681 1211 911 1248 consereret,
946 1207 1201 1255 pronunciat3

84 1275 223 1319 tempus
239 1273 370 1307 venisse
398 1272 446 1307 eis
473 1271 659 1313 libertatis,
681 1282 788 1318 quam
813 1271 875 1306 diu
900 1275 1112 1318 sperassent,
1135 1283 1202 1319 po·
1217 1278 1384 1311 Gracchus

83 1336 216 1371 tiundae
232 1351 244 1371 .·
268 1341 412 1385 postero
436 1337 495 1372 die
517 1337 629 1383 signis
655 1336 808 1370 conlatis
827 1336 1083 1372 dimicaturum
1109 1348 1202 1384 puro
1214 1322 1391 1405 {ffnlizergtff‘

81 1411 124 1434 ac
147 1401 289 1447 patenti
315 1412 454 1448 campo,
480 1400 539 1435 ubi
562 1401 637 1436 sine
663 1400 737 1435 ullo
764 1400 977 1435 insidiarum
1001 1404 1096 1436 metu
1116 1412 1201 1436 vera
1215 1408 1325 1445 mittit,
1340 1411 1394 1448 qui

79 1465 211 1500 virtute
226 1465 305 1511 geri
323 1477 378 1500 res
398 1469 527 1512 posset.
563 1464 634 1505 Qui
655 1469 763 1512 caput
783 1464 890 1500 hostis
908 1465 1098 1507 retulisset,
1120 1459 1314 1500 cumeapna
1327 1452 1400 1482 hos-

77 1540 113 1564 se
140 1529 316 1576 extemplo
336 1529 485 1565 liberum
505 1528 689 1575 jussurum
717 1541 812 1565 esse:
841 1531 901 1577 qui
928 1530 1002 1564 loco
1032 1532 1197 1573 cessisset,
1211 1502 1395 1569 lisusgiatrftu-

81 1593 117 1640 in
143 1605 223 1629 eum
246 1594 368 1629 servili
392 1594 570 1642 supplicio
596 1595 938 1630 animadversurum.
987 1594 1099 1629 Suam
1123 1597 1198 1630 cui-

78 1669 144 1705 que
169 1656 368 1705 fortunam
396 1659 434 1693 in
466 1670 574 1694 manu
604 1670 697 1694 esse:
735 1658 910 1695 libertatis
942 1663 1125 1695 auctorem
1153 1661 1202 1694 eis

78 1733 149 1757 non
173 1733 210 1757 se
227 1721 316 1771 fore
342 1722 470 1765 solum,
500 1724 562 1758 secl
591 1724 768 1759 consulem
798 1724 852 1759 M.
874 1724 1105 1766 Marcellum,
1137 1725 1200 1759 sed

78 1787 257 1822 universos
276 1785 429 1827 Patren
459 1798 557 1833 quos,
579 1787 757 1822 consultos
776 1787 820 1822 ab
837 1799 873 1822 se
893 1788 937 1823 de
955 1787 1120 1823 libertate
1137 1799 1196 1823 eo·-

79 1862 172 1891 rum,
198 1849 265 1885 sibi
288 1850 500 1896 permisisse.
557 1849 707 1886 Literas
729 1851 816 1887 inde
836 1851 1001 1887 consulis
1023 1864 1066 1888 ac
1086 1864 1194 1888 sena-

75 1912 354 1949 tusconsultum
374 1914 559 1950 recitavit.
596 1914 657 1950 Ad
676 1928 759 1963 quae
780 1915 923 1952 clamor
941 1928 1027 1951 cum
1047 1916 1195 1964 ingenti

75 1976 237 2013 adsensu
263 1982 319 2012 est
347 1976 543 2013 sublatus:
579 1990 744 2027 pugnam
772 1979 995 2029 poscebant,
1023 1980 1194 2028 signum-

74 2053 146 2090 que
173 2046 216 2076 ut
241 2039 347 2076 daret
373 2040 579 2091 extemplo,
603 2041 782 2079 ferociter
808 2043 1015 2080 instabant.
1072 2044 1191 2081 Grac-

71 2105 177 2147 chus,
197 2103 334 2154 proelio
355 2105 394 2140 in
414 2112 607 2154 posterum
627 2106 723 2142 diem
746 2108 1013 2157 pronunciato,
1035 2109 1190 2145 concio-

70 2180 155 2204 nem
184 2168 339 2205 dimisit.
394 2167 539 2204 Milites
563 2168 653 2212 laeti,
675 2171 863 2220 praecipue
883 2170 1018 2219 quibus
1046 2184 1188 2209 merces

71 2238 216 2268 navatae
247 2232 286 2267 in
315 2245 431 2268 unum
462 2232 560 2268 diem
591 2246 716 2283 operae
750 2234 904 2271 libertas
935 2234 1063 2271 futura
1092 2241 1185 2280 erat,

70 2297 181 2334 armis
202 2297 443 2348 expediendis
464 2298 565 2347 quod
584 2297 769 2347 reliquum
789 2306 1030 2336 consumunt.

81 2377 83 2380 ⁴
123 2359 212 2397 XV.
241 2360 402 2398 Postero
421 2361 495 2405 die,
513 2361 577 2398 ubi
595 2361 704 2410 signa
723 2369 920 2413 coeperunt
939 2375 1087 2407 canere,
1108 2364 1184 2416 pri-

594 2426 619 2460 S
640 2427 662 2462 2
