<?xml version="1.0" encoding="UTF-8"?>
<!DOCTYPE html PUBLIC "-//W3C//DTD XHTML 1.0 Transitional//EN"
    "http://www.w3.org/TR/xhtml1/DTD/xhtml1-transitional.dtd">
<html xmlns="http://www.w3.org/1999/xhtml" xml:lang="en" lang="en">
 <head>
  <title>
</title>
<meta http-equiv="Content-Type" content="text/html;charset=utf-8" />
  <meta name='ocr-system' content='tesseract 3.04.00' />
  <meta name='ocr-capabilities' content='ocr_page ocr_carea ocr_par ocr_line ocrx_word'/>
</head>
<body>
  <div class='ocr_page' id='page_1' title='image "./historiarumquaes02livyuoft/historiarumquaes02livyuoft_0510.png"; bbox 0 0 1527 2661; ppageno 0'>
   <div class='ocr_carea' id='block_1_1' title="bbox 127 840 311 919">
    <p class='ocr_par' dir='ltr' id='par_1_1' title="bbox 127 840 311 919">
     <span class='ocr_line' id='line_1_1' title="bbox 131 840 311 875; baseline -0.006 -1"><span class='ocrx_word' id='word_1_1' title='bbox 131 843 171 875; x_wconf 86' lang='lat' dir='ltr'>U.</span> <span class='ocrx_word' id='word_1_2' title='bbox 184 840 220 871; x_wconf 89' lang='lat' dir='ltr'>C·</span> <span class='ocrx_word' id='word_1_3' title='bbox 240 849 311 875; x_wconf 80' lang='lat'>541.</span> 
     </span>
     <span class='ocr_line' id='line_1_2' title="bbox 127 884 311 919; baseline 0.011 -2"><span class='ocrx_word' id='word_1_4' title='bbox 127 888 166 917; x_wconf 86' lang='lat' dir='ltr'>A.</span> <span class='ocrx_word' id='word_1_5' title='bbox 182 884 219 914; x_wconf 90' lang='lat' dir='ltr'>C·</span> <span class='ocrx_word' id='word_1_6' title='bbox 238 894 311 919; x_wconf 83' lang='lat'>211·</span> 
     </span>
    </p>
   </div>
   <div class='ocr_carea' id='block_1_2' title="bbox 322 218 1444 254">
    <p class='ocr_par' dir='ltr' id='par_1_2' title="bbox 322 218 1444 254">
     <span class='ocr_line' id='line_1_3' title="bbox 322 218 1444 254; baseline 0 2407"><span class='ocrx_word' id='word_1_7' title='bbox 322 218 1444 254; x_wconf 95' lang='lat' dir='ltr'> </span> 
     </span>
    </p>
   </div>
   <div class='ocr_carea' id='block_1_3' title="bbox 490 407 1276 462">
    <p class='ocr_par' dir='ltr' id='par_1_3' title="bbox 490 407 1276 462">
     <span class='ocr_line' id='line_1_4' title="bbox 490 407 1276 462; baseline 0.005 -4"><span class='ocrx_word' id='word_1_8' title='bbox 490 407 554 458; x_wconf 92' lang='lat' dir='ltr'>T.</span> <span class='ocrx_word' id='word_1_9' title='bbox 597 407 807 459; x_wconf 90' lang='lat' dir='ltr'>LIVII</span> <span class='ocrx_word' id='word_1_10' title='bbox 858 408 1276 462; x_wconf 90' lang='lat' dir='ltr'><strong>PATAVINI</strong></span> 
     </span>
    </p>
   </div>
   <div class='ocr_carea' id='block_1_4' title="bbox 693 557 1077 731">
    <p class='ocr_par' dir='ltr' id='par_1_4' title="bbox 693 557 1077 731">
     <span class='ocr_line' id='line_1_5' title="bbox 693 557 1077 595; baseline 0.003 -2"><span class='ocrx_word' id='word_1_11' title='bbox 693 557 887 594; x_wconf 86' lang='lat' dir='ltr'><strong>LIBER</strong></span> <span class='ocrx_word' id='word_1_12' title='bbox 923 558 1077 595; x_wconf 80' lang='lat' dir='ltr'><strong>XXVI.</strong></span> 
     </span>
     <span class='ocr_line' id='line_1_6' title="bbox 697 705 1055 731; baseline 0 -11"><span class='ocrx_word' id='word_1_13' title='bbox 697 705 1055 731; x_wconf 42' lang='lat'>*-</span> 
     </span>
    </p>
   </div>
   <div class='ocr_carea' id='block_1_5' title="bbox 319 828 1443 2365">
    <p class='ocr_par' dir='ltr' id='par_1_5' title="bbox 330 828 1441 909">
     <span class='ocr_line' id='line_1_7' title="bbox 330 828 1441 909; baseline 0.003 -43"><span class='ocrx_word' id='word_1_14' title='bbox 330 828 451 909; x_wconf 70' lang='grc' dir='ltr'>ΟΝ.</span> <span class='ocrx_word' id='word_1_15' title='bbox 471 829 625 867; x_wconf 87' lang='lat' dir='ltr'>Fulvius</span> <span class='ocrx_word' id='word_1_16' title='bbox 653 829 915 873; x_wconf 78' lang='lat' dir='ltr'>Centumalus,</span> <span class='ocrx_word' id='word_1_17' title='bbox 936 830 979 866; x_wconf 85' lang='lat' dir='ltr'>P.</span> <span class='ocrx_word' id='word_1_18' title='bbox 997 829 1183 880; x_wconf 88' lang='lat' dir='ltr'>Sulpicius</span> <span class='ocrx_word' id='word_1_19' title='bbox 1205 829 1330 868; x_wconf 82' lang='lat' dir='ltr'>Galba</span> <span class='ocrx_word' id='word_1_20' title='bbox 1348 845 1441 869; x_wconf 89' lang='lat' dir='ltr'>con-</span> 
     </span>
    </p>

    <p class='ocr_par' dir='ltr' id='par_1_6' title="bbox 319 894 1443 2365">
     <span class='ocr_line' id='line_1_8' title="bbox 428 894 1440 944; baseline 0.002 -13"><span class='ocrx_word' id='word_1_21' title='bbox 428 894 541 936; x_wconf 89' lang='lat' dir='ltr'>sules,</span> <span class='ocrx_word' id='word_1_22' title='bbox 569 907 684 944; x_wconf 87' lang='lat' dir='ltr'>quum</span> <span class='ocrx_word' id='word_1_23' title='bbox 716 894 839 931; x_wconf 82' lang='lat' dir='ltr'>idibus</span> <span class='ocrx_word' id='word_1_24' title='bbox 867 894 1018 930; x_wconf 87' lang='lat' dir='ltr'>Martiis</span> <span class='ocrx_word' id='word_1_25' title='bbox 1048 895 1312 943; x_wconf 85' lang='lat' dir='ltr'>magistratum</span> <span class='ocrx_word' id='word_1_26' title='bbox 1348 897 1440 933; x_wconf 86' lang='lat' dir='ltr'>inis-</span> 
     </span>
     <span class='ocr_line' id='line_1_9' title="bbox 322 958 1441 1010; baseline -0.001 -11"><span class='ocrx_word' id='word_1_27' title='bbox 322 969 421 1004; x_wconf 83' lang='lat' dir='ltr'>sent,</span> <span class='ocrx_word' id='word_1_28' title='bbox 442 967 577 997; x_wconf 85' lang='lat' dir='ltr'>senatu</span> <span class='ocrx_word' id='word_1_29' title='bbox 603 960 642 994; x_wconf 88' lang='lat' dir='ltr'>in</span> <span class='ocrx_word' id='word_1_30' title='bbox 670 958 903 1008; x_wconf 84' lang='lat' dir='ltr'>Capitolium</span> <span class='ocrx_word' id='word_1_31' title='bbox 922 967 1074 1003; x_wconf 75' lang='lat' dir='ltr'>vocam,</span> <span class='ocrx_word' id='word_1_32' title='bbox 1096 960 1141 996; x_wconf 88' lang='lat' dir='ltr'>de</span> <span class='ocrx_word' id='word_1_33' title='bbox 1167 960 1373 1010; x_wconf 83' lang='lat' dir='ltr'>republica,</span> <span class='ocrx_word' id='word_1_34' title='bbox 1395 962 1441 998; x_wconf 86' lang='lat' dir='ltr'>de</span> 
     </span>
     <span class='ocr_line' id='line_1_10' title="bbox 321 1022 1441 1074; baseline -0.001 -11"><span class='ocrx_word' id='word_1_35' title='bbox 321 1024 651 1064; x_wconf 80' lang='lat' dir='ltr'>administratione</span> <span class='ocrx_word' id='word_1_36' title='bbox 680 1022 784 1066; x_wconf 89' lang='lat' dir='ltr'>belli,</span> <span class='ocrx_word' id='word_1_37' title='bbox 820 1023 866 1058; x_wconf 86' lang='lat' dir='ltr'>de</span> <span class='ocrx_word' id='word_1_38' title='bbox 899 1023 1103 1072; x_wconf 88' lang='lat' dir='ltr'>provinciis</span> <span class='ocrx_word' id='word_1_39' title='bbox 1139 1024 1441 1074; x_wconf 82' lang='lat' dir='ltr'>exercitibusque</span> 
     </span>
     <span class='ocr_line' id='line_1_11' title="bbox 320 1087 1440 1140; baseline -0.001 -13"><span class='ocrx_word' id='word_1_40' title='bbox 320 1091 453 1127; x_wconf 89' lang='lat' dir='ltr'>Patres</span> <span class='ocrx_word' id='word_1_41' title='bbox 474 1088 759 1126; x_wconf 85' lang='lat' dir='ltr'>consuluerunt.</span> <span class='ocrx_word' id='word_1_42' title='bbox 790 1087 1002 1131; x_wconf 80' lang='lat' dir='ltr'>Q.Fu1vio,</span> <span class='ocrx_word' id='word_1_43' title='bbox 1019 1088 1093 1138; x_wconf 91' lang='lat' dir='ltr'>Ap.</span> <span class='ocrx_word' id='word_1_44' title='bbox 1108 1088 1283 1133; x_wconf 84' lang='lat' dir='ltr'>Claudio,</span> <span class='ocrx_word' id='word_1_45' title='bbox 1304 1090 1440 1140; x_wconf 87' lang='lat' dir='ltr'>prioris</span> 
     </span>
     <span class='ocr_line' id='line_1_12' title="bbox 321 1152 1441 1203; baseline -0.001 -12"><span class='ocrx_word' id='word_1_46' title='bbox 321 1156 411 1191; x_wconf 85' lang='lat' dir='ltr'>anni</span> <span class='ocrx_word' id='word_1_47' title='bbox 441 1152 676 1195; x_wconf 87' lang='lat' dir='ltr'>consulibus,</span> <span class='ocrx_word' id='word_1_48' title='bbox 706 1157 954 1201; x_wconf 86' lang='lat' dir='ltr'>prorogatum</span> <span class='ocrx_word' id='word_1_49' title='bbox 984 1153 1184 1202; x_wconf 89' lang='lat' dir='ltr'>imperium</span> <span class='ocrx_word' id='word_1_50' title='bbox 1214 1159 1294 1199; x_wconf 81' lang='lat' dir='ltr'>est3</span> <span class='ocrx_word' id='word_1_51' title='bbox 1327 1160 1441 1203; x_wconf 89' lang='lat' dir='ltr'>atque</span> 
     </span>
     <span class='ocr_line' id='line_1_13' title="bbox 321 1217 1441 1268; baseline -0.002 -11"><span class='ocrx_word' id='word_1_52' title='bbox 321 1220 524 1262; x_wconf 85' lang='lat' dir='ltr'>exercitus,</span> <span class='ocrx_word' id='word_1_53' title='bbox 545 1231 638 1268; x_wconf 79' lang='lat' dir='ltr'>quos</span> <span class='ocrx_word' id='word_1_54' title='bbox 667 1217 875 1261; x_wconf 84' lang='lat' dir='ltr'>habebant,</span> <span class='ocrx_word' id='word_1_55' title='bbox 898 1217 1059 1254; x_wconf 80' lang='lat' dir='ltr'>decreti:</span> <span class='ocrx_word' id='word_1_56' title='bbox 1093 1217 1372 1268; x_wconf 85' lang='lat' dir='ltr'>adjectumquc,</span> <span class='ocrx_word' id='word_1_57' title='bbox 1392 1232 1441 1255; x_wconf 88' lang='lat' dir='ltr'>ne</span> 
     </span>
     <span class='ocr_line' id='line_1_14' title="bbox 320 1283 1442 1336; baseline -0.001 -14"><span class='ocrx_word' id='word_1_58' title='bbox 320 1299 344 1322; x_wconf 91' lang='lat' dir='ltr'>a</span> <span class='ocrx_word' id='word_1_59' title='bbox 367 1286 513 1336; x_wconf 82' lang='lat' dir='ltr'>Capua,</span> <span class='ocrx_word' id='word_1_60' title='bbox 534 1298 647 1334; x_wconf 88' lang='lat' dir='ltr'>quam</span> <span class='ocrx_word' id='word_1_61' title='bbox 674 1283 915 1326; x_wconf 82' lang='lat' dir='ltr'>obsidebant,</span> <span class='ocrx_word' id='word_1_62' title='bbox 939 1283 1200 1327; x_wconf 82' lang='lat' dir='ltr'>abscederent,</span> <span class='ocrx_word' id='word_1_63' title='bbox 1222 1285 1442 1334; x_wconf 79' lang='lat' dir='ltr'>priusquam</span> 
     </span>
     <span class='ocr_line' id='line_1_15' title="bbox 321 1348 1439 1401; baseline -0.003 -13"><span class='ocrx_word' id='word_1_64' title='bbox 321 1355 617 1401; x_wconf 84' lang='lat' dir='ltr'>expugnassent.</span> <span class='ocrx_word' id='word_1_65' title='bbox 664 1349 723 1385; x_wconf 88' lang='lat' dir='ltr'>Ea</span> <span class='ocrx_word' id='word_1_66' title='bbox 742 1354 822 1384; x_wconf 91' lang='lat' dir='ltr'>tum</span> <span class='ocrx_word' id='word_1_67' title='bbox 843 1361 934 1384; x_wconf 89' lang='lat' dir='ltr'>cura</span> <span class='ocrx_word' id='word_1_68' title='bbox 950 1348 1114 1384; x_wconf 84' lang='lat' dir='ltr'>maxime</span> <span class='ocrx_word' id='word_1_69' title='bbox 1134 1348 1301 1384; x_wconf 86' lang='lat' dir='ltr'>intentos</span> <span class='ocrx_word' id='word_1_70' title='bbox 1322 1348 1439 1385; x_wconf 88' lang='lat' dir='ltr'>habe-</span> 
     </span>
     <span class='ocr_line' id='line_1_16' title="bbox 321 1412 1440 1461; baseline -0.001 -10"><span class='ocrx_word' id='word_1_71' title='bbox 321 1413 390 1451; x_wconf 92' lang='lat' dir='ltr'>bat</span> <span class='ocrx_word' id='word_1_72' title='bbox 417 1413 641 1450; x_wconf 80' lang='lat' dir='ltr'>Romanos:</span> <span class='ocrx_word' id='word_1_73' title='bbox 674 1425 752 1449; x_wconf 92' lang='lat' dir='ltr'>non</span> <span class='ocrx_word' id='word_1_74' title='bbox 782 1412 829 1449; x_wconf 90' lang='lat' dir='ltr'>ab</span> <span class='ocrx_word' id='word_1_75' title='bbox 857 1413 913 1448; x_wconf 85' lang='lat' dir='ltr'>ira</span> <span class='ocrx_word' id='word_1_76' title='bbox 938 1419 1102 1455; x_wconf 89' lang='lat' dir='ltr'>tantum,</span> <span class='ocrx_word' id='word_1_77' title='bbox 1124 1425 1205 1461; x_wconf 82' lang='lat' dir='ltr'>quae</span> <span class='ocrx_word' id='word_1_78' title='bbox 1232 1413 1271 1450; x_wconf 90' lang='lat' dir='ltr'>in</span> <span class='ocrx_word' id='word_1_79' title='bbox 1297 1412 1440 1450; x_wconf 86' lang='lat' dir='ltr'>nullam</span> 
     </span>
     <span class='ocr_line' id='line_1_17' title="bbox 323 1475 1441 1526; baseline -0.001 -12"><span class='ocrx_word' id='word_1_80' title='bbox 323 1490 502 1526; x_wconf 82' lang='lat' dir='ltr'>uniquam</span> <span class='ocrx_word' id='word_1_81' title='bbox 523 1477 716 1514; x_wconf 88' lang='lat' dir='ltr'>civitatem</span> <span class='ocrx_word' id='word_1_82' title='bbox 728 1476 872 1526; x_wconf 88' lang='lat' dir='ltr'>justior</span> <span class='ocrx_word' id='word_1_83' title='bbox 891 1475 978 1519; x_wconf 83' lang='lat' dir='ltr'>fuit,</span> <span class='ocrx_word' id='word_1_84' title='bbox 1000 1488 1112 1525; x_wconf 88' lang='lat' dir='ltr'>quam</span> <span class='ocrx_word' id='word_1_85' title='bbox 1132 1476 1233 1525; x_wconf 91' lang='lat' dir='ltr'>quod</span> <span class='ocrx_word' id='word_1_86' title='bbox 1254 1476 1340 1513; x_wconf 86' lang='lat' dir='ltr'>urbs</span> <span class='ocrx_word' id='word_1_87' title='bbox 1362 1483 1441 1513; x_wconf 88' lang='lat' dir='ltr'>tam</span> 
     </span>
     <span class='ocr_line' id='line_1_18' title="bbox 323 1540 1441 1592; baseline -0.001 -14"><span class='ocrx_word' id='word_1_88' title='bbox 323 1541 462 1579; x_wconf 88' lang='lat' dir='ltr'>nobilis</span> <span class='ocrx_word' id='word_1_89' title='bbox 490 1555 534 1578; x_wconf 88' lang='lat' dir='ltr'>ac</span> <span class='ocrx_word' id='word_1_90' title='bbox 560 1548 711 1592; x_wconf 85' lang='lat' dir='ltr'>potens,</span> <span class='ocrx_word' id='word_1_91' title='bbox 733 1541 831 1577; x_wconf 76' lang='lat' dir='ltr'>sicut</span> <span class='ocrx_word' id='word_1_92' title='bbox 857 1540 1072 1577; x_wconf 84' lang='lat' dir='ltr'>defectione</span> <span class='ocrx_word' id='word_1_93' title='bbox 1098 1553 1165 1577; x_wconf 84' lang='lat' dir='ltr'>sua</span> <span class='ocrx_word' id='word_1_94' title='bbox 1184 1547 1353 1578; x_wconf 84' lang='lat' dir='ltr'>traxerat</span> <span class='ocrx_word' id='word_1_95' title='bbox 1372 1541 1441 1577; x_wconf 70' lang='lat' dir='ltr'>ali-</span> 
     </span>
     <span class='ocr_line' id='line_1_19' title="bbox 322 1605 1442 1657; baseline -0.001 -15"><span class='ocrx_word' id='word_1_96' title='bbox 322 1613 417 1656; x_wconf 90' lang='lat' dir='ltr'>quot</span> <span class='ocrx_word' id='word_1_97' title='bbox 436 1606 613 1657; x_wconf 90' lang='lat' dir='ltr'>populos,</span> <span class='ocrx_word' id='word_1_98' title='bbox 635 1607 689 1642; x_wconf 89' lang='lat' dir='ltr'>ita</span> <span class='ocrx_word' id='word_1_99' title='bbox 707 1612 861 1655; x_wconf 89' lang='lat' dir='ltr'>recepta</span> <span class='ocrx_word' id='word_1_100' title='bbox 886 1605 1114 1642; x_wconf 85' lang='lat' dir='ltr'>inclinatura</span> <span class='ocrx_word' id='word_1_101' title='bbox 1140 1618 1266 1641; x_wconf 88' lang='lat' dir='ltr'>rursus</span> <span class='ocrx_word' id='word_1_102' title='bbox 1294 1606 1442 1641; x_wconf 88' lang='lat' dir='ltr'>animos</span> 
     </span>
     <span class='ocr_line' id='line_1_20' title="bbox 322 1669 1443 1720; baseline 0 -14"><span class='ocrx_word' id='word_1_103' title='bbox 322 1670 522 1707; x_wconf 87' lang='lat' dir='ltr'>videbatur</span> <span class='ocrx_word' id='word_1_104' title='bbox 541 1671 589 1707; x_wconf 89' lang='lat' dir='ltr'>ad</span> <span class='ocrx_word' id='word_1_105' title='bbox 607 1671 743 1707; x_wconf 78' lang='lat' dir='ltr'>veteris</span> <span class='ocrx_word' id='word_1_106' title='bbox 765 1670 913 1720; x_wconf 89' lang='lat' dir='ltr'>imperii</span> <span class='ocrx_word' id='word_1_107' title='bbox 933 1675 1157 1719; x_wconf 85' lang='lat' dir='ltr'>respectum.</span> <span class='ocrx_word' id='word_1_108' title='bbox 1198 1669 1250 1705; x_wconf 88' lang='lat' dir='ltr'>Et</span> <span class='ocrx_word' id='word_1_109' title='bbox 1270 1671 1443 1720; x_wconf 85' lang='lat' dir='ltr'>praetori-</span> 
     </span>
     <span class='ocr_line' id='line_1_21' title="bbox 322 1734 1441 1785; baseline -0.002 -13"><span class='ocrx_word' id='word_1_110' title='bbox 322 1735 393 1772; x_wconf 92' lang='lat' dir='ltr'>bus</span> <span class='ocrx_word' id='word_1_111' title='bbox 413 1736 550 1785; x_wconf 88' lang='lat' dir='ltr'>prioris</span> <span class='ocrx_word' id='word_1_112' title='bbox 571 1736 675 1778; x_wconf 88' lang='lat' dir='ltr'>anni,</span> <span class='ocrx_word' id='word_1_113' title='bbox 695 1735 752 1772; x_wconf 86' lang='lat' dir='ltr'>M.</span> <span class='ocrx_word' id='word_1_114' title='bbox 768 1735 886 1770; x_wconf 69' lang='lat' dir='ltr'>,lunio</span> <span class='ocrx_word' id='word_1_115' title='bbox 906 1735 946 1770; x_wconf 92' lang='lat' dir='ltr'>in</span> <span class='ocrx_word' id='word_1_116' title='bbox 965 1734 1134 1777; x_wconf 85' lang='lat' dir='ltr'>Etruria,</span> <span class='ocrx_word' id='word_1_117' title='bbox 1155 1734 1198 1770; x_wconf 89' lang='lat' dir='ltr'>P.</span> <span class='ocrx_word' id='word_1_118' title='bbox 1216 1734 1441 1784; x_wconf 84' lang='lat' dir='ltr'>Sempronio</span> 
     </span>
     <span class='ocr_line' id='line_1_22' title="bbox 322 1797 1440 1846; baseline -0.002 -11"><span class='ocrx_word' id='word_1_119' title='bbox 322 1799 363 1835; x_wconf 92' lang='lat' dir='ltr'>in</span> <span class='ocrx_word' id='word_1_120' title='bbox 395 1799 535 1842; x_wconf 77' lang='lat' dir='ltr'>Gallia,</span> <span class='ocrx_word' id='word_1_121' title='bbox 569 1812 654 1835; x_wconf 90' lang='lat' dir='ltr'>cum</span> <span class='ocrx_word' id='word_1_122' title='bbox 692 1799 791 1835; x_wconf 87' lang='lat' dir='ltr'>binis</span> <span class='ocrx_word' id='word_1_123' title='bbox 825 1797 1054 1846; x_wconf 87' lang='lat' dir='ltr'>legionibus,</span> <span class='ocrx_word' id='word_1_124' title='bbox 1089 1810 1180 1846; x_wconf 86' lang='lat' dir='ltr'>quas</span> <span class='ocrx_word' id='word_1_125' title='bbox 1214 1797 1440 1841; x_wconf 84' lang='lat' dir='ltr'>habuerant,</span> 
     </span>
     <span class='ocr_line' id='line_1_23' title="bbox 322 1861 1441 1912; baseline -0.001 -14"><span class='ocrx_word' id='word_1_126' title='bbox 322 1869 571 1912; x_wconf 86' lang='lat' dir='ltr'>prorogatum</span> <span class='ocrx_word' id='word_1_127' title='bbox 591 1870 648 1898; x_wconf 86' lang='lat' dir='ltr'>est</span> <span class='ocrx_word' id='word_1_128' title='bbox 668 1862 890 1912; x_wconf 88' lang='lat' dir='ltr'>imperium:</span> <span class='ocrx_word' id='word_1_129' title='bbox 923 1868 1171 1911; x_wconf 82' lang='lat' dir='ltr'>prorogatum</span> <span class='ocrx_word' id='word_1_130' title='bbox 1198 1867 1236 1897; x_wconf 89' lang='lat' dir='ltr'>et</span> <span class='ocrx_word' id='word_1_131' title='bbox 1260 1861 1318 1898; x_wconf 89' lang='lat' dir='ltr'>M.</span> <span class='ocrx_word' id='word_1_132' title='bbox 1333 1861 1441 1898; x_wconf 88' lang='lat' dir='ltr'>Mar-</span> 
     </span>
     <span class='ocr_line' id='line_1_24' title="bbox 319 1925 1440 1977; baseline -0.001 -14"><span class='ocrx_word' id='word_1_133' title='bbox 319 1926 434 1970; x_wconf 79' lang='lat' dir='ltr'>cello,</span> <span class='ocrx_word' id='word_1_134' title='bbox 456 1934 497 1963; x_wconf 90' lang='lat' dir='ltr'>ut</span> <span class='ocrx_word' id='word_1_135' title='bbox 516 1940 586 1977; x_wconf 90' lang='lat' dir='ltr'>pro</span> <span class='ocrx_word' id='word_1_136' title='bbox 606 1927 761 1963; x_wconf 89' lang='lat' dir='ltr'>consule</span> <span class='ocrx_word' id='word_1_137' title='bbox 785 1927 824 1962; x_wconf 88' lang='lat' dir='ltr'>in</span> <span class='ocrx_word' id='word_1_138' title='bbox 845 1926 974 1962; x_wconf 86' lang='lat' dir='ltr'>Sicilia</span> <span class='ocrx_word' id='word_1_139' title='bbox 998 1925 1143 1975; x_wconf 88' lang='lat' dir='ltr'>reliqua</span> <span class='ocrx_word' id='word_1_140' title='bbox 1167 1925 1257 1962; x_wconf 84' lang='lat' dir='ltr'>belli</span> <span class='ocrx_word' id='word_1_141' title='bbox 1284 1926 1440 1976; x_wconf 87' lang='lat' dir='ltr'>perfice-</span> 
     </span>
     <span class='ocr_line' id='line_1_25' title="bbox 323 1990 1438 2041; baseline -0.001 -14"><span class='ocrx_word' id='word_1_142' title='bbox 323 1998 382 2028; x_wconf 88' lang='lat' dir='ltr'>ret</span> <span class='ocrx_word' id='word_1_143' title='bbox 401 2004 446 2027; x_wconf 91' lang='lat' dir='ltr'>eo</span> <span class='ocrx_word' id='word_1_144' title='bbox 462 1992 645 2034; x_wconf 78' lang='lat' dir='ltr'>exercitu,</span> <span class='ocrx_word' id='word_1_145' title='bbox 663 2003 774 2040; x_wconf 89' lang='lat' dir='ltr'>quem</span> <span class='ocrx_word' id='word_1_146' title='bbox 792 1991 973 2028; x_wconf 89' lang='lat' dir='ltr'>haberet:</span> <span class='ocrx_word' id='word_1_147' title='bbox 1007 1991 1038 2026; x_wconf 88' lang='lat' dir='ltr'>si</span> <span class='ocrx_word' id='word_1_148' title='bbox 1059 1990 1323 2041; x_wconf 87' lang='lat' dir='ltr'>supplemento</span> <span class='ocrx_word' id='word_1_149' title='bbox 1343 2003 1438 2040; x_wconf 88' lang='lat' dir='ltr'>opus</span> 
     </span>
     <span class='ocr_line' id='line_1_26' title="bbox 323 2055 1439 2105; baseline -0.002 -13"><span class='ocrx_word' id='word_1_150' title='bbox 323 2061 437 2098; x_wconf 85' lang='lat' dir='ltr'>esset,</span> <span class='ocrx_word' id='word_1_151' title='bbox 458 2055 650 2105; x_wconf 86' lang='lat' dir='ltr'>suppleret</span> <span class='ocrx_word' id='word_1_152' title='bbox 678 2056 723 2091; x_wconf 86' lang='lat' dir='ltr'>de</span> <span class='ocrx_word' id='word_1_153' title='bbox 752 2055 980 2104; x_wconf 83' lang='lat' dir='ltr'>legionibus,</span> <span class='ocrx_word' id='word_1_154' title='bbox 1009 2056 1144 2104; x_wconf 87' lang='lat' dir='ltr'>quibus</span> <span class='ocrx_word' id='word_1_155' title='bbox 1174 2055 1217 2092; x_wconf 91' lang='lat' dir='ltr'>P.</span> <span class='ocrx_word' id='word_1_156' title='bbox 1240 2055 1439 2091; x_wconf 85' lang='lat' dir='ltr'>Cornelius</span> 
     </span>
     <span class='ocr_line' id='line_1_27' title="bbox 322 2119 1439 2170; baseline -0.001 -15"><span class='ocrx_word' id='word_1_157' title='bbox 322 2126 536 2169; x_wconf 81' lang='lat' dir='ltr'>propraetor</span> <span class='ocrx_word' id='word_1_158' title='bbox 562 2120 599 2156; x_wconf 89' lang='lat' dir='ltr'>in</span> <span class='ocrx_word' id='word_1_159' title='bbox 627 2120 756 2156; x_wconf 81' lang='lat' dir='ltr'>Sicilia</span> <span class='ocrx_word' id='word_1_160' title='bbox 782 2128 982 2170; x_wconf 53' lang='lat' dir='ltr'>praeesset:</span> <span class='ocrx_word' id='word_1_161' title='bbox 1014 2121 1103 2156; x_wconf 82' lang='lat' dir='ltr'>(luni</span> <span class='ocrx_word' id='word_1_162' title='bbox 1130 2132 1176 2155; x_wconf 90' lang='lat' dir='ltr'>ne</span> <span class='ocrx_word' id='word_1_163' title='bbox 1202 2132 1312 2168; x_wconf 83' lang='lat' dir='ltr'>quein</span> <span class='ocrx_word' id='word_1_164' title='bbox 1340 2119 1439 2155; x_wconf 83' lang='lat' dir='ltr'>mili-</span> 
     </span>
     <span class='ocr_line' id='line_1_28' title="bbox 322 2184 1437 2234; baseline 0 -14"><span class='ocrx_word' id='word_1_165' title='bbox 322 2192 399 2220; x_wconf 87' lang='lat' dir='ltr'>tem</span> <span class='ocrx_word' id='word_1_166' title='bbox 430 2184 573 2232; x_wconf 81' lang='lat' dir='ltr'>legeret</span> <span class='ocrx_word' id='word_1_167' title='bbox 599 2198 645 2221; x_wconf 83' lang='lat' dir='ltr'>ex</span> <span class='ocrx_word' id='word_1_168' title='bbox 673 2197 719 2220; x_wconf 86' lang='lat' dir='ltr'>eo</span> <span class='ocrx_word' id='word_1_169' title='bbox 749 2198 921 2227; x_wconf 86' lang='lat' dir='ltr'>numero,</span> <span class='ocrx_word' id='word_1_170' title='bbox 950 2185 1084 2234; x_wconf 84' lang='lat' dir='ltr'>quibus</span> <span class='ocrx_word' id='word_1_171' title='bbox 1111 2190 1262 2221; x_wconf 84' lang='lat' dir='ltr'>senatus</span> <span class='ocrx_word' id='word_1_172' title='bbox 1289 2184 1437 2220; x_wconf 87' lang='lat' dir='ltr'>missio-</span> 
     </span>
     <span class='ocr_line' id='line_1_29' title="bbox 322 2248 1437 2298; baseline 0.001 -14"><span class='ocrx_word' id='word_1_173' title='bbox 322 2261 407 2284; x_wconf 85' lang='lat' dir='ltr'>nem</span> <span class='ocrx_word' id='word_1_174' title='bbox 429 2249 665 2297; x_wconf 79' lang='lat' dir='ltr'>reditumque</span> <span class='ocrx_word' id='word_1_175' title='bbox 683 2250 720 2285; x_wconf 84' lang='lat' dir='ltr'>in</span> <span class='ocrx_word' id='word_1_176' title='bbox 738 2251 899 2298; x_wconf 75' lang='lat' dir='ltr'>patriam</span> <span class='ocrx_word' id='word_1_177' title='bbox 914 2259 1090 2298; x_wconf 78' lang='lat' dir='ltr'>negasset</span> <span class='ocrx_word' id='word_1_178' title='bbox 1105 2255 1192 2287; x_wconf 81' lang='lat' dir='ltr'>ante</span> <span class='ocrx_word' id='word_1_179' title='bbox 1207 2248 1295 2285; x_wconf 87' lang='lat' dir='ltr'>belli</span> <span class='ocrx_word' id='word_1_180' title='bbox 1312 2248 1437 2285; x_wconf 85' lang='lat' dir='ltr'>finem.</span> 
     </span>
     <span class='ocr_line' id='line_1_30' title="bbox 322 2313 1436 2365; baseline 0 -17"><span class='ocrx_word' id='word_1_181' title='bbox 322 2313 366 2349; x_wconf 78' lang='lat' dir='ltr'>C.</span> <span class='ocrx_word' id='word_1_182' title='bbox 385 2313 568 2365; x_wconf 87' lang='lat' dir='ltr'>Sulpicio,</span> <span class='ocrx_word' id='word_1_183' title='bbox 589 2315 650 2349; x_wconf 88' lang='lat' dir='ltr'>cui</span> <span class='ocrx_word' id='word_1_184' title='bbox 678 2314 806 2352; x_wconf 81' lang='lat' dir='ltr'>Sicilia</span> <span class='ocrx_word' id='word_1_185' title='bbox 827 2322 1015 2357; x_wconf 76' lang='lat' dir='ltr'>evenerat,</span> <span class='ocrx_word' id='word_1_186' title='bbox 1038 2314 1117 2350; x_wconf 88' lang='lat' dir='ltr'>duae</span> <span class='ocrx_word' id='word_1_187' title='bbox 1141 2313 1323 2362; x_wconf 85' lang='lat' dir='ltr'>legiones,</span> <span class='ocrx_word' id='word_1_188' title='bbox 1345 2325 1436 2363; x_wconf 79' lang='lat' dir='ltr'>quas</span> 
     </span>
    </p>
   </div>
   <div class='ocr_carea' id='block_1_6' title="bbox 1498 322 1518 1143">
    <p class='ocr_par' dir='ltr' id='par_1_7' title="bbox 1498 322 1518 1143">
     <span class='ocr_line' id='line_1_31' title="bbox 1498 322 1518 1143; baseline 0 0"><span class='ocrx_word' id='word_1_189' title='bbox 1498 322 1518 1143; x_wconf 95' lang='lat' dir='ltr'> </span> 
     </span>
    </p>
   </div>
   <div class='ocr_carea' id='block_1_7' title="bbox 1518 1298 1527 1829">
    <p class='ocr_par' dir='ltr' id='par_1_8' title="bbox 1518 1298 1527 1829">
     <span class='ocr_line' id='line_1_32' title="bbox 1518 1298 1527 1829; baseline 0 0"><span class='ocrx_word' id='word_1_190' title='bbox 1518 1298 1527 1829; x_wconf 95' lang='lat' dir='ltr'> </span> 
     </span>
    </p>
   </div>
   <div class='ocr_carea' id='block_1_8' title="bbox 1516 1815 1525 2141">
    <p class='ocr_par' dir='ltr' id='par_1_9' title="bbox 1516 1815 1525 2141">
     <span class='ocr_line' id='line_1_33' title="bbox 1516 1815 1525 2141; textangle 90"><span class='ocrx_word' id='word_1_191' title='bbox 1516 1874 1525 2141; x_wconf 53' lang='lat' dir='ltr'><em>.f.„-.—-—-——-</em></span> <span class='ocrx_word' id='word_1_192' title='bbox 1518 1815 1519 1821; x_wconf 37' lang='lat'><em>⁴</em></span> 
     </span>
    </p>
   </div>
  </div>
 </body>
</html>
