1527 2661
340 234 493 263 LIBER
517 232 637 262 XXV.
672 231 779 260 CAP.
804 231 986 259 XXXIX.
1139 232 1221 274 493

107 335 189 360 mox
203 325 368 360 omissam
382 335 529 372 quaeras.
580 322 678 359 Unus
692 322 862 358 exercitus
876 321 913 356 in
930 321 1131 369 propinquo
1146 326 1222 358 est:
1234 320 1277 352 U.
1289 320 1325 351 C.
1345 329 1419 355 540.

107 389 177 423 duo
196 387 293 424 haud
306 388 436 436 procul
455 386 606 423 absunt:
634 398 728 422 nunc
750 383 1039 432 adgredientibus
1054 397 1132 432 spes
1149 386 1218 422 ali·
1232 365 1273 396 Α·
1287 365 1325 396 C'
1341 373 1416 397 ²¹²⁸

105 465 177 500 qua
195 457 269 488 est:
297 457 332 487 et
350 450 431 498 jam
458 452 619 487 tentastis
645 454 780 486 vestras
808 453 915 498 atque
941 449 1089 485 illorum
1116 450 1219 487 vires.

103 516 147 552 Si
165 517 258 553 diem
285 515 516 564 proferimus,
536 520 572 551 et
600 515 767 551 hesternae
790 514 987 561 eruptionis
1004 512 1117 562 fama
1136 526 1218 550 con-

103 582 210 617 temni
229 581 445 623 desierimus,
463 579 663 628 periculum
681 583 745 621 est,
766 590 810 614 ne
828 589 946 614 omnes
962 578 1080 621 duces,
1101 590 1221 615 omnes

102 645 211 693 copiae
247 645 467 680 conveniant.
526 644 609 679 Tres
640 643 766 678 deinde
793 643 910 684 duces,
942 646 1012 678 tres
1046 644 1219 679 exercitus

99 707 347 744 sustinebimus
365 707 532 749 hostium,
553 718 639 755 quos
659 706 722 742 Cn.
737 706 858 754 Scipio
875 706 1045 742 incolumi
1062 708 1218 743 exercitu

99 783 171 808 non
188 773 355 808 sustinuit
367 773 389 807 .9
413 771 461 807 Ut
481 770 669 806 dividendo
685 771 804 818 copias
821 771 958 818 periere
973 770 1076 806 duces
1089 772 1216 812 nostri,

99 837 153 872 ita
170 837 331 883 separati
348 848 391 871 ac
410 836 513 871 divisi
532 835 683 883 obprimi
705 839 854 882 possunt
872 835 987 870 hostes
999 850 1011 870 .·
1039 835 1118 870 alia
1135 835 1219 871 belli

95 901 244 949 gerendi
261 902 320 936 via
337 900 441 935 nulla
459 904 536 936 est,-
560 900 713 947 proinde
730 899 835 942 nihil,
854 904 986 947 praeter
1002 900 1116 935 noctis
1129 912 1217 948 pro-

97 966 201 1001 ximae
218 964 538 1012 opportunitatem,
558 967 803 1010 exspectemus.
857 963 924 1005 Ite,
946 963 1040 998 Deis
1057 963 1141 999 bene
1150 961 1214 1008 ju—
1267 981 1270 983 ·

97 1028 274 1070 vantibus,
296 1039 447 1076 corpora
472 1031 608 1069 curate,
629 1031 669 1062 ut
694 1027 824 1074 integri
842 1027 1066 1074 vigentesque
1094 1027 1218 1063 eodem

99 1095 218 1129 animo
236 1094 273 1128 in
295 1097 414 1128 castra
443 1091 595 1127 hostium
620 1092 851 1138 inrumpatis,
873 1102 941 1139 quo
969 1095 1087 1126 vestra
1107 1093 1218 1127 tutati

99 1159 191 1192 estis.
247 1155 345 1192 Laeti
376 1161 414 1191 et
442 1155 594 1190 audiere
623 1153 670 1190 ab
699 1166 801 1190 novo
830 1153 923 1190 duce
952 1166 1092 1190 novum
1123 1166 1214 1193 con-

100 1220 239 1263 silium,
261 1226 311 1262 et,
332 1232 408 1268 quo
428 1218 606 1255 audacius
635 1224 729 1261 erat,
750 1218 871 1266 magis
898 1218 1095 1268 placebat:
1128 1218 1215 1255 reli-

97 1297 213 1334 quum
234 1285 307 1320 diei
333 1283 574 1334 expediendis
602 1283 713 1318 armis
742 1289 780 1318 et
799 1284 995 1319 curatione
1014 1295 1216 1332 corporum

97 1353 363 1385 consumtum:
396 1353 434 1383 et
462 1345 586 1396 major
603 1359 688 1396 pars
718 1347 841 1382 noctis
862 1347 980 1394 quieti
1010 1346 1100 1383 data
1129 1352 1210 1383 est:

96 1417 231 1462 quarta
249 1410 378 1459 vigilia
397 1423 559 1446 movere.

150 1474 352 1512 XXXIX.
381 1474 503 1510 Erant
523 1474 621 1510 ultra
640 1475 814 1523 proxima
830 1481 952 1510 castra
969 1486 1034 1511 sex
1054 1474 1214 1512 millium
1226 1480 1334 1511 Castra
1348 1481 1431 1512 Has-

95 1538 296 1576 intervallo
327 1539 508 1575 distantes
547 1538 630 1575 aliae
669 1539 787 1588 copiae
817 1538 1036 1575 Poenorum.
1094 1538 1212 1576 Vallis
1225 1524 1365 1598 dffixfflirs
1378 1534 1429 1555 ω’·

96 1618 189 1641 cava
217 1605 412 1647 intererat,
435 1604 625 1640 condensa
654 1603 876 1640 arboribus:
909 1604 948 1639 in
967 1602 1079 1653 hujus
1110 1577 1244 1642 silvaep
1361 1589 1368 1598 ⁶

97 1669 221 1706 medio
240 1669 359 1705 ferme
378 1670 503 1718 spatio
523 1669 659 1704 cohors
680 1667 861 1704 Romana
879 1673 959 1703 arte
979 1667 1124 1705 Punica
1144 1669 1211 1705 ab·

96 1733 210 1775 ditur,
231 1738 269 1767 et
288 1732 446 1780 equites.
504 1731 565 1767 Ita
583 1731 710 1766 medio
738 1732 873 1766 itinere
901 1731 1127 1781 intercepto,
1150 1745 1209 1768 ce-

95 1804 187 1833 terae
203 1796 322 1846 copiae
339 1795 463 1831 silenti
481 1795 631 1843 agmine
647 1795 693 1830 ad
708 1796 900 1844 proximos
916 1795 1044 1831 hostes
1061 1796 1182 1833 ductae
1199 1812 1205 1833 :

95 1867 146 1903 et,
168 1872 281 1909 quum
303 1859 418 1894 statio
436 1858 540 1894 nulla
559 1871 628 1908 pro
648 1859 782 1908 portis,
806 1871 927 1907 neque
946 1859 986 1894 in
1006 1859 1105 1896 vallo
1125 1873 1209 1897 cus-

93 1924 208 1961 todiae
228 1928 366 1965 essent,
386 1921 490 1958 velut
516 1923 554 1958 in
582 1935 649 1958 sua
675 1928 810 1964 castra,
831 1921 936 1958 nullo
962 1934 1119 1972 usquam
1139 1925 1209 1961 ob—

93 1989 264 2029 sistente,
285 1992 539 2036 penetravere.
587 1985 682 2021 Inde
701 1986 810 2034 signa
829 1992 984 2028 canunt,
1006 1993 1043 2022 et
1061 1987 1209 2025 tollitur

94 2053 248 2089 clamor.
304 2050 396 2086 Pars
417 2051 665 2086 semisomnos
692 2051 820 2087 hostes
841 2050 987 2086 caedunt
1004 2065 1011 2086 :
1044 2064 1129 2101 pars
1149 2053 1208 2101 ig-

91 2129 158 2153 nes
195 2115 305 2158 casis,
344 2121 552 2151 stramento
586 2115 691 2150 arido
727 2115 851 2158 tectis,
889 2114 1089 2164 injiciunt:
1121 2129 1206 2166 pars

92 2186 220 2231 portas
240 2185 443 2229 occupant,
464 2184 506 2215 ut
520 2178 650 2228 fugam
669 2178 934 2215 intercludant.
991 2178 1136 2216 Hostes
1156 2182 1207 2217 si-

93 2244 173 2281 mul
198 2245 312 2293 ignis,
342 2242 498 2287 clamor,
519 2243 653 2285 caedes,
673 2242 776 2279 velut
804 2242 989 2279 alienatos
1019 2244 1204 2288 sensibus,

92 2321 162 2345 nec
195 2307 337 2351 audire,
367 2319 437 2343 nec
467 2307 663 2356 providere
691 2306 896 2356 quidquam
925 2307 1078 2343 sinunt:
1110 2308 1206 2344 inci-

92 2372 187 2408 dunt
207 2372 366 2409 inermes
396 2369 496 2406 inter
513 2376 681 2407 catervas
710 2378 967 2415 armatorum;
999 2370 1063 2406 alii
1090 2378 1205 2408 ruunt
