1527 2661
347 221 500 250 LIBER
523 219 632 247 xxl.
665 218 772 246 CAP.
798 217 924 246 LXII·
1105 216 1182 248 221

86 324 131 347 ea
159 310 242 347 loca
267 309 404 345 morari
430 320 555 351 ausus,
581 320 629 343 ne
655 320 677 342 a
702 306 878 355 Scipione
897 304 1183 355 obprimeretur,
1199 312 1286 343 [Le.
1305 318 1376 343 534,

86 384 188 411 trans
210 373 360 410 Iberum
380 384 459 408 sese
479 372 632 421 recepit.
674 370 726 406 Et
747 369 888 419 Scipio,
908 368 1044 418 raptim
1063 367 1109 403 ad
1128 367 1184 403 fa·
1196 358 1235 387 A·
1251 356 1288 386 C·
1305 361 1378 386 ²¹⁸⁹

86 450 186 474 mam
204 449 392 472 novorum
411 435 578 471 hostium
605 434 755 482 agmine
776 438 876 475 acto,
897 444 1010 480 quum
1030 431 1069 466 in
1094 443 1187 480 pau-

86 513 150 537 cos
171 499 367 550 praefectos
383 498 535 534 navium
554 496 890 539 animadvertisset,
904 494 1077 546 praesidio
1092 493 1189 529 Tar-

85 576 224 601 racone
250 563 399 599 modico
419 561 565 604 relicto,
593 560 792 610 Emporias
819 571 904 596 cum
930 557 1048 594 classe
1066 557 1189 594 rediit.

87 627 252 663 Vixdum
271 627 440 674 digresso
465 637 525 667 e0,
546 623 764 660 Hasdrubal
794 622 944 659 aderat:
977 627 1028 664 et,
1049 620 1191 669 Ilerge-

87 698 168 728 tum
187 689 343 741 populo,
364 690 429 738 qui
448 688 596 725 obsides
618 687 787 738 Scipioni
815 686 981 729 dederat,
1002 685 1049 722 ad
1068 684 1193 721 defec-

87 755 231 790 tionem
250 753 415 803 inpulso,
433 765 518 790 cum
534 764 663 788 eorum
681 752 851 802 ipsorum
863 750 1064 801 juventute
1081 760 1194 797 agros

86 818 252 855 fidelium
277 817 463 853 Romanis
492 817 682 853 sociorum
708 822 843 853 vastat.
889 814 1030 851 Excito
1058 813 1195 849 deinde

88 881 266 932 Scipione
283 881 466 923 hibernis,
483 886 568 916 toto
585 880 636 916 cis
657 879 811 917 Iberum
824 891 950 916 rursus
971 878 1070 915 cedit
1089 890 1196 926 agro.

89 946 232 996 Scipio,
265 945 437 982 relictam
469 944 516 980 ab
547 950 702 980 auctore
737 942 960 980 defectionis
989 930 1196 990 Ilerg'etum
1217 966 1220 970 ,

88 1016 242 1059 gentem
260 1022 375 1059 quum
401 1008 540 1045 infesto
568 1008 734 1045 exercitu
760 1008 971 1050 invasisset,
993 1005 1196 1056 compulsis

90 1074 265 1110 omnibus
294 1074 566 1122 Athanagiam,
587 1072 718 1108 urbem
749 1076 850 1121 (quae
879 1076 993 1120 caput
1020 1069 1100 1119 ejus
1126 1081 1197 1119 po-

87 1138 168 1190 puli
187 1139 284 1185 erat)
316 1138 555 1176 circumsedit
572 1152 580 1173 t
612 1137 786 1185 intraque
808 1137 884 1173 dies
904 1147 1060 1186 paucOS,
1081 1133 1197 1184 pluri-

91 1201 160 1238 bus
181 1214 294 1250 quam
313 1208 400 1237 ante
420 1200 615 1237 obsidibus
635 1200 842 1250 imperatis,
868 1198 1063 1247 Ilergetes,
1085 1211 1199 1248 pecu-

89 1268 156 1304 nia
173 1268 287 1304 etiarn
302 1267 496 1310 multatos,
512 1267 552 1302 in
563 1265 628 1316 jus
649 1267 906 1315 ditionemque
925 1266 1078 1315 recepit.
1136 1265 1202 1301 In-

94 1331 139 1368 de
158 1331 197 1367 in
217 1332 432 1368 Ausetanos
452 1342 574 1383 prope
593 1330 761 1374 Iberum,
782 1331 905 1366 socios
929 1336 967 1366 et
992 1331 1092 1380 ipsos
1114 1329 1202 1366 Poe-

93 1408 244 1439 norum,
264 1395 454 1445 procedit:
485 1406 612 1445 atque,
632 1395 725 1431 urbe
744 1407 874 1431 eorum
893 1394 1060 1437 obsessa,
1081 1394 1203 1430 Lace-

92 1465 204 1496 tanos
224 1459 405 1495 auxilium
424 1459 592 1496 finitimis
618 1460 782 1496 ferentes
802 1464 928 1500 nocte,
949 1457 1049 1493 haud
1069 1457 1203 1508 procul

88 1522 171 1573 jam
207 1523 314 1566 urbe,
349 1537 464 1572 quum
499 1525 641 1560 intrare
673 1522 827 1565 vellent,
865 1522 1012 1571 excepit
1044 1522 1204 1559 insidiis.

96 1587 204 1623 Caesa
223 1588 270 1623 ad
289 1588 487 1624 duodecim
512 1588 651 1625 millia:
685 1588 789 1624 exuti
809 1599 904 1637 pene
923 1598 1053 1622 omnes
1074 1587 1202 1629 armis,

96 1650 227 1686 domos
260 1652 399 1700 passim
430 1651 600 1701 palantes
638 1664 704 1701 per
740 1663 850 1699 agros
888 1649 1066 1697 diffugere
1083 1665 1093 1694 3
1133 1661 1203 1685 nec

97 1713 270 1749 obsessos
298 1714 372 1750 alia
397 1714 473 1751 ulla
501 1727 574 1757 res,
595 1727 707 1763 quam
735 1714 865 1762 iniqua
893 1711 1202 1762 obpugnantibus

97 1777 232 1820 hiems,
265 1778 487 1814 tutabatur:
528 1778 688 1825 triginta
722 1777 800 1812 dies
829 1775 978 1811 obsidio
1006 1776 1100 1812 fuit:
1137 1788 1204 1826 per

99 1853 193 1889 quos
214 1853 299 1876 raro
320 1854 498 1889 umquam
516 1841 582 1877 nix
602 1841 724 1876 minus
741 1845 902 1888 quatuor
921 1839 1032 1889 pedes
1053 1839 1130 1875 alta
1141 1838 1204 1889 ja-

98 1905 202 1939 cuit:
235 1905 404 1954 adeoque
432 1905 580 1955 pluteos
610 1918 653 1940 ac
674 1905 798 1940 vineas
825 1903 1086 1939 Romanorum
1114 1916 1206 1954 ope-

98 1974 238 2010 ruerat,
270 1975 310 2004 ut
338 1982 383 2005 ea
411 1969 505 2012 sola,
536 1968 687 2016 ignibus
717 1967 915 2016 aliquoties
945 1967 1127 2017 conjectis
1157 1968 1205 2005 ab

98 2030 222 2074 hoste,
253 2032 367 2067 etiam
396 2037 649 2068 tutamentum
679 2031 805 2067 fuerit.
861 2030 1060 2067 Postremo
1089 2044 1204 2080 quum

98 2094 294 2130 Amusitus
323 2095 496 2144 princeps
530 2107 658 2130 eorum
688 2094 735 2130 ad
763 2093 1041 2131 Hasdrubalem
1073 2094 1203 2145 profu-

99 2157 229 2206 gisset,
249 2159 385 2206 viginti
405 2159 551 2206 argenti
571 2158 722 2194 talentis
743 2159 844 2208 pacti
864 2158 1062 2195 deduntur.
1090 2158 1203 2207 ffTar-

100 2225 275 2256 raconem
297 2222 335 2257 in
355 2221 511 2257 hiberna
531 2221 692 2256 reditum
711 2227 779 2258 est.

155 2283 286 2321 LXII.
319 2285 455 2321 Romae
485 2291 549 2320 aut
577 2285 676 2320 circa
704 2284 834 2321 'urbem
864 2284 982 2321 multa
1011 2298 1055 2321 ea
1082 2284 1204 2321 hieme
1217 2296 1369 2338 Prodigia.

103 2347 275 2397 prodigia
293 2347 412 2385 facta:
437 2354 501 2384 aut
523 2347 642 2397 (quod
661 2349 808 2384 evenire
828 2347 938 2391 solet,
958 2348 1070 2383 motis
1091 2347 1204 2384 semel

616 2409 692 2447 L3
