1527 2661
315 186 468 214 LIBER
494 185 636 214 XXIV.
671 184 778 212 CAP.
803 183 968 212 XLVII.
1113 184 1197 227 429

83 277 174 325 quia
190 282 315 326 coe'pta
336 276 428 318 fieri,
446 274 779 325 percunctantibus
800 274 1000 316 Romanis,
1019 275 1107 323 quid
1123 276 1192 311 sibi

31 336 32 339 ¹
84 340 223 376 vellent
244 340 402 389 Arpini?
431 352 541 388 quam
562 339 611 375 ob
633 351 771 374 noxam
798 337 1072 379 Romanorum,
1095 340 1195 387 quod

87 410 152 440 aut
171 405 343 440 meritum
366 404 585 445 Poenorum,
607 416 675 452 pro
695 402 916 450 alienigenis
938 415 981 438 ac
1008 402 1193 447 barbaris,

86 467 209 503 Italici
230 468 402 503 adversus
425 474 565 503 veteres
594 470 716 502 socios
747 467 941 502 Romanos
968 466 1106 502 bellum
1129 480 1196 515 ge-

84 537 223 573 rerent,
243 537 278 566 et
295 531 516 579 vectigalem
533 545 575 566 ac
589 531 872 580 stipendiariam
889 529 1039 566 Italiam
1055 531 1196 567 Africae

83 594 275 631 facerent?
304 596 457 645 Arpinis
487 594 749 644 purgantibus,
781 595 932 642 ignaros
957 595 1126 630 omnium
1156 608 1196 632 se

85 670 222 694 venum
243 671 263 693 a
283 658 514 708 principibus
533 659 643 693 datos
665 658 801 700 Poeno,
823 664 953 706 captos
974 657 1194 707 obpressos-

69 733 157 770 ‘que
177 735 199 758 a
217 723 345 771 paucis
367 735 458 758 esse.
516 723 634 758 Initio
654 730 753 763 orto,
775 721 898 771 plures
920 735 1004 757 cum
1026 721 1194 772 pluribus

84 785 284 834 conloqui:
317 792 510 835 postremo
530 794 669 836 praetor
688 786 855 835 Arpinus
876 785 922 820 ab
945 786 1020 821 suis
1041 786 1086 822 ad
1104 799 1195 822 con-

85 848 202 884 sulem
227 849 407 885 deductus
421 865 431 894 3
464 849 610 898 fideque
637 850 724 885 data
751 849 848 884 inter
874 850 982 897 sigua
1008 851 1195 899 aciesque,

85 913 220 963 Arpini
240 920 394 962 repente
413 926 482 963 pro
498 913 684 949 Romanis
701 913 877 949 adversus
894 913 1197 961 Karthaginien-

85 989 163 1013 sem
179 990 282 1014 arma
296 984 501 1014 verterunt.
558 977 724 1027 Hispani
739 990 903 1027 quoque,
925 977 1052 1027 paullo
1073 979 1196 1014 minus

85 1040 187 1076 mille
222 1041 410 1084 homines,
443 1041 538 1077 nihil
567 1048 749 1091 praeterea
778 1054 863 1077 cum
894 1041 1047 1077 consule
1079 1043 1195 1092 pacti,

87 1117 199 1154 quam
216 1112 257 1140 ut
273 1106 352 1141 sine
368 1105 500 1141 fraude
515 1105 700 1141 Punicum
718 1106 953 1141 emitteretur
967 1107 1196 1156 praesidium,

86 1168 132 1204 ad
145 1169 337 1205 consulem
351 1169 628 1206 transtulerunt
640 1171 760 1218 signa.
808 1169 1197 1218 Karthaginiensibus

87 1240 206 1282 portae
236 1233 450 1284 patefactae,
475 1235 675 1283 emissique
705 1247 790 1271 cum
810 1234 881 1271 fide
914 1234 1121 1271 incolumes
1153 1237 1198 1272 ad

88 1296 344 1333 Hannibalern
378 1297 567 1347 Salapiam
602 1305 795 1334 venerunt.
852 1299 947 1348 Arpi
984 1300 1064 1334 sine
1095 1299 1199 1335 clade

87 1360 212 1404 ullius,
250 1369 501 1411 praeterquam
537 1363 646 1398 unius
679 1364 814 1399 veteris
851 1363 1071 1413 proditoris,
1109 1364 1197 1399 novi

86 1425 266 1480 perfugae,
293 1427 459 1463 restituti
488 1427 534 1463 ad
562 1427 774 1463 Romanos.
832 1426 1014 1476 Hispanis
1034 1427 1199 1477 duplicia

86 1491 228 1528 cibaria
253 1492 333 1528 dari
359 1492 491 1543 jussa:
523 1505 712 1543 operaque
741 1504 871 1527 eorum
904 1491 995 1526 forti
1025 1504 1068 1526 ac
1099 1491 1198 1527 fideli

86 1568 252 1605 persaepe
280 1555 493 1606 respublica
521 1569 586 1592 usa
606 1562 675 1593 est.
731 1555 860 1595 Quum
881 1553 1013 1590 consul
1034 1554 1128 1590 alter
1159 1556 1196 1590 in

86 1619 238 1669 Apulia,
260 1619 354 1656 alter
370 1621 408 1656 in
424 1620 589 1657 Lucanis
611 1626 708 1657 esset
721 1636 731 1666 3
764 1621 908 1668 equites
930 1625 1082 1654 centum
1102 1619 1196 1654 duo-

88 1683 209 1720 decim
236 1684 382 1720 nobiles
413 1685 613 1734 Campani,
643 1697 709 1734 per
738 1684 901 1734 speciem
930 1683 1122 1732 praedandi
1152 1695 1197 1719 ex

87 1749 253 1785 hostium
270 1762 376 1798 agro,
392 1751 576 1799 permissu
589 1751 879 1799 magistratuum
895 1748 942 1785 ab
961 1749 1091 1798 Capua
1108 1761 1195 1799 pro-

87 1812 192 1855 fecti,
210 1812 256 1848 ad
272 1819 395 1849 castra
409 1812 599 1855 Romana,
614 1826 696 1862 quae
712 1824 824 1862 super
843 1811 1057 1848 Suessulam
1074 1819 1194 1855 erant,

87 1881 292 1912 venerunt:
326 1877 483 1912 stationi
517 1876 693 1919 militum,
726 1877 790 1925 qui
824 1882 962 1918 essent,
997 1876 1193 1921 dixerunt3

88 1939 266 1988 conloqui
286 1951 366 1975 sese
392 1952 476 1976 cum
505 1946 666 1990 praetore
685 1939 791 1976 velle.
849 1939 919 1975 Cn.
936 1938 1089 1975 Fulvius
1117 1952 1198 1976 cas-

85 2003 152 2039 tris
178 2011 360 2053 praeerat:
395 2005 454 2040 cui
483 2005 548 2040 ubi
577 2005 797 2040 nunciatum
826 2011 896 2046 est,
918 2004 1047 2039 decem
1077 2017 1123 2040 ex
1152 2017 1198 2040 eo

84 2067 372 2118 numerojussis
392 2069 597 2105 inermibus
618 2069 749 2104 deduci
769 2068 816 2104 ad
835 2081 888 2110 se,
906 2068 984 2110 ubi,
1006 2081 1089 2116 quae
1110 2081 1197 2117 pos·

83 2133 262 2177 tularent,
284 2134 440 2177 audivit,
465 2134 576 2182 (nihil
596 2141 722 2170 autem
743 2134 844 2170 aliud
869 2133 1063 2184 petebant,
1085 2147 1197 2182 quam

87 2206 141 2242 ut,
165 2199 296 2249 Capua
312 2206 476 2249 recepta,
494 2199 596 2235 bona
615 2198 684 2235 sibi
706 2199 1012 2243 restituerentur)
1031 2199 1070 2233 in
1088 2197 1198 2234 fidem

86 2274 216 2298 omnes
247 2263 402 2312 accepti.
461 2262 513 2298 Et
547 2262 593 2298 ab
623 2261 743 2298 altero
777 2269 938 2312 praetore
973 2261 1197 2310 Sempronio

84 2325 277 2363 Tuditano
303 2327 482 2376 oppidum
502 2327 689 2363 Aternum
719 2332 1002 2376 expugnatum:
1036 2324 1194 2374 amplius

1209 276 1298 307 U.C.
1317 282 1389 309 539.

1209 321 1246 351 A.
1261 319 1297 350 C.
1315 326 1390 350 ειη.

1211 1682 1367 1722 Campani

1209 1727 1329 1764 equites
1341 1737 1417 1758 cen-

1211 1775 1280 1799 tum
1294 1771 1414 1801 duode-

1211 1812 1275 1841 cim
1292 1813 1330 1842 ad
1347 1823 1414 1843 cas·

1211 1862 1257 1884 tra
1274 1856 1392 1885 Rorna-

1212 1907 1253 1928 na
1268 1899 1415 1930 veniunt.
