1527 2661
130 263 171 293 U.
186 264 222 293 C.
238 271 309 302 537.

127 307 167 335 A.
187 306 222 336 C.
235 317 308 348 2¹5·

118 1100 180 1130 Res
195 1100 227 1130 in

117 1143 262 1174 Sardinia

115 1194 223 1224 gestae.

322 164 406 217 356
779 178 823 205 T.
849 177 983 205 1.1v11

322 271 410 314 post
430 267 581 315 expiata
612 267 761 303 tandem
795 269 984 317 prodigia,
1007 267 1119 304 ambo
1150 270 1322 306 consules
1353 283 1431 307 rem

321 330 515 379 gerebant.
574 331 886 381 Compulteriam,
916 339 954 367 et
979 333 1198 376 Trebulam,
1220 340 1257 369 et
1285 334 1432 370 Saticu-

319 395 409 438 lam,
442 396 566 438 urbes,
588 410 670 444 quae
705 397 748 432 ad
781 397 943 432 Poenum
964 397 1191 440 defecerant,
1222 398 1362 435 Fabius
1395 400 1432 436 vi

319 462 443 509 cepit3
476 461 723 510 praesidiaque
752 461 792 495 in
821 462 865 495 iis
896 460 1140 503 Hannibalis,
1172 463 1432 512 Campanique

317 524 494 575 permulti
524 525 636 573 capti.
693 525 745 559 Et
764 524 891 567 Nolae,
913 526 1009 560 sicut
1035 526 1160 574 priore
1185 539 1301 569 anno,
1322 539 1430 564 sena-

317 595 377 624 tus
402 588 676 631 Romanorum,
693 589 798 637 plebs
816 589 1045 624 Hannibalis
1062 598 1142 625 erat
1158 605 1164 625 ;
1198 590 1432 640 consiliaque

316 653 468 689 occulta
487 653 530 689 de
559 654 660 689 caede
689 654 901 702 principum
921 659 959 689 et
987 653 1204 702 proditione
1225 654 1328 690 urbis
1358 655 1431 691 ini·-

314 716 467 753 bantur.
524 718 672 756 Qubus
699 731 746 753 ne
771 719 923 767 incepta
948 718 1208 767 procederent,
1231 719 1330 754 inter
1356 719 1430 756 Ca-

314 793 429 829 puam
459 787 654 828 castraque
684 780 929 824 Hannibalis,
960 794 1042 829 quae
1070 782 1110 816 in
1138 781 1276 817 Tifatis
1307 789 1429 825 erant,

312 843 489 879 traducto
509 844 690 886 exercitu,
711 843 850 879 Fabius
877 856 988 893 super
1007 844 1212 880 Vesuvium
1237 845 1276 880 in
1297 846 1430 881 castris

314 907 532 943 Claudianis
554 908 725 943 consedit
739 924 748 953 3
782 908 869 943 inde
888 908 944 943 M.
964 907 1190 944 Marcellum
1216 921 1428 959 proconsu-

310 970 386 1007 lem
408 984 494 1007 cum
523 972 566 1006 iis
598 973 732 1021 copiiS,
753 984 844 1020 quas
875 972 1056 1015 habebat,
1087 971 1231 1009 Nolam
1259 974 1298 1009 in
1327 985 1426 1023 prae·

311 1035 448 1071 sidium
468 1036 582 1070 misit.

364 1098 454 1134 XL.
484 1098 535 1133 Et
562 1098 601 1132 in
633 1097 807 1133 Sardinia
832 1109 890 1133 res
917 1110 984 1147 per
1003 1098 1049 1134 T.
1068 1098 1258 1134 Manlium
1284 1106 1426 1149 praeto-

309 1175 389 1198 rem
420 1163 676 1198 administrari
706 1168 856 1211 coeptae,
878 1175 960 1210 quae
991 1163 1138 1198 omissae
1170 1169 1291 1206 erant,
1318 1170 1425 1213 post-

309 1240 421 1275 quam
443 1226 657 1266 QMucius
684 1234 825 1276 praetor
844 1227 949 1274 gravi
973 1226 1109 1262 morbo
1136 1234 1194 1262 est
1218 1227 1426 1277 inplicitus.
1449 1272 1456 1280 ι

306 1290 492 1334 BIanlius,
512 1290 672 1326 navibus
692 1290 817 1339 longis
837 1290 885 1326 ad
905 1289 1057 1325 Carales
1079 1289 1287 1334 subductis,
1307 1303 1424 1328 nava-

305 1356 480 1405 libusque
509 1357 621 1392 sociis
651 1356 819 1398 armatis,
851 1362 891 1390 ut
921 1362 1021 1391 terra
1048 1368 1128 1391 rem
1147 1363 1308 1404 gereret,
1335 1363 1373 1392 et
1401 1368 1424 1393 a

303 1427 466 1470 praetore
487 1421 654 1455 exercitu
674 1425 845 1469 accepto,
867 1420 941 1455 duo
961 1425 998 1454 et
1017 1420 1153 1467 viginti
1172 1419 1290 1455 millia
1316 1421 1423 1470 pedi·

302 1490 399 1526 tum,
430 1484 532 1520 mille
561 1491 597 1519 et
618 1484 800 1520 ducentos
830 1484 975 1532 equites
1006 1483 1182 1520 confecit.
1240 1484 1337 1520 Cum
1362 1485 1422 1521 his

305 1549 474 1597 equitum
493 1548 738 1597 peditumque
758 1549 876 1596 copiis
897 1547 1088 1596 profectus
1109 1548 1148 1583 in
1176 1560 1308 1596 agrum
1328 1549 1419 1585 hos-

304 1612 414 1655 tium,
444 1612 546 1646 haud
584 1611 716 1661 procul
749 1611 796 1646 ab
829 1610 1096 1660 Hampsicorae
1131 1612 1262 1647 castris
1294 1618 1420 1649 castra

302 1677 443 1725 posuit.
500 1675 757 1724 Hampsicora
791 1681 871 1711 tum
903 1675 1003 1710 forte
1040 1675 1233 1725 profectus
1267 1682 1349 1712 erat
1377 1677 1418 1713 in

263 1778 266 1782 ,
302 1739 461 1776 Pellitos
508 1740 660 1782 Sardos,
699 1739 746 1774 ad
784 1738 1027 1788 juventutem
1072 1739 1304 1783 armandam,
1343 1752 1418 1788 qua

301 1804 430 1852 copias
457 1809 622 1851 augeret.
679 1802 797 1838 Filius
827 1802 922 1852 ejus,
952 1803 1107 1838 nomine
1136 1802 1312 1846 Hiostus,
1334 1816 1417 1840 cas-

299 1868 367 1903 tris
394 1874 577 1916 praeerat:
610 1868 655 1909 is,
687 1866 943 1903 adolescentia
960 1867 1084 1909 ferox,
1111 1873 1252 1903 temere
1277 1868 1414 1917 proelio

299 1931 397 1966 inito
417 1930 521 1966 fusus
542 1930 792 1978 fugatusque:
825 1930 871 1966 ad
897 1931 969 1965 tria
995 1929 1111 1965 millia
1135 1930 1340 1966 Sardorum
1367 1943 1413 1967 eo

297 1994 435 2044 proelio
456 2006 565 2036 caesa,
587 1994 799 2042 octingenti
818 1993 934 2029 ferme
953 1995 1027 2029 vivi
1051 1994 1164 2043 capti.
1219 1994 1328 2030 Alius
1348 2007 1412 2031 ex-

297 2058 435 2093 ercitus
455 2057 577 2106 primo
597 2070 663 2106 per
682 2069 792 2105 agros
813 2056 997 2105 silvasque
1010 2057 1100 2105 fuga
1115 2057 1287 2106 palatus;
1310 2057 1411 2101 dein,

296 2135 372 2171 quo
392 2122 524 2157 ducem
544 2121 686 2169 fugisse
706 2121 807 2156 fama
826 2128 919 2164 erat,
934 2122 979 2156 ad
1000 2121 1128 2157 urbem
1146 2122 1299 2157 nomine
1316 2122 1411 2157 Cor-

296 2199 401 2228 num,
422 2191 536 2234 caput
562 2183 641 2234 ejus
671 2185 851 2232 regionis,
878 2185 1073 2233 confugit:
1107 2184 1409 2233 debellatumque

296 2262 342 2286 eo
362 2249 498 2299 proelio
527 2249 565 2284 iu
590 2249 763 2284 Sardinia
789 2255 900 2291 esset,
932 2249 971 2284 ni
1001 2248 1128 2284 classis
1148 2248 1293 2284 Punica
1322 2261 1407 2284 cum

295 2313 389 2349 duce
416 2312 670 2357 Hasdrubale,
691 2327 773 2363 quae
799 2320 1024 2364 tempestate
1043 2313 1190 2364 dejecta
1215 2314 1260 2351 ad
1279 2313 1405 2350 Balia-
