1527 2661
486 173 640 202 LIBER
664 172 711 200 x.
744 171 850 200 cAP.
875 171 945 200 1v.
1222 168 1273 213 79

159 273 244 298 cum
271 261 437 305 redacta,
466 263 657 304 cohortes,
680 275 761 310 quae
789 261 898 309 signa
923 260 1140 302 amiserant,
1168 266 1274 296 extra
1289 259 1329 289 U·
1345 258 1380 288 C·
1396 265 1468 290 451.

158 325 298 363 vallum
328 327 408 363 sine
438 328 612 363 tentoriis
637 326 836 362 destitutas
866 325 1035 370 invenit3
1068 324 1275 361 exercitum
1287 302 1376 333 A'C'
1395 309 1469 333 ³⁰¹⁰

158 390 306 427 avidum
327 403 479 440 pugnae,
502 403 577 439 quo
604 390 787 426 maturius
815 388 1026 437 ignominia
1048 387 1276 426 aboleretur,

159 454 294 503 ltaque
314 454 516 491 confestim
537 462 661 490 eastra
689 454 775 490 inde
803 454 841 489 in
868 466 1001 502 agrum
1027 452 1277 489 Rusellanum

159 520 362 570 promovit.
405 519 466 556 Eo
497 526 534 556 et
567 520 696 556 hostes
725 519 867 555 secuti:
901 524 938 553 et
971 531 1200 567 quamquam
1232 531 1279 555 ex

156 582 255 619 bene
272 589 379 632 gesta
398 595 437 619 re
453 596 639 619 summam
655 589 693 619 et
712 584 751 618 in
771 587 902 632 aperto
919 582 1124 627 certamine
1142 583 1280 619 virium

159 659 265 696 spem
291 646 486 683 habebant
499 663 510 692 3
542 652 670 683 tamen
696 646 841 682 insidiis
861 657 1026 695 quoque,
1046 658 1138 695 quas
1156 645 1278 682 felici-

159 715 217 746 ter
246 710 392 760 experti
422 717 543 754 erant,
564 711 716 746 hostem
744 716 908 746 tentant.
950 709 1072 746 Tecta
1100 710 1281 747 semiruta

155 774 244 817 vici,
274 787 341 824 per
369 776 622 812 vastationem
652 787 830 824 agrorum
851 774 988 817 deusti,
1014 774 1117 810 haud
1145 774 1281 824 procul

158 839 289 874 castris
331 838 592 874 Romanorum
625 839 797 875 aberant.
848 837 909 875 Ibi
938 838 1077 874 abditis
1107 838 1278 882 armatis,

160 915 273 952 pecus
303 902 343 938 in
373 909 581 952 conspectu
613 903 778 953 praesidii
813 902 997 946 Romani,
1025 903 1086 938 cui
1119 909 1280 953 praeerat

160 967 231 1003 Cn.
260 966 414 1003 Fulvius
445 966 610 1015 legatus,
642 966 886 1018 propulsum:
920 967 968 1003 ad
994 979 1107 1015 quam
1138 966 1279 1004 inlece-

162 1029 270 1067 bram
290 1044 405 1080 quum
435 1037 650 1067 moveretur
678 1044 792 1067 nemo
822 1031 869 1068 ab
891 1030 1070 1067 Romana
1099 1032 1279 1075 statione,

160 1101 356 1145 pastorum
375 1108 487 1139 unuS,
507 1108 730 1146 progressus
747 1095 816 1132 sub
837 1096 936 1146 ipsas
956 1095 1203 1139 munitiones,
1221 1096 1281 1131 in-

162 1159 301 1196 clamat
320 1160 429 1203 alios,
451 1167 674 1197 cunctanter
695 1161 742 1198 ab
763 1162 880 1197 ruinis
900 1161 973 1197 vici
994 1172 1107 1211 pecus
1128 1158 1280 1210 propel-

159 1223 294 1267 lentes,
316 1225 403 1272 quid
427 1230 614 1268 cessarent,
637 1237 742 1273 quum
768 1237 834 1273 per
860 1226 979 1260 media
1004 1229 1123 1260 castra
1143 1224 1280 1260 Roma-

160 1299 209 1323 na
242 1293 319 1324 tuto
356 1301 461 1337 agere
489 1291 668 1338 possent?
696 1289 791 1325 Haec
820 1301 936 1338 quum
966 1288 1094 1337 legato
1125 1289 1281 1324 Caerites

161 1351 313 1400 quidam
351 1353 703 1403 interpretarentur,
736 1359 774 1389 et
806 1365 871 1403 per
904 1364 1034 1388 omnes
1068 1351 1281 1402 manipulos

162 1414 326 1452 militum
351 1416 565 1465 indignatio
596 1419 729 1466 ingens
761 1423 873 1459 esset,
895 1429 964 1452 nec
983 1423 1112 1452 tamen
1135 1415 1280 1466 injussu

160 1491 311 1516 movere
343 1480 548 1527 auderent3
583 1480 698 1531 jubet
731 1482 872 1530 peritos
903 1480 1042 1528 linguae
1077 1480 1280 1517 adtendere

162 1544 344 1587 animum,
375 1551 571 1594 pastorum
601 1557 724 1581 sermo
754 1545 907 1594 agresti,
930 1557 978 1580 an
1008 1543 1169 1588 urbano,
1190 1557 1280 1596 pro-

160 1608 244 1658 pior
264 1615 374 1645 esset.
414 1609 543 1648 Quum
569 1609 767 1653 referrent,
789 1622 926 1645 sonum
953 1608 1108 1658 linguae,
1129 1615 1167 1645 et
1195 1621 1280 1646 cor-

160 1684 297 1722 porum
324 1672 513 1717 habitum,
544 1680 582 1710 et
611 1675 790 1717 nitorem,
812 1673 987 1717 cultiora,
1008 1686 1122 1722 quam
1149 1679 1281 1724 pasto-

161 1735 268 1779 ralia,
289 1749 393 1781 esse;
427 1739 476 1774 ite
494 1740 619 1786 igitur,
641 1740 761 1781 dicite,
783 1739 920 1788 inquit,
943 1740 1113 1786 detegant
1130 1739 1280 1786 nequid-

162 1812 270 1848 quam
299 1803 461 1838 conditas
490 1805 660 1839 insidias:
689 1805 807 1839 omnia
841 1805 931 1839 scire
959 1803 1190 1839 Romanam:
1217 1815 1283 1839 nec

162 1854 279 1911 magis
297 1863 380 1911 jam
410 1867 493 1902 dolo
520 1869 614 1915 capi,
637 1879 745 1915 quam
774 1869 884 1903 armis
907 1868 1015 1909 vinci,
1033 1878 1145 1915 posse.
1187 1865 1282 1902 Haee

164 1927 228 1962 ubi
249 1928 377 1964 audita
401 1936 502 1973 sunt,
524 1938 561 1966 et
588 1931 634 1967 ad
655 1944 734 1974 eos,
757 1932 819 1980 qui
850 1931 1101 1967 consederant
1131 1931 1170 1966 in
1190 1931 1282 1966 insi-

162 1991 246 2035 diis,
277 1992 434 2042 perlata,
457 2001 742 2032 consurrectum
773 1998 928 2046 re'pente
948 2009 995 2033 ex
1023 1995 1177 2032 latebris
1209 2001 1280 2038 est,

160 2061 199 2091 et
218 2056 256 2091 in
275 2063 469 2106 patentem
489 2058 536 2094 ad
553 2067 799 2109 conspectum
816 2059 980 2108 undique
997 2072 1171 2109 campum
1192 2072 1280 2109 pro-

159 2119 235 2156 lata
267 2122 386 2170 signa.
418 2122 509 2158 Visa
538 2122 667 2171 legato
697 2123 820 2174 major
849 2125 962 2166 acies,
984 2137 1095 2173 quam
1122 2137 1204 2172 quae
1234 2124 1281 2160 ab

161 2195 230 2220 suo
268 2186 443 2234 praesidio
481 2188 659 2223 sustineri
694 2196 846 2237 posset:
883 2189 1011 2237 itaque
1044 2200 1203 2238 propere
1238 2189 1283 2224 ad

162 2247 388 2286 dictatorem
415 2251 556 2287 auxilia
585 2252 752 2287 adcitum
774 2253 915 2297 mittit,
950 2253 1094 2287 interea
1116 2253 1192 2302 ipsc
1225 2253 1280 2287 in-

163 2317 271 2359 petus
290 2313 458 2350 hostium
480 2316 652 2351 sustinet.

686 2379 718 2414 Ε
739 2380 760 2414 4
