<?xml version="1.0" encoding="UTF-8"?>
<!DOCTYPE html PUBLIC "-//W3C//DTD XHTML 1.0 Transitional//EN"
    "http://www.w3.org/TR/xhtml1/DTD/xhtml1-transitional.dtd">
<html xmlns="http://www.w3.org/1999/xhtml" xml:lang="en" lang="en">
 <head>
  <title>
</title>
<meta http-equiv="Content-Type" content="text/html;charset=utf-8" />
  <meta name='ocr-system' content='tesseract 3.04.00' />
  <meta name='ocr-capabilities' content='ocr_page ocr_carea ocr_par ocr_line ocrx_word'/>
</head>
<body>
  <div class='ocr_page' id='page_1' title='image "./historiarumquaes02livyuoft/historiarumquaes02livyuoft_0216.png"; bbox 0 0 1527 2661; ppageno 0'>
   <div class='ocr_carea' id='block_1_1' title="bbox 95 271 280 345">
    <p class='ocr_par' dir='ltr' id='par_1_1' title="bbox 95 271 280 345">
     <span class='ocr_line' id='line_1_1' title="bbox 95 271 278 301; baseline -0.022 0"><span class='ocrx_word' id='word_1_1' title='bbox 95 272 139 301; x_wconf 90' lang='lat' dir='ltr'>U.</span> <span class='ocrx_word' id='word_1_2' title='bbox 151 271 187 301; x_wconf 84' lang='lat' dir='ltr'>C.</span> <span class='ocrx_word' id='word_1_3' title='bbox 207 274 278 299; x_wconf 82' lang='lat'>534.</span> 
     </span>
     <span class='ocr_line' id='line_1_2' title="bbox 96 313 280 345; baseline -0.027 0"><span class='ocrx_word' id='word_1_4' title='bbox 96 315 138 345; x_wconf 77' lang='lat' dir='ltr'>A.</span> <span class='ocrx_word' id='word_1_5' title='bbox 153 313 189 344; x_wconf 86' lang='lat' dir='ltr'>C.</span> <span class='ocrx_word' id='word_1_6' title='bbox 206 318 280 342; x_wconf 75' lang='lat'>218.</span> 
     </span>
    </p>
   </div>
   <div class='ocr_carea' id='block_1_2' title="bbox 96 1996 262 2204">
    <p class='ocr_par' dir='ltr' id='par_1_2' title="bbox 96 1996 262 2204">
     <span class='ocr_line' id='line_1_3' title="bbox 98 1996 256 2026; baseline -0.013 0"><span class='ocrx_word' id='word_1_7' title='bbox 98 1996 160 2026; x_wconf 81' lang='lat' dir='ltr'>Res</span> <span class='ocrx_word' id='word_1_8' title='bbox 174 1996 256 2025; x_wconf 80' lang='lat' dir='ltr'>circa</span> 
     </span>
     <span class='ocr_line' id='line_1_4' title="bbox 96 2039 238 2068; baseline 0.007 -1"><span class='ocrx_word' id='word_1_9' title='bbox 96 2039 238 2068; x_wconf 84' lang='lat' dir='ltr'>Siciliam</span> 
     </span>
     <span class='ocr_line' id='line_1_5' title="bbox 96 2088 262 2111; baseline 0.006 -1"><span class='ocrx_word' id='word_1_10' title='bbox 96 2088 176 2111; x_wconf 78' lang='lat' dir='ltr'>terta</span> <span class='ocrx_word' id='word_1_11' title='bbox 192 2090 262 2111; x_wconf 84' lang='lat' dir='ltr'>ma-</span> 
     </span>
     <span class='ocr_line' id='line_1_6' title="bbox 96 2125 184 2162; baseline 0 -9"><span class='ocrx_word' id='word_1_12' title='bbox 96 2125 184 2162; x_wconf 84' lang='lat' dir='ltr'>rique</span> 
     </span>
     <span class='ocr_line' id='line_1_7' title="bbox 96 2173 201 2204; baseline 0.029 -9"><span class='ocrx_word' id='word_1_13' title='bbox 96 2173 201 2204; x_wconf 75' lang='lat' dir='ltr'>gestae.</span> 
     </span>
    </p>
   </div>
   <div class='ocr_carea' id='block_1_3' title="bbox 289 163 946 206">
    <p class='ocr_par' dir='ltr' id='par_1_3' title="bbox 289 163 946 206">
     <span class='ocr_line' id='line_1_8' title="bbox 289 163 946 206; baseline -0.006 -1"><span class='ocrx_word' id='word_1_14' title='bbox 289 163 372 206; x_wconf 80' lang='lat'>206</span> <span class='ocrx_word' id='word_1_15' title='bbox 742 172 790 201; x_wconf 84' lang='lat' dir='ltr'>T.</span> <span class='ocrx_word' id='word_1_16' title='bbox 812 171 946 202; x_wconf 75' lang='lat' dir='ltr'>mvn</span> 
     </span>
    </p>
   </div>
   <div class='ocr_carea' id='block_1_4' title="bbox 289 256 1407 2350">
    <p class='ocr_par' dir='ltr' id='par_1_4' title="bbox 289 256 1407 1950">
     <span class='ocr_line' id='line_1_9' title="bbox 291 256 1400 309; baseline -0.004 -12"><span class='ocrx_word' id='word_1_17' title='bbox 291 262 406 298; x_wconf 87' lang='lat' dir='ltr'>tiores</span> <span class='ocrx_word' id='word_1_18' title='bbox 429 260 546 309; x_wconf 89' lang='lat' dir='ltr'>equiti</span> <span class='ocrx_word' id='word_1_19' title='bbox 574 264 697 295; x_wconf 88' lang='lat' dir='ltr'>castra</span> <span class='ocrx_word' id='word_1_20' title='bbox 721 266 859 295; x_wconf 88' lang='lat' dir='ltr'>movet.</span> <span class='ocrx_word' id='word_1_21' title='bbox 915 258 1060 301; x_wconf 77' lang='lat' dir='ltr'>Minus,</span> <span class='ocrx_word' id='word_1_22' title='bbox 1082 270 1193 307; x_wconf 89' lang='lat' dir='ltr'>quam</span> <span class='ocrx_word' id='word_1_23' title='bbox 1220 256 1267 294; x_wconf 87' lang='lat' dir='ltr'>ad</span> <span class='ocrx_word' id='word_1_24' title='bbox 1292 256 1400 294; x_wconf 84' lang='lat' dir='ltr'>Tici-</span> 
     </span>
     <span class='ocr_line' id='line_1_10' title="bbox 293 321 1396 372; baseline -0.005 -10"><span class='ocrx_word' id='word_1_25' title='bbox 293 338 399 368; x_wconf 89' lang='lat' dir='ltr'>num,</span> <span class='ocrx_word' id='word_1_26' title='bbox 414 324 550 360; x_wconf 81' lang='lat' dir='ltr'>fefellit</span> <span class='ocrx_word' id='word_1_27' title='bbox 564 339 572 360; x_wconf 92' lang='lat'>:</span> <span class='ocrx_word' id='word_1_28' title='bbox 603 324 802 372; x_wconf 88' lang='lat' dir='ltr'>missisque</span> <span class='ocrx_word' id='word_1_29' title='bbox 816 322 1010 360; x_wconf 87' lang='lat' dir='ltr'>Hannibal</span> <span class='ocrx_word' id='word_1_30' title='bbox 1027 322 1190 372; x_wconf 89' lang='lat' dir='ltr'>primum</span> <span class='ocrx_word' id='word_1_31' title='bbox 1205 321 1396 364; x_wconf 85' lang='lat' dir='ltr'>Numidis,</span> 
     </span>
     <span class='ocr_line' id='line_1_11' title="bbox 294 386 1401 435; baseline -0.005 -10"><span class='ocrx_word' id='word_1_32' title='bbox 294 388 428 425; x_wconf 90' lang='lat' dir='ltr'>deinde</span> <span class='ocrx_word' id='word_1_33' title='bbox 447 388 552 424; x_wconf 89' lang='lat' dir='ltr'>omni</span> <span class='ocrx_word' id='word_1_34' title='bbox 575 387 760 435; x_wconf 82' lang='lat' dir='ltr'>equitatu,</span> <span class='ocrx_word' id='word_1_35' title='bbox 781 386 970 422; x_wconf 75' lang='lat' dir='ltr'>turbasset</span> <span class='ocrx_word' id='word_1_36' title='bbox 999 387 1127 434; x_wconf 88' lang='lat' dir='ltr'>utique</span> <span class='ocrx_word' id='word_1_37' title='bbox 1154 386 1401 421; x_wconf 85' lang='lat' dir='ltr'>novissimum</span> 
     </span>
     <span class='ocr_line' id='line_1_12' title="bbox 292 448 1402 501; baseline -0.004 -14"><span class='ocrx_word' id='word_1_38' title='bbox 292 464 443 501; x_wconf 83' lang='lat' dir='ltr'>agmen,</span> <span class='ocrx_word' id='word_1_39' title='bbox 462 451 502 485; x_wconf 91' lang='lat' dir='ltr'>ni</span> <span class='ocrx_word' id='word_1_40' title='bbox 522 450 701 486; x_wconf 85' lang='lat' dir='ltr'>aviditate</span> <span class='ocrx_word' id='word_1_41' title='bbox 723 449 859 498; x_wconf 83' lang='lat' dir='ltr'>praedae</span> <span class='ocrx_word' id='word_1_42' title='bbox 878 449 915 484; x_wconf 85' lang='lat' dir='ltr'>in</span> <span class='ocrx_word' id='word_1_43' title='bbox 942 461 1062 484; x_wconf 87' lang='lat' dir='ltr'>vacua</span> <span class='ocrx_word' id='word_1_44' title='bbox 1081 448 1259 484; x_wconf 83' lang='lat' dir='ltr'>Romana</span> <span class='ocrx_word' id='word_1_45' title='bbox 1278 454 1402 484; x_wconf 85' lang='lat' dir='ltr'>castra</span> 
     </span>
     <span class='ocr_line' id='line_1_13' title="bbox 290 511 1403 560; baseline -0.004 -9"><span class='ocrx_word' id='word_1_46' title='bbox 290 514 466 552; x_wconf 82' lang='lat' dir='ltr'>Numidae</span> <span class='ocrx_word' id='word_1_47' title='bbox 489 512 747 548; x_wconf 87' lang='lat' dir='ltr'>devertissent.</span> <span class='ocrx_word' id='word_1_48' title='bbox 805 511 866 547; x_wconf 89' lang='lat' dir='ltr'>lbi</span> <span class='ocrx_word' id='word_1_49' title='bbox 885 511 988 554; x_wconf 85' lang='lat' dir='ltr'>dum,</span> <span class='ocrx_word' id='word_1_50' title='bbox 1016 517 1293 560; x_wconf 84' lang='lat' dir='ltr'>perscrutantes</span> <span class='ocrx_word' id='word_1_51' title='bbox 1316 511 1403 547; x_wconf 79' lang='lat' dir='ltr'>loca</span> 
     </span>
     <span class='ocr_line' id='line_1_14' title="bbox 292 575 1404 626; baseline -0.004 -11"><span class='ocrx_word' id='word_1_52' title='bbox 292 579 420 615; x_wconf 87' lang='lat' dir='ltr'>omnia</span> <span class='ocrx_word' id='word_1_53' title='bbox 449 584 672 619; x_wconf 88' lang='lat' dir='ltr'>castrorum,</span> <span class='ocrx_word' id='word_1_54' title='bbox 703 575 808 611; x_wconf 92' lang='lat' dir='ltr'>nullo</span> <span class='ocrx_word' id='word_1_55' title='bbox 846 576 936 612; x_wconf 89' lang='lat' dir='ltr'>satis</span> <span class='ocrx_word' id='word_1_56' title='bbox 974 576 1090 624; x_wconf 87' lang='lat' dir='ltr'>digno</span> <span class='ocrx_word' id='word_1_57' title='bbox 1126 589 1242 612; x_wconf 82' lang='lat' dir='ltr'>morae</span> <span class='ocrx_word' id='word_1_58' title='bbox 1279 576 1404 626; x_wconf 90' lang='lat' dir='ltr'>pretio</span> 
     </span>
     <span class='ocr_line' id='line_1_15' title="bbox 291 640 1404 692; baseline -0.003 -14"><span class='ocrx_word' id='word_1_59' title='bbox 291 649 439 692; x_wconf 87' lang='lat' dir='ltr'>tempus</span> <span class='ocrx_word' id='word_1_60' title='bbox 468 646 611 683; x_wconf 85' lang='lat' dir='ltr'>terunt,</span> <span class='ocrx_word' id='word_1_61' title='bbox 642 640 798 676; x_wconf 84' lang='lat' dir='ltr'>emissus</span> <span class='ocrx_word' id='word_1_62' title='bbox 827 640 948 676; x_wconf 89' lang='lat' dir='ltr'>hostis</span> <span class='ocrx_word' id='word_1_63' title='bbox 975 640 1021 676; x_wconf 91' lang='lat' dir='ltr'>de</span> <span class='ocrx_word' id='word_1_64' title='bbox 1050 640 1223 676; x_wconf 89' lang='lat' dir='ltr'>manibus</span> <span class='ocrx_word' id='word_1_65' title='bbox 1253 648 1332 675; x_wconf 87' lang='lat' dir='ltr'>est:</span> <span class='ocrx_word' id='word_1_66' title='bbox 1365 645 1404 675; x_wconf 89' lang='lat' dir='ltr'>et</span> 
     </span>
     <span class='ocr_line' id='line_1_16' title="bbox 291 704 1404 755; baseline -0.003 -12"><span class='ocrx_word' id='word_1_67' title='bbox 291 719 406 755; x_wconf 82' lang='lat' dir='ltr'>quum</span> <span class='ocrx_word' id='word_1_68' title='bbox 419 705 502 755; x_wconf 86' lang='lat' dir='ltr'>jam</span> <span class='ocrx_word' id='word_1_69' title='bbox 529 711 784 753; x_wconf 82' lang='lat' dir='ltr'>transgressos</span> <span class='ocrx_word' id='word_1_70' title='bbox 805 704 985 740; x_wconf 85' lang='lat' dir='ltr'>Trebiam</span> <span class='ocrx_word' id='word_1_71' title='bbox 1014 704 1228 747; x_wconf 84' lang='lat' dir='ltr'>Romanos,</span> <span class='ocrx_word' id='word_1_72' title='bbox 1255 710 1404 740; x_wconf 89' lang='lat' dir='ltr'>metan-</span> 
     </span>
     <span class='ocr_line' id='line_1_17' title="bbox 289 769 1405 819; baseline -0.003 -13"><span class='ocrx_word' id='word_1_73' title='bbox 289 775 422 819; x_wconf 88' lang='lat' dir='ltr'>tesque</span> <span class='ocrx_word' id='word_1_74' title='bbox 443 776 566 806; x_wconf 88' lang='lat' dir='ltr'>castra</span> <span class='ocrx_word' id='word_1_75' title='bbox 593 769 893 818; x_wconf 85' lang='lat' dir='ltr'>conspexissent,</span> <span class='ocrx_word' id='word_1_76' title='bbox 914 781 1054 818; x_wconf 85' lang='lat' dir='ltr'>paucos</span> <span class='ocrx_word' id='word_1_77' title='bbox 1082 775 1316 804; x_wconf 84' lang='lat' dir='ltr'>moratorum</span> <span class='ocrx_word' id='word_1_78' title='bbox 1336 779 1405 803; x_wconf 87' lang='lat' dir='ltr'>oc-</span> 
     </span>
     <span class='ocr_line' id='line_1_18' title="bbox 291 832 1404 882; baseline -0.002 -13"><span class='ocrx_word' id='word_1_79' title='bbox 291 834 476 875; x_wconf 88' lang='lat' dir='ltr'>ciderunt,</span> <span class='ocrx_word' id='word_1_80' title='bbox 498 833 592 868; x_wconf 87' lang='lat' dir='ltr'>citra</span> <span class='ocrx_word' id='word_1_81' title='bbox 606 832 745 868; x_wconf 84' lang='lat' dir='ltr'>fiumen</span> <span class='ocrx_word' id='word_1_82' title='bbox 761 832 1002 881; x_wconf 87' lang='lat' dir='ltr'>interceptos.</span> <span class='ocrx_word' id='word_1_83' title='bbox 1061 832 1202 882; x_wconf 87' lang='lat' dir='ltr'>Scipio,</span> <span class='ocrx_word' id='word_1_84' title='bbox 1224 844 1293 867; x_wconf 86' lang='lat' dir='ltr'>nec</span> <span class='ocrx_word' id='word_1_85' title='bbox 1312 844 1404 867; x_wconf 85' lang='lat' dir='ltr'>vex-</span> 
     </span>
     <span class='ocr_line' id='line_1_19' title="bbox 294 894 1402 945; baseline -0.003 -13"><span class='ocrx_word' id='word_1_86' title='bbox 294 898 461 932; x_wconf 80' lang='lat' dir='ltr'>ationem</span> <span class='ocrx_word' id='word_1_87' title='bbox 493 895 655 931; x_wconf 84' lang='lat' dir='ltr'>vulneris</span> <span class='ocrx_word' id='word_1_88' title='bbox 687 896 725 931; x_wconf 92' lang='lat' dir='ltr'>in</span> <span class='ocrx_word' id='word_1_89' title='bbox 756 896 815 931; x_wconf 88' lang='lat' dir='ltr'>via</span> <span class='ocrx_word' id='word_1_90' title='bbox 840 894 1004 944; x_wconf 84' lang='lat' dir='ltr'>jactanti</span> <span class='ocrx_word' id='word_1_91' title='bbox 1035 895 1134 931; x_wconf 88' lang='lat' dir='ltr'>ultra</span> <span class='ocrx_word' id='word_1_92' title='bbox 1163 896 1325 945; x_wconf 87' lang='lat' dir='ltr'>patiens,</span> <span class='ocrx_word' id='word_1_93' title='bbox 1364 900 1402 929; x_wconf 87' lang='lat' dir='ltr'>et</span> 
     </span>
     <span class='ocr_line' id='line_1_20' title="bbox 294 958 1403 1009; baseline -0.002 -14"><span class='ocrx_word' id='word_1_94' title='bbox 294 960 479 1009; x_wconf 84' lang='lat' dir='ltr'>collegam</span> <span class='ocrx_word' id='word_1_95' title='bbox 502 958 602 1008; x_wconf 87' lang='lat' dir='ltr'>(jam</span> <span class='ocrx_word' id='word_1_96' title='bbox 629 959 729 994; x_wconf 90' lang='lat' dir='ltr'>enim</span> <span class='ocrx_word' id='word_1_97' title='bbox 749 964 786 994; x_wconf 85' lang='lat' dir='ltr'>et</span> <span class='ocrx_word' id='word_1_98' title='bbox 808 966 1026 994; x_wconf 82' lang='lat' dir='ltr'>revocatum</span> <span class='ocrx_word' id='word_1_99' title='bbox 1052 972 1098 995; x_wconf 77' lang='lat' dir='ltr'>ex</span> <span class='ocrx_word' id='word_1_100' title='bbox 1125 958 1253 994; x_wconf 85' lang='lat' dir='ltr'>Sicilia</span> <span class='ocrx_word' id='word_1_101' title='bbox 1273 958 1403 994; x_wconf 86' lang='lat' dir='ltr'>audie-</span> 
     </span>
     <span class='ocr_line' id='line_1_21' title="bbox 293 1021 1403 1071; baseline -0.002 -12"><span class='ocrx_word' id='word_1_102' title='bbox 293 1028 369 1067; x_wconf 77' lang='lat' dir='ltr'>rat)</span> <span class='ocrx_word' id='word_1_103' title='bbox 392 1029 494 1059; x_wconf 82' lang='lat' dir='ltr'>ratus</span> <span class='ocrx_word' id='word_1_104' title='bbox 527 1022 837 1071; x_wconf 84' lang='lat' dir='ltr'>exspectandum,</span> <span class='ocrx_word' id='word_1_105' title='bbox 864 1022 1002 1064; x_wconf 89' lang='lat' dir='ltr'>locum,</span> <span class='ocrx_word' id='word_1_106' title='bbox 1024 1023 1089 1071; x_wconf 90' lang='lat' dir='ltr'>qui</span> <span class='ocrx_word' id='word_1_107' title='bbox 1117 1035 1236 1071; x_wconf 90' lang='lat' dir='ltr'>prope</span> <span class='ocrx_word' id='word_1_108' title='bbox 1261 1021 1403 1058; x_wconf 85' lang='lat' dir='ltr'>flumen</span> 
     </span>
     <span class='ocr_line' id='line_1_22' title="bbox 293 1085 1405 1128; baseline -0.001 -6"><span class='ocrx_word' id='word_1_109' title='bbox 293 1088 503 1122; x_wconf 82' lang='lat' dir='ltr'>tutissimus</span> <span class='ocrx_word' id='word_1_110' title='bbox 536 1086 681 1121; x_wconf 87' lang='lat' dir='ltr'>stativis</span> <span class='ocrx_word' id='word_1_111' title='bbox 713 1092 768 1120; x_wconf 88' lang='lat' dir='ltr'>est</span> <span class='ocrx_word' id='word_1_112' title='bbox 802 1086 915 1128; x_wconf 86' lang='lat' dir='ltr'>visus,</span> <span class='ocrx_word' id='word_1_113' title='bbox 948 1085 1133 1121; x_wconf 88' lang='lat' dir='ltr'>delectum</span> <span class='ocrx_word' id='word_1_114' title='bbox 1167 1085 1405 1121; x_wconf 79' lang='lat' dir='ltr'>communiit.</span> 
     </span>
     <span class='ocr_line' id='line_1_23' title="bbox 293 1148 1407 1199; baseline -0.001 -14"><span class='ocrx_word' id='word_1_115' title='bbox 293 1150 377 1185; x_wconf 89' lang='lat' dir='ltr'>Nec</span> <span class='ocrx_word' id='word_1_116' title='bbox 396 1149 530 1199; x_wconf 84' lang='lat' dir='ltr'>procul</span> <span class='ocrx_word' id='word_1_117' title='bbox 554 1149 641 1185; x_wconf 85' lang='lat' dir='ltr'>inde</span> <span class='ocrx_word' id='word_1_118' title='bbox 668 1148 865 1185; x_wconf 88' lang='lat' dir='ltr'>Hannibal</span> <span class='ocrx_word' id='word_1_119' title='bbox 885 1162 997 1198; x_wconf 90' lang='lat' dir='ltr'>quum</span> <span class='ocrx_word' id='word_1_120' title='bbox 1019 1149 1263 1192; x_wconf 82' lang='lat' dir='ltr'>consedisset,</span> <span class='ocrx_word' id='word_1_121' title='bbox 1284 1161 1407 1198; x_wconf 83' lang='lat' dir='ltr'>quan-</span> 
     </span>
     <span class='ocr_line' id='line_1_24' title="bbox 292 1213 1401 1263; baseline -0.001 -14"><span class='ocrx_word' id='word_1_122' title='bbox 292 1221 374 1249; x_wconf 80' lang='lat' dir='ltr'>tum</span> <span class='ocrx_word' id='word_1_123' title='bbox 393 1214 553 1250; x_wconf 85' lang='lat' dir='ltr'>victoria</span> <span class='ocrx_word' id='word_1_124' title='bbox 580 1214 744 1262; x_wconf 84' lang='lat' dir='ltr'>equestri</span> <span class='ocrx_word' id='word_1_125' title='bbox 770 1213 903 1256; x_wconf 87' lang='lat' dir='ltr'>elatus,</span> <span class='ocrx_word' id='word_1_126' title='bbox 925 1219 1075 1249; x_wconf 85' lang='lat' dir='ltr'>tantum</span> <span class='ocrx_word' id='word_1_127' title='bbox 1099 1214 1233 1251; x_wconf 81' lang='lat' dir='ltr'>anxius</span> <span class='ocrx_word' id='word_1_128' title='bbox 1258 1213 1401 1263; x_wconf 87' lang='lat' dir='ltr'>inopia,</span> 
     </span>
     <span class='ocr_line' id='line_1_25' title="bbox 293 1279 1406 1328; baseline -0.001 -15"><span class='ocrx_word' id='word_1_129' title='bbox 293 1291 375 1326; x_wconf 83' lang='lat' dir='ltr'>quae</span> <span class='ocrx_word' id='word_1_130' title='bbox 404 1291 469 1327; x_wconf 88' lang='lat' dir='ltr'>per</span> <span class='ocrx_word' id='word_1_131' title='bbox 488 1279 657 1313; x_wconf 82' lang='lat' dir='ltr'>hostium</span> <span class='ocrx_word' id='word_1_132' title='bbox 684 1289 794 1326; x_wconf 88' lang='lat' dir='ltr'>agros</span> <span class='ocrx_word' id='word_1_133' title='bbox 819 1285 985 1322; x_wconf 88' lang='lat' dir='ltr'>euntem,</span> <span class='ocrx_word' id='word_1_134' title='bbox 1006 1291 1191 1327; x_wconf 89' lang='lat' dir='ltr'>nusquam</span> <span class='ocrx_word' id='word_1_135' title='bbox 1215 1290 1406 1328; x_wconf 74' lang='lat' dir='ltr'>praepara·</span> 
     </span>
     <span class='ocr_line' id='line_1_26' title="bbox 293 1341 1402 1392; baseline 0 -15"><span class='ocrx_word' id='word_1_136' title='bbox 293 1343 341 1377; x_wconf 89' lang='lat' dir='ltr'>tis</span> <span class='ocrx_word' id='word_1_137' title='bbox 358 1342 646 1385; x_wconf 80' lang='lat' dir='ltr'>commeatibus,</span> <span class='ocrx_word' id='word_1_138' title='bbox 664 1341 785 1391; x_wconf 85' lang='lat' dir='ltr'>major</span> <span class='ocrx_word' id='word_1_139' title='bbox 804 1344 843 1378; x_wconf 89' lang='lat' dir='ltr'>in</span> <span class='ocrx_word' id='word_1_140' title='bbox 859 1342 936 1378; x_wconf 75' lang='lat' dir='ltr'>dies</span> <span class='ocrx_word' id='word_1_141' title='bbox 958 1342 1184 1392; x_wconf 79' lang='lat' dir='ltr'>excipiebat,</span> <span class='ocrx_word' id='word_1_142' title='bbox 1201 1342 1249 1378; x_wconf 86' lang='lat' dir='ltr'>ad</span> <span class='ocrx_word' id='word_1_143' title='bbox 1264 1341 1402 1378; x_wconf 89' lang='lat' dir='ltr'>Clasti-</span> 
     </span>
     <span class='ocr_line' id='line_1_27' title="bbox 294 1406 1402 1455; baseline 0 -14"><span class='ocrx_word' id='word_1_144' title='bbox 294 1407 397 1441; x_wconf 83' lang='lat' dir='ltr'>dium</span> <span class='ocrx_word' id='word_1_145' title='bbox 424 1408 561 1449; x_wconf 84' lang='lat' dir='ltr'>vicum,</span> <span class='ocrx_word' id='word_1_146' title='bbox 583 1419 657 1454; x_wconf 91' lang='lat' dir='ltr'>quo</span> <span class='ocrx_word' id='word_1_147' title='bbox 688 1419 865 1455; x_wconf 85' lang='lat' dir='ltr'>magnum</span> <span class='ocrx_word' id='word_1_148' title='bbox 885 1406 1065 1442; x_wconf 86' lang='lat' dir='ltr'>frumenti</span> <span class='ocrx_word' id='word_1_149' title='bbox 1093 1419 1290 1442; x_wconf 87' lang='lat' dir='ltr'>numerum</span> <span class='ocrx_word' id='word_1_150' title='bbox 1311 1418 1402 1441; x_wconf 90' lang='lat' dir='ltr'>con-</span> 
     </span>
     <span class='ocr_line' id='line_1_28' title="bbox 294 1469 1402 1518; baseline 0.001 -15"><span class='ocrx_word' id='word_1_151' title='bbox 294 1476 488 1517; x_wconf 82' lang='lat' dir='ltr'>gesserant</span> <span class='ocrx_word' id='word_1_152' title='bbox 515 1469 696 1511; x_wconf 88' lang='lat' dir='ltr'>Romani,</span> <span class='ocrx_word' id='word_1_153' title='bbox 724 1470 864 1504; x_wconf 87' lang='lat' dir='ltr'>mittit:</span> <span class='ocrx_word' id='word_1_154' title='bbox 897 1469 950 1505; x_wconf 92' lang='lat' dir='ltr'>ibi</span> <span class='ocrx_word' id='word_1_155' title='bbox 971 1482 1084 1518; x_wconf 85' lang='lat' dir='ltr'>quum</span> <span class='ocrx_word' id='word_1_156' title='bbox 1110 1470 1186 1505; x_wconf 88' lang='lat' dir='ltr'>vim</span> <span class='ocrx_word' id='word_1_157' title='bbox 1212 1475 1402 1518; x_wconf 85' lang='lat' dir='ltr'>pararent,</span> 
     </span>
     <span class='ocr_line' id='line_1_29' title="bbox 293 1531 1399 1582; baseline 0 -14"><span class='ocrx_word' id='word_1_158' title='bbox 293 1544 376 1582; x_wconf 80' lang='lat' dir='ltr'>spes</span> <span class='ocrx_word' id='word_1_159' title='bbox 414 1531 516 1568; x_wconf 84' lang='lat' dir='ltr'>facta</span> <span class='ocrx_word' id='word_1_160' title='bbox 561 1533 810 1582; x_wconf 83' lang='lat' dir='ltr'>proditionis:</span> <span class='ocrx_word' id='word_1_161' title='bbox 851 1546 920 1568; x_wconf 89' lang='lat' dir='ltr'>nec</span> <span class='ocrx_word' id='word_1_162' title='bbox 957 1545 1047 1568; x_wconf 87' lang='lat' dir='ltr'>sane</span> <span class='ocrx_word' id='word_1_163' title='bbox 1079 1545 1219 1580; x_wconf 82' lang='lat' dir='ltr'>magno</span> <span class='ocrx_word' id='word_1_164' title='bbox 1263 1533 1399 1582; x_wconf 86' lang='lat' dir='ltr'>preti0,</span> 
     </span>
     <span class='ocr_line' id='line_1_30' title="bbox 292 1596 1402 1646; baseline 0.002 -16"><span class='ocrx_word' id='word_1_165' title='bbox 292 1596 453 1631; x_wconf 89' lang='lat' dir='ltr'>nummis</span> <span class='ocrx_word' id='word_1_166' title='bbox 496 1598 616 1632; x_wconf 79' lang='lat' dir='ltr'>aureis</span> <span class='ocrx_word' id='word_1_167' title='bbox 656 1597 955 1646; x_wconf 86' lang='lat' dir='ltr'>quadringentis,</span> <span class='ocrx_word' id='word_1_168' title='bbox 993 1597 1114 1633; x_wconf 89' lang='lat' dir='ltr'>Dasio</span> <span class='ocrx_word' id='word_1_169' title='bbox 1157 1597 1402 1633; x_wconf 83' lang='lat' dir='ltr'>Brundusino</span> 
     </span>
     <span class='ocr_line' id='line_1_31' title="bbox 292 1659 1401 1710; baseline 0.002 -17"><span class='ocrx_word' id='word_1_170' title='bbox 292 1659 473 1707; x_wconf 72' lang='lat' dir='ltr'>praefecto</span> <span class='ocrx_word' id='word_1_171' title='bbox 492 1661 657 1709; x_wconf 74' lang='lat' dir='ltr'>praesidii</span> <span class='ocrx_word' id='word_1_172' title='bbox 677 1668 880 1710; x_wconf 88' lang='lat' dir='ltr'>conrupto,</span> <span class='ocrx_word' id='word_1_173' title='bbox 901 1661 1062 1696; x_wconf 85' lang='lat' dir='ltr'>traditur</span> <span class='ocrx_word' id='word_1_174' title='bbox 1081 1660 1292 1696; x_wconf 87' lang='lat' dir='ltr'>Hannibali</span> <span class='ocrx_word' id='word_1_175' title='bbox 1313 1660 1401 1696; x_wconf 85' lang='lat' dir='ltr'>Cla-</span> 
     </span>
     <span class='ocr_line' id='line_1_32' title="bbox 291 1722 1401 1761; baseline 0.003 -4"><span class='ocrx_word' id='word_1_176' title='bbox 291 1722 444 1758; x_wconf 87' lang='lat' dir='ltr'>stidium</span> <span class='ocrx_word' id='word_1_177' title='bbox 461 1739 467 1756; x_wconf 87' lang='lat'>-.</span> <span class='ocrx_word' id='word_1_178' title='bbox 501 1724 539 1759; x_wconf 85' lang='lat' dir='ltr'>id</span> <span class='ocrx_word' id='word_1_179' title='bbox 556 1724 732 1760; x_wconf 87' lang='lat' dir='ltr'>horreum</span> <span class='ocrx_word' id='word_1_180' title='bbox 752 1725 825 1760; x_wconf 85' lang='lat' dir='ltr'>fuit</span> <span class='ocrx_word' id='word_1_181' title='bbox 844 1725 974 1761; x_wconf 75' lang='lat' dir='ltr'>Poenis</span> <span class='ocrx_word' id='word_1_182' title='bbox 1001 1725 1216 1761; x_wconf 87' lang='lat' dir='ltr'>sedentibus</span> <span class='ocrx_word' id='word_1_183' title='bbox 1243 1725 1290 1760; x_wconf 88' lang='lat' dir='ltr'>ad</span> <span class='ocrx_word' id='word_1_184' title='bbox 1307 1724 1401 1760; x_wconf 88' lang='lat' dir='ltr'>Tre-</span> 
     </span>
     <span class='ocr_line' id='line_1_33' title="bbox 291 1787 1399 1840; baseline 0.003 -18"><span class='ocrx_word' id='word_1_185' title='bbox 291 1787 404 1823; x_wconf 87' lang='lat' dir='ltr'>biam.</span> <span class='ocrx_word' id='word_1_186' title='bbox 461 1788 509 1824; x_wconf 88' lang='lat' dir='ltr'>In</span> <span class='ocrx_word' id='word_1_187' title='bbox 528 1791 698 1839; x_wconf 85' lang='lat' dir='ltr'>captivos</span> <span class='ocrx_word' id='word_1_188' title='bbox 717 1804 762 1826; x_wconf 80' lang='lat' dir='ltr'>ex</span> <span class='ocrx_word' id='word_1_189' title='bbox 782 1792 922 1827; x_wconf 85' lang='lat' dir='ltr'>tradito</span> <span class='ocrx_word' id='word_1_190' title='bbox 938 1791 1127 1840; x_wconf 74' lang='lat' dir='ltr'>praesidio,</span> <span class='ocrx_word' id='word_1_191' title='bbox 1145 1796 1186 1825; x_wconf 85' lang='lat' dir='ltr'>ut</span> <span class='ocrx_word' id='word_1_192' title='bbox 1205 1790 1306 1826; x_wconf 86' lang='lat' dir='ltr'>fama</span> <span class='ocrx_word' id='word_1_193' title='bbox 1326 1790 1399 1825; x_wconf 85' lang='lat' dir='ltr'>cle-</span> 
     </span>
     <span class='ocr_line' id='line_1_34' title="bbox 290 1852 1403 1903; baseline 0.004 -18"><span class='ocrx_word' id='word_1_194' title='bbox 290 1852 442 1887; x_wconf 79' lang='lat' dir='ltr'>mentiae</span> <span class='ocrx_word' id='word_1_195' title='bbox 462 1853 501 1887; x_wconf 88' lang='lat' dir='ltr'>in</span> <span class='ocrx_word' id='word_1_196' title='bbox 523 1855 710 1903; x_wconf 88' lang='lat' dir='ltr'>principio</span> <span class='ocrx_word' id='word_1_197' title='bbox 738 1868 862 1891; x_wconf 88' lang='lat' dir='ltr'>rerum</span> <span class='ocrx_word' id='word_1_198' title='bbox 882 1855 1149 1903; x_wconf 74' lang='lat' dir='ltr'>configeretur,</span> <span class='ocrx_word' id='word_1_199' title='bbox 1174 1854 1269 1890; x_wconf 82' lang='lat' dir='ltr'>nihil</span> <span class='ocrx_word' id='word_1_200' title='bbox 1294 1856 1403 1890; x_wconf 84' lang='lat' dir='ltr'>saevi-</span> 
     </span>
     <span class='ocr_line' id='line_1_35' title="bbox 289 1920 458 1950; baseline 0.006 -1"><span class='ocrx_word' id='word_1_201' title='bbox 289 1920 371 1950; x_wconf 88' lang='lat' dir='ltr'>tum</span> <span class='ocrx_word' id='word_1_202' title='bbox 391 1921 458 1950; x_wconf 85' lang='lat' dir='ltr'>est.</span> 
     </span>
    </p>

    <p class='ocr_par' dir='ltr' id='par_1_5' title="bbox 289 1972 1401 2350">
     <span class='ocr_line' id='line_1_36' title="bbox 344 1972 1399 2018; baseline 0.002 -3"><span class='ocrx_word' id='word_1_203' title='bbox 344 1979 495 2015; x_wconf 88' lang='lat' dir='ltr'>XLIX.</span> <span class='ocrx_word' id='word_1_204' title='bbox 526 1980 653 2018; x_wconf 87' lang='lat' dir='ltr'>Quum</span> <span class='ocrx_word' id='word_1_205' title='bbox 682 1982 729 2017; x_wconf 85' lang='lat' dir='ltr'>ad</span> <span class='ocrx_word' id='word_1_206' title='bbox 757 1982 936 2018; x_wconf 90' lang='lat' dir='ltr'>Trebiam</span> <span class='ocrx_word' id='word_1_207' title='bbox 965 1972 1141 2018; x_wconf 78' lang='lat' dir='ltr'>terrestre</span> <span class='ocrx_word' id='word_1_208' title='bbox 1168 1983 1399 2018; x_wconf 84' lang='lat' dir='ltr'>constitisset</span> 
     </span>
     <span class='ocr_line' id='line_1_37' title="bbox 289 2042 1401 2094; baseline 0.004 -17"><span class='ocrx_word' id='word_1_209' title='bbox 289 2042 443 2085; x_wconf 84' lang='lat' dir='ltr'>bellum,</span> <span class='ocrx_word' id='word_1_210' title='bbox 470 2043 622 2079; x_wconf 84' lang='lat' dir='ltr'>interim</span> <span class='ocrx_word' id='word_1_211' title='bbox 649 2046 748 2080; x_wconf 86' lang='lat' dir='ltr'>circa</span> <span class='ocrx_word' id='word_1_212' title='bbox 767 2046 934 2082; x_wconf 84' lang='lat' dir='ltr'>Siciliam</span> <span class='ocrx_word' id='word_1_213' title='bbox 958 2045 1172 2094; x_wconf 86' lang='lat' dir='ltr'>insulasque</span> <span class='ocrx_word' id='word_1_214' title='bbox 1192 2045 1312 2081; x_wconf 74' lang='lat' dir='ltr'>Italiae</span> <span class='ocrx_word' id='word_1_215' title='bbox 1340 2046 1401 2081; x_wconf 85' lang='lat' dir='ltr'>in-</span> 
     </span>
     <span class='ocr_line' id='line_1_38' title="bbox 290 2107 1398 2159; baseline 0.004 -18"><span class='ocrx_word' id='word_1_216' title='bbox 290 2107 490 2149; x_wconf 88' lang='lat' dir='ltr'>minentes,</span> <span class='ocrx_word' id='word_1_217' title='bbox 519 2113 555 2142; x_wconf 85' lang='lat' dir='ltr'>et</span> <span class='ocrx_word' id='word_1_218' title='bbox 583 2121 605 2143; x_wconf 88' lang='lat' dir='ltr'>a</span> <span class='ocrx_word' id='word_1_219' title='bbox 631 2108 855 2159; x_wconf 89' lang='lat' dir='ltr'>Sempronio</span> <span class='ocrx_word' id='word_1_220' title='bbox 888 2109 1054 2152; x_wconf 79' lang='lat' dir='ltr'>consule,</span> <span class='ocrx_word' id='word_1_221' title='bbox 1076 2117 1113 2144; x_wconf 90' lang='lat' dir='ltr'>et</span> <span class='ocrx_word' id='word_1_222' title='bbox 1142 2116 1230 2145; x_wconf 87' lang='lat' dir='ltr'>ante</span> <span class='ocrx_word' id='word_1_223' title='bbox 1260 2109 1398 2145; x_wconf 86' lang='lat' dir='ltr'>adven-</span> 
     </span>
     <span class='ocr_line' id='line_1_39' title="bbox 290 2168 1397 2221; baseline 0 -14"><span class='ocrx_word' id='word_1_224' title='bbox 290 2176 371 2207; x_wconf 85' lang='lat' dir='ltr'>tum</span> <span class='ocrx_word' id='word_1_225' title='bbox 392 2168 486 2220; x_wconf 84' lang='lat' dir='ltr'>ejus,</span> <span class='ocrx_word' id='word_1_226' title='bbox 508 2176 608 2206; x_wconf 87' lang='lat' dir='ltr'>terra</span> <span class='ocrx_word' id='word_1_227' title='bbox 626 2173 794 2220; x_wconf 79' lang='lat' dir='ltr'>marique</span> <span class='ocrx_word' id='word_1_228' title='bbox 814 2186 871 2208; x_wconf 89' lang='lat' dir='ltr'>res</span> <span class='ocrx_word' id='word_1_229' title='bbox 888 2180 1026 2221; x_wconf 71' lang='lat' dir='ltr'>gestae:</span> <span class='ocrx_word' id='word_1_230' title='bbox 1060 2173 1193 2221; x_wconf 81' lang='lat' dir='ltr'>viginti</span> <span class='ocrx_word' id='word_1_231' title='bbox 1214 2173 1397 2221; x_wconf 84' lang='lat' dir='ltr'>quinque-</span> 
     </span>
     <span class='ocr_line' id='line_1_40' title="bbox 289 2234 1399 2286; baseline 0.004 -18"><span class='ocrx_word' id='word_1_232' title='bbox 289 2245 409 2269; x_wconf 81' lang='lat' dir='ltr'>remes</span> <span class='ocrx_word' id='word_1_233' title='bbox 445 2245 531 2269; x_wconf 88' lang='lat' dir='ltr'>cum</span> <span class='ocrx_word' id='word_1_234' title='bbox 563 2234 665 2271; x_wconf 90' lang='lat' dir='ltr'>mille</span> <span class='ocrx_word' id='word_1_235' title='bbox 695 2237 847 2271; x_wconf 87' lang='lat' dir='ltr'>armatis</span> <span class='ocrx_word' id='word_1_236' title='bbox 879 2236 926 2272; x_wconf 88' lang='lat' dir='ltr'>ad</span> <span class='ocrx_word' id='word_1_237' title='bbox 959 2235 1262 2286; x_wconf 87' lang='lat' dir='ltr'>depopulandam</span> <span class='ocrx_word' id='word_1_238' title='bbox 1292 2248 1399 2272; x_wconf 87' lang='lat' dir='ltr'>oram</span> 
     </span>
     <span class='ocr_line' id='line_1_41' title="bbox 289 2295 1394 2350; baseline 0.003 -18"><span class='ocrx_word' id='word_1_239' title='bbox 289 2295 411 2334; x_wconf 82' lang='lat' dir='ltr'>Italiae</span> <span class='ocrx_word' id='word_1_240' title='bbox 438 2310 460 2334; x_wconf 86' lang='lat' dir='ltr'>a</span> <span class='ocrx_word' id='word_1_241' title='bbox 478 2296 868 2347; x_wconf 85' lang='lat' dir='ltr'>Karthaginiensibus</span> <span class='ocrx_word' id='word_1_242' title='bbox 896 2301 1034 2344; x_wconf 82' lang='lat' dir='ltr'>missae,</span> <span class='ocrx_word' id='word_1_243' title='bbox 1061 2312 1197 2337; x_wconf 89' lang='lat' dir='ltr'>novem</span> <span class='ocrx_word' id='word_1_244' title='bbox 1219 2299 1394 2350; x_wconf 85' lang='lat' dir='ltr'>Liparas,</span> 
     </span>
    </p>
   </div>
  </div>
 </body>
</html>
