<?xml version="1.0" encoding="UTF-8"?>
<!DOCTYPE html PUBLIC "-//W3C//DTD XHTML 1.0 Transitional//EN"
    "http://www.w3.org/TR/xhtml1/DTD/xhtml1-transitional.dtd">
<html xmlns="http://www.w3.org/1999/xhtml" xml:lang="en" lang="en">
 <head>
  <title>
</title>
<meta http-equiv="Content-Type" content="text/html;charset=utf-8" />
  <meta name='ocr-system' content='tesseract 3.04.00' />
  <meta name='ocr-capabilities' content='ocr_page ocr_carea ocr_par ocr_line ocrx_word'/>
</head>
<body>
  <div class='ocr_page' id='page_1' title='image "./historiarumquaes02livyuoft/historiarumquaes02livyuoft_0060.png"; bbox 0 0 1527 2661; ppageno 0'>
   <div class='ocr_carea' id='block_1_1' title="bbox 68 355 254 433">
    <p class='ocr_par' dir='ltr' id='par_1_1' title="bbox 68 355 254 433">
     <span class='ocr_line' id='line_1_1' title="bbox 68 355 254 388; baseline 0.011 -2"><span class='ocrx_word' id='word_1_1' title='bbox 68 355 161 387; x_wconf 89' lang='lat' dir='ltr'>U.C.</span> <span class='ocrx_word' id='word_1_2' title='bbox 180 365 254 388; x_wconf 78' lang='lat'>444.</span> 
     </span>
     <span class='ocr_line' id='line_1_2' title="bbox 69 401 251 433; baseline 0 -3"><span class='ocrx_word' id='word_1_3' title='bbox 69 402 110 431; x_wconf 81' lang='lat' dir='ltr'>A.</span> <span class='ocrx_word' id='word_1_4' title='bbox 123 401 160 431; x_wconf 87' lang='lat' dir='ltr'>C.</span> <span class='ocrx_word' id='word_1_5' title='bbox 178 408 251 433; x_wconf 77' lang='lat'><strong>308.</strong></span> 
     </span>
    </p>
   </div>
   <div class='ocr_carea' id='block_1_2' title="bbox 63 831 241 1122">
    <p class='ocr_par' dir='ltr' id='par_1_2' title="bbox 63 831 241 1122">
     <span class='ocr_line' id='line_1_3' title="bbox 66 831 241 872; baseline 0.006 -10"><span class='ocrx_word' id='word_1_6' title='bbox 66 833 125 872; x_wconf 87' lang='lat' dir='ltr'>Ap.</span> <span class='ocrx_word' id='word_1_7' title='bbox 145 831 241 863; x_wconf 89' lang='lat' dir='ltr'>Clau-</span> 
     </span>
     <span class='ocr_line' id='line_1_4' title="bbox 64 877 229 906; baseline 0 -1"><span class='ocrx_word' id='word_1_8' title='bbox 64 877 136 905; x_wconf 85' lang='lat' dir='ltr'>dius</span> <span class='ocrx_word' id='word_1_9' title='bbox 153 885 229 906; x_wconf 88' lang='lat' dir='ltr'>cen-</span> 
     </span>
     <span class='ocr_line' id='line_1_5' title="bbox 66 919 239 949; baseline 0 -1"><span class='ocrx_word' id='word_1_10' title='bbox 66 929 175 949; x_wconf 86' lang='lat' dir='ltr'>suram</span> <span class='ocrx_word' id='word_1_11' title='bbox 190 919 239 948; x_wconf 85' lang='lat' dir='ltr'>ul-</span> 
     </span>
     <span class='ocr_line' id='line_1_6' title="bbox 64 962 229 1002; baseline 0.006 -11"><span class='ocrx_word' id='word_1_12' title='bbox 64 968 112 991; x_wconf 84' lang='lat' dir='ltr'>tra</span> <span class='ocrx_word' id='word_1_13' title='bbox 128 962 229 1002; x_wconf 76' lang='lat' dir='ltr'>legiti-</span> 
     </span>
     <span class='ocr_line' id='line_1_7' title="bbox 65 1015 162 1035; baseline 0 0"><span class='ocrx_word' id='word_1_14' title='bbox 65 1015 162 1035; x_wconf 87' lang='lat' dir='ltr'>mum</span> 
     </span>
     <span class='ocr_line' id='line_1_8' title="bbox 64 1054 192 1088; baseline 0.016 -10"><span class='ocrx_word' id='word_1_15' title='bbox 64 1054 192 1088; x_wconf 84' lang='lat' dir='ltr'>tempus</span> 
     </span>
     <span class='ocr_line' id='line_1_9' title="bbox 63 1093 188 1122; baseline 0.008 -1"><span class='ocrx_word' id='word_1_16' title='bbox 63 1093 188 1122; x_wconf 88' lang='lat' dir='ltr'>retinet.</span> 
     </span>
    </p>
   </div>
   <div class='ocr_carea' id='block_1_3' title="bbox 269 161 935 203">
    <p class='ocr_par' dir='ltr' id='par_1_3' title="bbox 269 161 935 203">
     <span class='ocr_line' id='line_1_10' title="bbox 269 161 935 203; baseline 0.005 -14"><span class='ocrx_word' id='word_1_17' title='bbox 269 161 325 203; x_wconf 86' lang='lat'>50</span> <span class='ocrx_word' id='word_1_18' title='bbox 729 161 774 189; x_wconf 90' lang='lat' dir='ltr'>T.</span> <span class='ocrx_word' id='word_1_19' title='bbox 804 162 935 192; x_wconf 82' lang='lat' dir='ltr'>L1v11</span> 
     </span>
    </p>
   </div>
   <div class='ocr_carea' id='block_1_4' title="bbox 256 246 1386 2359">
    <p class='ocr_par' dir='ltr' id='par_1_4' title="bbox 267 246 1386 348">
     <span class='ocr_line' id='line_1_11' title="bbox 267 246 1386 299; baseline 0.004 -16"><span class='ocrx_word' id='word_1_20' title='bbox 267 254 355 296; x_wconf 84' lang='lat' dir='ltr'>post</span> <span class='ocrx_word' id='word_1_21' title='bbox 374 246 550 298; x_wconf 76' lang='lat' dir='ltr'>proelium</span> <span class='ocrx_word' id='word_1_22' title='bbox 581 247 699 284; x_wconf 83' lang='lat' dir='ltr'>saucii</span> <span class='ocrx_word' id='word_1_23' title='bbox 718 247 960 295; x_wconf 77' lang='lat' dir='ltr'>decesserint,</span> <span class='ocrx_word' id='word_1_24' title='bbox 982 262 1094 299; x_wconf 88' lang='lat' dir='ltr'>quam</span> <span class='ocrx_word' id='word_1_25' title='bbox 1114 250 1328 287; x_wconf 85' lang='lat' dir='ltr'><strong>ceciderant</strong></span> <span class='ocrx_word' id='word_1_26' title='bbox 1347 250 1386 287; x_wconf 89' lang='lat' dir='ltr'>iu</span> 
     </span>
     <span class='ocr_line' id='line_1_12' title="bbox 268 313 360 348; baseline 0.011 -1"><span class='ocrx_word' id='word_1_27' title='bbox 268 313 360 348; x_wconf 85' lang='lat' dir='ltr'>acie.</span> 
     </span>
    </p>

    <p class='ocr_par' dir='ltr' id='par_1_5' title="bbox 256 374 1385 2359">
     <span class='ocr_line' id='line_1_13' title="bbox 321 374 1385 425; baseline 0.001 -13"><span class='ocrx_word' id='word_1_28' title='bbox 321 374 524 412; x_wconf 89' lang='lat' dir='ltr'><strong>XXXIII.</strong></span> <span class='ocrx_word' id='word_1_29' title='bbox 551 375 599 415; x_wconf 87' lang='lat' dir='ltr'>Q.</span> <span class='ocrx_word' id='word_1_30' title='bbox 616 375 758 412; x_wconf 86' lang='lat' dir='ltr'>Fabius</span> <span class='ocrx_word' id='word_1_31' title='bbox 775 376 1007 425; x_wconf 83' lang='lat' dir='ltr'>insequentis</span> <span class='ocrx_word' id='word_1_32' title='bbox 1027 378 1117 413; x_wconf 87' lang='lat' dir='ltr'>anni</span> <span class='ocrx_word' id='word_1_33' title='bbox 1137 376 1284 420; x_wconf 86' lang='lat' dir='ltr'>consul,</span> <span class='ocrx_word' id='word_1_34' title='bbox 1305 375 1385 413; x_wconf 87' lang='lat' dir='ltr'>bel-</span> 
     </span>
     <span class='ocr_line' id='line_1_14' title="bbox 265 440 1385 490; baseline 0.002 -14"><span class='ocrx_word' id='word_1_35' title='bbox 265 440 343 476; x_wconf 90' lang='lat' dir='ltr'>lum</span> <span class='ocrx_word' id='word_1_36' title='bbox 372 440 421 477; x_wconf 88' lang='lat' dir='ltr'>ad</span> <span class='ocrx_word' id='word_1_37' title='bbox 447 440 615 476; x_wconf 86' lang='lat' dir='ltr'>Sutrium</span> <span class='ocrx_word' id='word_1_38' title='bbox 640 442 812 490; x_wconf 84' lang='lat' dir='ltr'>excepit:</span> <span class='ocrx_word' id='word_1_39' title='bbox 846 441 992 490; x_wconf 84' lang='lat' dir='ltr'>collega</span> <span class='ocrx_word' id='word_1_40' title='bbox 1010 441 1131 478; x_wconf 85' lang='lat' dir='ltr'>Fabio</span> <span class='ocrx_word' id='word_1_41' title='bbox 1152 442 1196 480; x_wconf 86' lang='lat' dir='ltr'>C.</span> <span class='ocrx_word' id='word_1_42' title='bbox 1215 442 1385 480; x_wconf 88' lang='lat' dir='ltr'><strong>Marcius</strong></span> 
     </span>
     <span class='ocr_line' id='line_1_15' title="bbox 263 504 1384 556; baseline 0.002 -15"><span class='ocrx_word' id='word_1_43' title='bbox 263 504 417 541; x_wconf 84' lang='lat' dir='ltr'>Rutilus</span> <span class='ocrx_word' id='word_1_44' title='bbox 446 505 554 540; x_wconf 88' lang='lat' dir='ltr'>datus</span> <span class='ocrx_word' id='word_1_45' title='bbox 586 510 655 540; x_wconf 80' lang='lat' dir='ltr'>est.</span> <span class='ocrx_word' id='word_1_46' title='bbox 698 504 878 541; x_wconf 88' lang='lat' dir='ltr'>Ceterum</span> <span class='ocrx_word' id='word_1_47' title='bbox 908 512 946 547; x_wconf 90' lang='lat' dir='ltr'>et</span> <span class='ocrx_word' id='word_1_48' title='bbox 975 505 1115 542; x_wconf 85' lang='lat' dir='ltr'>Fabius</span> <span class='ocrx_word' id='word_1_49' title='bbox 1145 506 1384 556; x_wconf 87' lang='lat' dir='ltr'>supplemen-</span> 
     </span>
     <span class='ocr_line' id='line_1_16' title="bbox 261 567 1385 610; baseline 0.002 -6"><span class='ocrx_word' id='word_1_50' title='bbox 261 578 345 605; x_wconf 73' lang='lat' dir='ltr'>tum</span> <span class='ocrx_word' id='word_1_51' title='bbox 365 568 412 604; x_wconf 87' lang='lat' dir='ltr'>ab</span> <span class='ocrx_word' id='word_1_52' title='bbox 432 567 560 603; x_wconf 86' lang='lat' dir='ltr'>Roma</span> <span class='ocrx_word' id='word_1_53' title='bbox 579 567 757 610; x_wconf 85' lang='lat' dir='ltr'>adduxit,</span> <span class='ocrx_word' id='word_1_54' title='bbox 779 574 817 603; x_wconf 89' lang='lat' dir='ltr'>et</span> <span class='ocrx_word' id='word_1_55' title='bbox 836 581 957 604; x_wconf 85' lang='lat' dir='ltr'>novus</span> <span class='ocrx_word' id='word_1_56' title='bbox 978 570 1163 605; x_wconf 87' lang='lat' dir='ltr'>exercitus</span> <span class='ocrx_word' id='word_1_57' title='bbox 1184 570 1299 606; x_wconf 90' lang='lat' dir='ltr'>domo</span> <span class='ocrx_word' id='word_1_58' title='bbox 1318 570 1385 606; x_wconf 90' lang='lat' dir='ltr'>ad-</span> 
     </span>
     <span class='ocr_line' id='line_1_17' title="bbox 263 630 1383 682; baseline 0.001 -13"><span class='ocrx_word' id='word_1_59' title='bbox 263 635 359 669; x_wconf 86' lang='lat' dir='ltr'>citus</span> <span class='ocrx_word' id='word_1_60' title='bbox 380 631 551 668; x_wconf 84' lang='lat' dir='ltr'><strong>Etruscis</strong></span> <span class='ocrx_word' id='word_1_61' title='bbox 572 631 686 666; x_wconf 86' lang='lat' dir='ltr'>venit.</span> <span class='ocrx_word' id='word_1_62' title='bbox 717 630 900 667; x_wconf 85' lang='lat' dir='ltr'>Permulti</span> <span class='ocrx_word' id='word_1_63' title='bbox 919 633 1009 668; x_wconf 86' lang='lat' dir='ltr'>anui</span> <span class='ocrx_word' id='word_1_64' title='bbox 1023 631 1107 682; x_wconf 88' lang='lat' dir='ltr'>jam</span> <span class='ocrx_word' id='word_1_65' title='bbox 1127 639 1249 676; x_wconf 89' lang='lat' dir='ltr'>erant,</span> <span class='ocrx_word' id='word_1_66' title='bbox 1267 646 1383 682; x_wconf 88' lang='lat' dir='ltr'>quum</span> 
     </span>
     <span class='ocr_line' id='line_1_18' title="bbox 263 696 1382 747; baseline 0.002 -14"><span class='ocrx_word' id='word_1_67' title='bbox 263 698 363 734; x_wconf 88' lang='lat' dir='ltr'>iuter</span> <span class='ocrx_word' id='word_1_68' title='bbox 382 696 562 747; x_wconf 87' lang='lat' dir='ltr'>patricios</span> <span class='ocrx_word' id='word_1_69' title='bbox 590 697 835 744; x_wconf 79' lang='lat' dir='ltr'>magistratus</span> <span class='ocrx_word' id='word_1_70' title='bbox 863 696 1111 746; x_wconf 83' lang='lat' dir='ltr'>tribunosque</span> <span class='ocrx_word' id='word_1_71' title='bbox 1137 697 1243 734; x_wconf 84' lang='lat' dir='ltr'>nulla</span> <span class='ocrx_word' id='word_1_72' title='bbox 1261 704 1382 735; x_wconf 90' lang='lat' dir='ltr'>certa-</span> 
     </span>
     <span class='ocr_line' id='line_1_19' title="bbox 262 759 1382 809; baseline 0.002 -12"><span class='ocrx_word' id='word_1_73' title='bbox 262 762 366 797; x_wconf 86' lang='lat' dir='ltr'>mina</span> <span class='ocrx_word' id='word_1_74' title='bbox 388 759 561 797; x_wconf 85' lang='lat' dir='ltr'>fuerant:</span> <span class='ocrx_word' id='word_1_75' title='bbox 596 772 712 809; x_wconf 91' lang='lat' dir='ltr'>quum</span> <span class='ocrx_word' id='word_1_76' title='bbox 739 772 784 795; x_wconf 85' lang='lat' dir='ltr'>ex</span> <span class='ocrx_word' id='word_1_77' title='bbox 812 773 856 796; x_wconf 88' lang='lat' dir='ltr'>ea</span> <span class='ocrx_word' id='word_1_78' title='bbox 874 759 1033 803; x_wconf 80' lang='lat' dir='ltr'>familia,</span> <span class='ocrx_word' id='word_1_79' title='bbox 1054 773 1136 809; x_wconf 81' lang='lat' dir='ltr'>quae</span> <span class='ocrx_word' id='word_1_80' title='bbox 1162 761 1265 798; x_wconf 89' lang='lat' dir='ltr'>velut</span> <span class='ocrx_word' id='word_1_81' title='bbox 1283 761 1382 799; x_wconf 86' lang='lat' dir='ltr'>fata-</span> 
     </span>
     <span class='ocr_line' id='line_1_20' title="bbox 262 823 1382 876; baseline 0.002 -16"><span class='ocrx_word' id='word_1_82' title='bbox 262 825 306 861; x_wconf 90' lang='lat' dir='ltr'>lis</span> <span class='ocrx_word' id='word_1_83' title='bbox 328 832 409 860; x_wconf 86' lang='lat' dir='ltr'>tum</span> <span class='ocrx_word' id='word_1_84' title='bbox 434 823 596 860; x_wconf 86' lang='lat' dir='ltr'>tribunis</span> <span class='ocrx_word' id='word_1_85' title='bbox 618 836 661 860; x_wconf 84' lang='lat' dir='ltr'>ac</span> <span class='ocrx_word' id='word_1_86' title='bbox 688 823 791 873; x_wconf 89' lang='lat' dir='ltr'>plebi</span> <span class='ocrx_word' id='word_1_87' title='bbox 817 831 911 867; x_wconf 85' lang='lat' dir='ltr'>erat,</span> <span class='ocrx_word' id='word_1_88' title='bbox 932 831 1123 860; x_wconf 87' lang='lat' dir='ltr'>certamen</span> <span class='ocrx_word' id='word_1_89' title='bbox 1145 826 1278 862; x_wconf 88' lang='lat' dir='ltr'>oritur.</span> <span class='ocrx_word' id='word_1_90' title='bbox 1306 826 1382 876; x_wconf 90' lang='lat' dir='ltr'>Ap.</span> 
     </span>
     <span class='ocr_line' id='line_1_21' title="bbox 264 888 1382 931; baseline 0.001 -6"><span class='ocrx_word' id='word_1_91' title='bbox 264 889 443 926; x_wconf 84' lang='lat' dir='ltr'>Claudius</span> <span class='ocrx_word' id='word_1_92' title='bbox 472 901 619 931; x_wconf 86' lang='lat' dir='ltr'>censor,</span> <span class='ocrx_word' id='word_1_93' title='bbox 647 889 885 925; x_wconf 81' lang='lat' dir='ltr'>circumactis</span> <span class='ocrx_word' id='word_1_94' title='bbox 913 888 1042 924; x_wconf 89' lang='lat' dir='ltr'>decem</span> <span class='ocrx_word' id='word_1_95' title='bbox 1063 895 1100 924; x_wconf 91' lang='lat' dir='ltr'>et</span> <span class='ocrx_word' id='word_1_96' title='bbox 1126 895 1215 925; x_wconf 91' lang='lat' dir='ltr'>octo</span> <span class='ocrx_word' id='word_1_97' title='bbox 1240 891 1382 926; x_wconf 90' lang='lat' dir='ltr'>mensi-</span> 
     </span>
     <span class='ocr_line' id='line_1_22' title="bbox 261 952 1381 1004; baseline 0 -13"><span class='ocrx_word' id='word_1_98' title='bbox 261 955 347 998; x_wconf 86' lang='lat' dir='ltr'>bus,</span> <span class='ocrx_word' id='word_1_99' title='bbox 385 954 487 1004; x_wconf 90' lang='lat' dir='ltr'>quod</span> <span class='ocrx_word' id='word_1_100' title='bbox 512 952 669 989; x_wconf 87' lang='lat' dir='ltr'>AEmilia</span> <span class='ocrx_word' id='word_1_101' title='bbox 706 952 789 1001; x_wconf 84' lang='lat' dir='ltr'>lege</span> <span class='ocrx_word' id='word_1_102' title='bbox 826 953 975 989; x_wconf 87' lang='lat' dir='ltr'>finitum</span> <span class='ocrx_word' id='word_1_103' title='bbox 1012 966 1179 989; x_wconf 86' lang='lat' dir='ltr'>censurae</span> <span class='ocrx_word' id='word_1_104' title='bbox 1216 955 1381 1004; x_wconf 87' lang='lat' dir='ltr'>spatium</span> 
     </span>
     <span class='ocr_line' id='line_1_23' title="bbox 262 1017 1379 1070; baseline 0 -14"><span class='ocrx_word' id='word_1_105' title='bbox 262 1019 443 1070; x_wconf 85' lang='lat' dir='ltr'>temporis</span> <span class='ocrx_word' id='word_1_106' title='bbox 473 1025 567 1062; x_wconf 83' lang='lat' dir='ltr'>erat,</span> <span class='ocrx_word' id='word_1_107' title='bbox 599 1031 715 1067; x_wconf 90' lang='lat' dir='ltr'>quum</span> <span class='ocrx_word' id='word_1_108' title='bbox 745 1018 789 1054; x_wconf 94' lang='lat' dir='ltr'>C.</span> <span class='ocrx_word' id='word_1_109' title='bbox 809 1017 982 1054; x_wconf 90' lang='lat' dir='ltr'>Plautius</span> <span class='ocrx_word' id='word_1_110' title='bbox 1014 1017 1160 1067; x_wconf 84' lang='lat' dir='ltr'>collega</span> <span class='ocrx_word' id='word_1_111' title='bbox 1188 1018 1268 1069; x_wconf 84' lang='lat' dir='ltr'>ejus</span> <span class='ocrx_word' id='word_1_112' title='bbox 1298 1033 1379 1056; x_wconf 89' lang='lat' dir='ltr'>ma-</span> 
     </span>
     <span class='ocr_line' id='line_1_24' title="bbox 261 1083 1378 1134; baseline 0.002 -14"><span class='ocrx_word' id='word_1_113' title='bbox 261 1086 425 1134; x_wconf 87' lang='lat' dir='ltr'>gistratu</span> <span class='ocrx_word' id='word_1_114' title='bbox 454 1096 493 1120; x_wconf 88' lang='lat' dir='ltr'>se</span> <span class='ocrx_word' id='word_1_115' title='bbox 522 1083 746 1126; x_wconf 81' lang='lat' dir='ltr'>abdicasset,</span> <span class='ocrx_word' id='word_1_116' title='bbox 777 1083 882 1119; x_wconf 88' lang='lat' dir='ltr'>nulla</span> <span class='ocrx_word' id='word_1_117' title='bbox 911 1084 947 1119; x_wconf 90' lang='lat' dir='ltr'>vi</span> <span class='ocrx_word' id='word_1_118' title='bbox 978 1083 1167 1132; x_wconf 86' lang='lat' dir='ltr'>compelli,</span> <span class='ocrx_word' id='word_1_119' title='bbox 1192 1092 1235 1119; x_wconf 88' lang='lat' dir='ltr'>ut</span> <span class='ocrx_word' id='word_1_120' title='bbox 1272 1084 1378 1122; x_wconf 82' lang='lat' dir='ltr'>abdi-</span> 
     </span>
     <span class='ocr_line' id='line_1_25' title="bbox 261 1148 1375 1199; baseline -0.001 -13"><span class='ocrx_word' id='word_1_121' title='bbox 261 1155 380 1193; x_wconf 85' lang='lat' dir='ltr'>caret,</span> <span class='ocrx_word' id='word_1_122' title='bbox 400 1150 540 1199; x_wconf 86' lang='lat' dir='ltr'>potuit.</span> <span class='ocrx_word' id='word_1_123' title='bbox 588 1148 632 1184; x_wconf 90' lang='lat' dir='ltr'>P.</span> <span class='ocrx_word' id='word_1_124' title='bbox 657 1148 902 1198; x_wconf 83' lang='lat' dir='ltr'>Sempronius</span> <span class='ocrx_word' id='word_1_125' title='bbox 923 1154 1004 1183; x_wconf 89' lang='lat' dir='ltr'>erat</span> <span class='ocrx_word' id='word_1_126' title='bbox 1029 1148 1204 1184; x_wconf 77' lang='lat' dir='ltr'>tribunus</span> <span class='ocrx_word' id='word_1_127' title='bbox 1230 1149 1375 1199; x_wconf 78' lang='lat' dir='ltr'>plebis3</span> 
     </span>
     <span class='ocr_line' id='line_1_26' title="bbox 258 1211 1378 1263; baseline 0.001 -14"><span class='ocrx_word' id='word_1_128' title='bbox 258 1214 322 1263; x_wconf 86' lang='lat' dir='ltr'>qui</span> <span class='ocrx_word' id='word_1_129' title='bbox 343 1213 516 1249; x_wconf 75' lang='lat' dir='ltr'>finiendae</span> <span class='ocrx_word' id='word_1_130' title='bbox 538 1224 704 1247; x_wconf 84' lang='lat' dir='ltr'>censurae</span> <span class='ocrx_word' id='word_1_131' title='bbox 734 1212 834 1246; x_wconf 82' lang='lat' dir='ltr'>intra</span> <span class='ocrx_word' id='word_1_132' title='bbox 853 1211 1068 1260; x_wconf 81' lang='lat' dir='ltr'>legitimum</span> <span class='ocrx_word' id='word_1_133' title='bbox 1086 1218 1236 1262; x_wconf 89' lang='lat' dir='ltr'>tempus</span> <span class='ocrx_word' id='word_1_134' title='bbox 1257 1214 1378 1250; x_wconf 89' lang='lat' dir='ltr'>actio-</span> 
     </span>
     <span class='ocr_line' id='line_1_27' title="bbox 256 1276 1377 1328; baseline 0 -13"><span class='ocrx_word' id='word_1_135' title='bbox 256 1293 346 1315; x_wconf 80' lang='lat' dir='ltr'>nem</span> <span class='ocrx_word' id='word_1_136' title='bbox 376 1282 606 1327; x_wconf 77' lang='lat' dir='ltr'>susceperat,</span> <span class='ocrx_word' id='word_1_137' title='bbox 639 1289 718 1312; x_wconf 92' lang='lat' dir='ltr'>non</span> <span class='ocrx_word' id='word_1_138' title='bbox 744 1276 967 1326; x_wconf 81' lang='lat' dir='ltr'>popularem</span> <span class='ocrx_word' id='word_1_139' title='bbox 994 1276 1128 1325; x_wconf 83' lang='lat' dir='ltr'>magiS,</span> <span class='ocrx_word' id='word_1_140' title='bbox 1157 1290 1269 1326; x_wconf 87' lang='lat' dir='ltr'>quam</span> <span class='ocrx_word' id='word_1_141' title='bbox 1292 1277 1377 1328; x_wconf 88' lang='lat' dir='ltr'>jus-</span> 
     </span>
     <span class='ocr_line' id='line_1_28' title="bbox 258 1341 1378 1391; baseline 0 -11"><span class='ocrx_word' id='word_1_142' title='bbox 258 1352 361 1389; x_wconf 79' lang='lat' dir='ltr'>tam3</span> <span class='ocrx_word' id='word_1_143' title='bbox 394 1356 463 1379; x_wconf 79' lang='lat' dir='ltr'>nec</span> <span class='ocrx_word' id='word_1_144' title='bbox 480 1343 518 1377; x_wconf 86' lang='lat' dir='ltr'>in</span> <span class='ocrx_word' id='word_1_145' title='bbox 535 1341 683 1389; x_wconf 78' lang='lat' dir='ltr'>vulguS,</span> <span class='ocrx_word' id='word_1_146' title='bbox 701 1354 814 1390; x_wconf 85' lang='lat' dir='ltr'>quam</span> <span class='ocrx_word' id='word_1_147' title='bbox 830 1342 975 1391; x_wconf 86' lang='lat' dir='ltr'>optimo</span> <span class='ocrx_word' id='word_1_148' title='bbox 993 1342 1142 1390; x_wconf 89' lang='lat' dir='ltr'>cuique,</span> <span class='ocrx_word' id='word_1_149' title='bbox 1159 1343 1378 1390; x_wconf 77' lang='lat' dir='ltr'>gratiorem.</span> 
     </span>
     <span class='ocr_line' id='line_1_29' title="bbox 261 1405 1378 1456; baseline 0 -12"><span class='ocrx_word' id='word_1_150' title='bbox 261 1409 312 1451; x_wconf 85' lang='lat' dir='ltr'>Is,</span> <span class='ocrx_word' id='word_1_151' title='bbox 334 1420 450 1456; x_wconf 83' lang='lat' dir='ltr'>quum</span> <span class='ocrx_word' id='word_1_152' title='bbox 472 1405 686 1442; x_wconf 84' lang='lat' dir='ltr'>idemtidem</span> <span class='ocrx_word' id='word_1_153' title='bbox 707 1405 827 1454; x_wconf 80' lang='lat' dir='ltr'>legem</span> <span class='ocrx_word' id='word_1_154' title='bbox 850 1405 1046 1441; x_wconf 80' lang='lat' dir='ltr'>AEmiliam</span> <span class='ocrx_word' id='word_1_155' title='bbox 1072 1406 1262 1450; x_wconf 84' lang='lat' dir='ltr'>recitaret,</span> <span class='ocrx_word' id='word_1_156' title='bbox 1289 1420 1378 1444; x_wconf 87' lang='lat' dir='ltr'>auc-</span> 
     </span>
     <span class='ocr_line' id='line_1_30' title="bbox 258 1469 1377 1521; baseline -0.001 -12"><span class='ocrx_word' id='word_1_157' title='bbox 258 1480 456 1521; x_wconf 80' lang='lat' dir='ltr'>toremque</span> <span class='ocrx_word' id='word_1_158' title='bbox 476 1471 556 1521; x_wconf 78' lang='lat' dir='ltr'>ejus</span> <span class='ocrx_word' id='word_1_159' title='bbox 582 1470 702 1506; x_wconf 82' lang='lat' dir='ltr'>Mam.</span> <span class='ocrx_word' id='word_1_160' title='bbox 723 1470 923 1506; x_wconf 35' lang='lat' dir='ltr'>*Emilium</span> <span class='ocrx_word' id='word_1_161' title='bbox 950 1469 1178 1506; x_wconf 87' lang='lat' dir='ltr'>dictatorem</span> <span class='ocrx_word' id='word_1_162' title='bbox 1203 1470 1377 1508; x_wconf 89' lang='lat' dir='ltr'>laudibus</span> 
     </span>
     <span class='ocr_line' id='line_1_31' title="bbox 256 1535 1377 1586; baseline -0.002 -12"><span class='ocrx_word' id='word_1_163' title='bbox 256 1538 395 1582; x_wconf 79' lang='lat' dir='ltr'>ferret3</span> <span class='ocrx_word' id='word_1_164' title='bbox 429 1537 493 1586; x_wconf 87' lang='lat' dir='ltr'>qui</span> <span class='ocrx_word' id='word_1_165' title='bbox 517 1535 836 1585; x_wconf 84' lang='lat' dir='ltr'>quinquennalem</span> <span class='ocrx_word' id='word_1_166' title='bbox 867 1542 954 1571; x_wconf 81' lang='lat' dir='ltr'>ante</span> <span class='ocrx_word' id='word_1_167' title='bbox 984 1547 1195 1579; x_wconf 79' lang='lat' dir='ltr'>censuram,</span> <span class='ocrx_word' id='word_1_168' title='bbox 1227 1542 1264 1572; x_wconf 92' lang='lat' dir='ltr'>et</span> <span class='ocrx_word' id='word_1_169' title='bbox 1293 1535 1377 1572; x_wconf 88' lang='lat' dir='ltr'>lon-</span> 
     </span>
     <span class='ocr_line' id='line_1_32' title="bbox 258 1601 1378 1651; baseline -0.001 -13"><span class='ocrx_word' id='word_1_170' title='bbox 258 1603 470 1651; x_wconf 83' lang='lat' dir='ltr'>ginquitate</span> <span class='ocrx_word' id='word_1_171' title='bbox 498 1608 728 1651; x_wconf 85' lang='lat' dir='ltr'>potestatem</span> <span class='ocrx_word' id='word_1_172' title='bbox 748 1601 1020 1641; x_wconf 86' lang='lat' dir='ltr'>dominantem,</span> <span class='ocrx_word' id='word_1_173' title='bbox 1048 1601 1148 1636; x_wconf 88' lang='lat' dir='ltr'>intra</span> <span class='ocrx_word' id='word_1_174' title='bbox 1177 1613 1242 1637; x_wconf 86' lang='lat' dir='ltr'>sex</span> <span class='ocrx_word' id='word_1_175' title='bbox 1270 1614 1378 1638; x_wconf 87' lang='lat' dir='ltr'>men-</span> 
     </span>
     <span class='ocr_line' id='line_1_33' title="bbox 260 1665 1377 1714; baseline -0.001 -11"><span class='ocrx_word' id='word_1_176' title='bbox 260 1669 356 1703; x_wconf 71' lang='lat' dir='ltr'>sium</span> <span class='ocrx_word' id='word_1_177' title='bbox 387 1674 425 1702; x_wconf 87' lang='lat' dir='ltr'>et</span> <span class='ocrx_word' id='word_1_178' title='bbox 450 1666 540 1702; x_wconf 81' lang='lat' dir='ltr'>anni</span> <span class='ocrx_word' id='word_1_179' title='bbox 570 1667 758 1714; x_wconf 63' lang='lat' dir='ltr'>coegisset</span> <span class='ocrx_word' id='word_1_180' title='bbox 786 1666 972 1714; x_wconf 84' lang='lat' dir='ltr'>spatium:</span> <span class='ocrx_word' id='word_1_181' title='bbox 1005 1665 1096 1707; x_wconf 75' lang='lat' dir='ltr'>Dic,</span> <span class='ocrx_word' id='word_1_182' title='bbox 1124 1667 1290 1713; x_wconf 74' lang='lat' dir='ltr'>agedmn,</span> <span class='ocrx_word' id='word_1_183' title='bbox 1318 1667 1377 1702; x_wconf 87' lang='lat' dir='ltr'>in-</span> 
     </span>
     <span class='ocr_line' id='line_1_34' title="bbox 260 1728 1379 1781; baseline 0 -14"><span class='ocrx_word' id='word_1_184' title='bbox 260 1732 356 1781; x_wconf 83' lang='lat' dir='ltr'>quit,</span> <span class='ocrx_word' id='word_1_185' title='bbox 378 1732 448 1779; x_wconf 79' lang='lat' dir='ltr'>Ap.</span> <span class='ocrx_word' id='word_1_186' title='bbox 478 1730 622 1772; x_wconf 62' lang='lat' dir='ltr'>Claudi,</span> <span class='ocrx_word' id='word_1_187' title='bbox 650 1731 820 1777; x_wconf 78' lang='lat' dir='ltr'>quidnam</span> <span class='ocrx_word' id='word_1_188' title='bbox 834 1728 1009 1777; x_wconf 75' lang='lat' dir='ltr'>facturus</span> <span class='ocrx_word' id='word_1_189' title='bbox 1022 1728 1158 1776; x_wconf 78' lang='lat' dir='ltr'>fueris,</span> <span class='ocrx_word' id='word_1_190' title='bbox 1176 1731 1206 1765; x_wconf 79' lang='lat' dir='ltr'>si</span> <span class='ocrx_word' id='word_1_191' title='bbox 1231 1742 1271 1766; x_wconf 89' lang='lat' dir='ltr'>eo</span> <span class='ocrx_word' id='word_1_192' title='bbox 1291 1735 1379 1767; x_wconf 75' lang='lat' dir='ltr'>tem-</span> 
     </span>
     <span class='ocr_line' id='line_1_35' title="bbox 257 1793 1379 1845; baseline 0 -14"><span class='ocrx_word' id='word_1_193' title='bbox 257 1808 359 1845; x_wconf 71' lang='lat' dir='ltr'>pore,</span> <span class='ocrx_word' id='word_1_194' title='bbox 380 1807 449 1843; x_wconf 77' lang='lat' dir='ltr'>quo</span> <span class='ocrx_word' id='word_1_195' title='bbox 480 1794 519 1830; x_wconf 88' lang='lat' dir='ltr'>C.</span> <span class='ocrx_word' id='word_1_196' title='bbox 540 1794 666 1829; x_wconf 75' lang='lat' dir='ltr'>Furius</span> <span class='ocrx_word' id='word_1_197' title='bbox 693 1798 728 1829; x_wconf 74' lang='lat' dir='ltr'>et</span> <span class='ocrx_word' id='word_1_198' title='bbox 746 1794 801 1829; x_wconf 81' lang='lat' dir='ltr'>M.</span> <span class='ocrx_word' id='word_1_199' title='bbox 828 1794 1008 1841; x_wconf 77' lang='lat' dir='ltr'>Geganius</span> <span class='ocrx_word' id='word_1_200' title='bbox 1037 1805 1191 1829; x_wconf 80' lang='lat' dir='ltr'>censores</span> <span class='ocrx_word' id='word_1_201' title='bbox 1207 1793 1379 1842; x_wconf 76' lang='lat' dir='ltr'>ficerunt,</span> 
     </span>
     <span class='ocr_line' id='line_1_36' title="bbox 262 1858 1380 1908; baseline 0 -12"><span class='ocrx_word' id='word_1_202' title='bbox 262 1873 383 1897; x_wconf 76' lang='lat' dir='ltr'>censor</span> <span class='ocrx_word' id='word_1_203' title='bbox 401 1859 549 1908; x_wconf 71' lang='lat' dir='ltr'>fuisses.</span> <span class='ocrx_word' id='word_1_204' title='bbox 585 1858 740 1906; x_wconf 86' lang='lat' dir='ltr'>Negare</span> <span class='ocrx_word' id='word_1_205' title='bbox 769 1858 932 1907; x_wconf 83' lang='lat' dir='ltr'>Appius,</span> <span class='ocrx_word' id='word_1_206' title='bbox 966 1861 1283 1906; x_wconf 80' lang='lat' dir='ltr'>interrogationem</span> <span class='ocrx_word' id='word_1_207' title='bbox 1314 1862 1380 1896; x_wconf 83' lang='lat' dir='ltr'>tri-</span> 
     </span>
     <span class='ocr_line' id='line_1_37' title="bbox 261 1924 1379 1971; baseline 0 -10"><span class='ocrx_word' id='word_1_208' title='bbox 261 1927 346 1961; x_wconf 76' lang='lat' dir='ltr'>buni</span> <span class='ocrx_word' id='word_1_209' title='bbox 376 1936 504 1971; x_wconf 77' lang='lat' dir='ltr'>magno</span> <span class='ocrx_word' id='word_1_210' title='bbox 533 1935 638 1971; x_wconf 82' lang='lat' dir='ltr'>opere</span> <span class='ocrx_word' id='word_1_211' title='bbox 661 1924 711 1958; x_wconf 80' lang='lat' dir='ltr'>acl</span> <span class='ocrx_word' id='word_1_212' title='bbox 735 1934 893 1958; x_wconf 77' lang='lat' dir='ltr'>caussam</span> <span class='ocrx_word' id='word_1_213' title='bbox 919 1924 1099 1970; x_wconf 69' lang='lat' dir='ltr'>pertinere</span> <span class='ocrx_word' id='word_1_214' title='bbox 1125 1936 1251 1960; x_wconf 81' lang='lat' dir='ltr'>suam:</span> <span class='ocrx_word' id='word_1_215' title='bbox 1281 1937 1379 1968; x_wconf 82' lang='lat' dir='ltr'>nam,</span> 
     </span>
     <span class='ocr_line' id='line_1_38' title="bbox 261 1987 1380 2034; baseline 0 -9"><span class='ocrx_word' id='word_1_216' title='bbox 261 1991 326 2026; x_wconf 77' lang='lat' dir='ltr'>etsi</span> <span class='ocrx_word' id='word_1_217' title='bbox 356 1990 507 2024; x_wconf 74' lang='lat' dir='ltr'>tenuerit</span> <span class='ocrx_word' id='word_1_218' title='bbox 536 1988 591 2022; x_wconf 71' lang='lat' dir='ltr'>lex</span> <span class='ocrx_word' id='word_1_219' title='bbox 609 1987 767 2022; x_wconf 73' lang='lat' dir='ltr'>AEmz&#39;lirt</span> <span class='ocrx_word' id='word_1_220' title='bbox 795 1998 852 2022; x_wconf 85' lang='lat' dir='ltr'>eos</span> <span class='ocrx_word' id='word_1_221' title='bbox 881 1998 1048 2028; x_wconf 71' lang='lat' dir='ltr'>censores,</span> <span class='ocrx_word' id='word_1_222' title='bbox 1069 1999 1217 2034; x_wconf 76' lang='lat' dir='ltr'>quorum</span> <span class='ocrx_word' id='word_1_223' title='bbox 1246 1989 1283 2024; x_wconf 80' lang='lat' dir='ltr'>in</span> <span class='ocrx_word' id='word_1_224' title='bbox 1304 2001 1380 2025; x_wconf 85' lang='lat' dir='ltr'>ma-</span> 
     </span>
     <span class='ocr_line' id='line_1_39' title="bbox 259 2052 1381 2100; baseline 0.001 -10"><span class='ocrx_word' id='word_1_225' title='bbox 259 2057 417 2100; x_wconf 71' lang='lat' dir='ltr'>gistratu</span> <span class='ocrx_word' id='word_1_226' title='bbox 439 2054 516 2088; x_wconf 77' lang='lat' dir='ltr'>lata</span> <span class='ocrx_word' id='word_1_227' title='bbox 542 2056 640 2095; x_wconf 80' lang='lat' dir='ltr'>esset,</span> <span class='ocrx_word' id='word_1_228' title='bbox 661 2053 745 2099; x_wconf 72' lang='lat' dir='ltr'>qnia</span> <span class='ocrx_word' id='word_1_229' title='bbox 759 2056 841 2099; x_wconf 80' lang='lat' dir='ltr'>post</span> <span class='ocrx_word' id='word_1_230' title='bbox 861 2052 941 2087; x_wconf 81' lang='lat' dir='ltr'>illos</span> <span class='ocrx_word' id='word_1_231' title='bbox 967 2063 1124 2087; x_wconf 79' lang='lat' dir='ltr'>censores</span> <span class='ocrx_word' id='word_1_232' title='bbox 1143 2058 1277 2089; x_wconf 77' lang='lat' dir='ltr'>creatos</span> <span class='ocrx_word' id='word_1_233' title='bbox 1301 2066 1381 2091; x_wconf 81' lang='lat' dir='ltr'>eam</span> 
     </span>
     <span class='ocr_line' id='line_1_40' title="bbox 264 2115 1379 2167; baseline 0 -13"><span class='ocrx_word' id='word_1_234' title='bbox 264 2120 376 2167; x_wconf 81' lang='lat' dir='ltr'>Iegem</span> <span class='ocrx_word' id='word_1_235' title='bbox 400 2117 558 2166; x_wconf 77' lang='lat' dir='ltr'>populus</span> <span class='ocrx_word' id='word_1_236' title='bbox 576 2115 751 2161; x_wconf 70' lang='lat' dir='ltr'>jussisset,</span> <span class='ocrx_word' id='word_1_237' title='bbox 779 2116 941 2163; x_wconf 78' lang='lat' dir='ltr'>quodque</span> <span class='ocrx_word' id='word_1_238' title='bbox 964 2120 1183 2163; x_wconf 80' lang='lat' dir='ltr'>postremum</span> <span class='ocrx_word' id='word_1_239' title='bbox 1203 2116 1379 2162; x_wconf 75' lang='lat' dir='ltr'>jussisset,</span> 
     </span>
     <span class='ocr_line' id='line_1_41' title="bbox 261 2182 1382 2230; baseline -0.002 -10"><span class='ocrx_word' id='word_1_240' title='bbox 261 2185 300 2220; x_wconf 80' lang='lat' dir='ltr'>id</span> <span class='ocrx_word' id='word_1_241' title='bbox 315 2182 378 2230; x_wconf 80' lang='lat' dir='ltr'>jus</span> <span class='ocrx_word' id='word_1_242' title='bbox 396 2187 584 2229; x_wconf 78' lang='lat' dir='ltr'>ratumque</span> <span class='ocrx_word' id='word_1_243' title='bbox 608 2186 718 2224; x_wconf 73' lang='lat' dir='ltr'>esset5</span> <span class='ocrx_word' id='word_1_244' title='bbox 747 2193 817 2215; x_wconf 76' lang='lat' dir='ltr'>mm</span> <span class='ocrx_word' id='word_1_245' title='bbox 848 2185 966 2216; x_wconf 79' lang='lat' dir='ltr'>tamen</span> <span class='ocrx_word' id='word_1_246' title='bbox 995 2185 1059 2216; x_wconf 77' lang='lat' dir='ltr'>aut</span> <span class='ocrx_word' id='word_1_247' title='bbox 1087 2193 1135 2223; x_wconf 83' lang='lat' dir='ltr'>se,</span> <span class='ocrx_word' id='word_1_248' title='bbox 1166 2186 1230 2217; x_wconf 77' lang='lat' dir='ltr'>aut</span> <span class='ocrx_word' id='word_1_249' title='bbox 1258 2193 1382 2218; x_wconf 80' lang='lat' dir='ltr'>eorum</span> 
     </span>
     <span class='ocr_line' id='line_1_42' title="bbox 262 2246 1383 2296; baseline 0 -13"><span class='ocrx_word' id='word_1_250' title='bbox 262 2259 489 2296; x_wconf 66' lang='lat' dir='ltr'>cpzemquam,</span> <span class='ocrx_word' id='word_1_251' title='bbox 510 2248 569 2295; x_wconf 79' lang='lat' dir='ltr'>qui</span> <span class='ocrx_word' id='word_1_252' title='bbox 594 2250 676 2294; x_wconf 80' lang='lat' dir='ltr'>post</span> <span class='ocrx_word' id='word_1_253' title='bbox 704 2257 781 2281; x_wconf 78' lang='lat' dir='ltr'>eam</span> <span class='ocrx_word' id='word_1_254' title='bbox 811 2246 921 2293; x_wconf 81' lang='lat' dir='ltr'>legem</span> <span class='ocrx_word' id='word_1_255' title='bbox 952 2246 1063 2282; x_wconf 75' lang='lat' dir='ltr'>latam</span> <span class='ocrx_word' id='word_1_256' title='bbox 1095 2248 1207 2283; x_wconf 74' lang='lat' dir='ltr'>creati</span> <span class='ocrx_word' id='word_1_257' title='bbox 1225 2258 1383 2284; x_wconf 80' lang='lat' dir='ltr'>censores</span> 
     </span>
     <span class='ocr_line' id='line_1_43' title="bbox 257 2311 857 2359; baseline -0.007 -11"><span class='ocrx_word' id='word_1_258' title='bbox 257 2317 388 2355; x_wconf 58' lang='lat' dir='ltr'>essent,</span> <span class='ocrx_word' id='word_1_259' title='bbox 410 2312 521 2347; x_wconf 75' lang='lat' dir='ltr'>teneri</span> <span class='ocrx_word' id='word_1_260' title='bbox 538 2322 581 2346; x_wconf 85' lang='lat' dir='ltr'>ea</span> <span class='ocrx_word' id='word_1_261' title='bbox 600 2311 676 2358; x_wconf 80' lang='lat' dir='ltr'>lege</span> <span class='ocrx_word' id='word_1_262' title='bbox 690 2311 857 2359; x_wconf 75' lang='lat' dir='ltr'>potuisse.</span> 
     </span>
    </p>
   </div>
  </div>
 </body>
</html>
