1527 2661
318 194 473 223 LIBER
498 194 546 220 X·
579 191 685 220 CAP.
711 192 890 220 XXXIV.
1080 192 1155 222 121

49 283 136 319 dam
155 282 280 319 aliam.
323 282 416 319 Inde
430 281 676 318 Ferentinum
693 281 815 317 ductae
834 281 1002 330 legiones
1019 295 1026 315 ε
1060 280 1159 317 unde
1173 286 1216 316 U.
1229 286 1264 316 C.
1279 293 1351 316 45⁸.

49 347 229 397 oppidani
250 359 335 384 cum
358 346 533 383 omnibus
554 345 664 382 rebus
692 346 783 389 suis,
803 358 886 394 quae
905 344 995 381 ferri
1022 345 1159 394 agique
1171 330 1211 360 A·
1225 329 1262 361 C·
1279 335 1350 361 ²⁹⁴

48 418 270 462 potuerunt,
300 418 414 448 nocte
442 424 509 461 per
538 423 706 446 aversam
734 415 884 459 portam
913 408 1065 446 silentio
1094 422 1157 445 ex-

49 483 254 512 cesserunt.
311 475 448 524 Igitur,
470 473 582 510 simul
608 474 760 510 advenit
787 472 932 516 consul,
954 473 1076 523 primo
1105 474 1160 509 ita

49 540 283 589 compositus
312 540 595 587 instructusque
624 536 813 574 moenibus
843 538 1037 581 successit,
1061 543 1158 573 tam-

48 615 163 651 quam
192 604 305 647 idem,
326 604 429 654 quod
457 603 502 640 ad
531 602 750 639 Milioniam
774 602 912 646 fuerat,
942 602 1159 639 certaminis

47 665 171 702 foret:
204 667 352 711 deinde,
373 673 416 703 ut
441 666 633 703 silentium
651 673 800 702 vastum
824 667 864 702 in
885 666 989 709 urbe,
1010 679 1080 703 nec
1099 680 1160 703 ar-

47 742 123 774 ma,
144 743 213 767 nec
232 732 332 768 viros
355 732 395 767 in
414 731 579 767 turribus
600 744 644 767 ac
662 731 779 767 muris
804 731 912 774 vidit,
933 731 1082 768 avidum
1101 732 1159 767 in-

47 794 206 831 vadendi
222 794 371 831 deserta
385 794 528 831 moenia
543 794 703 831 militem
719 794 877 837 detinet,
898 807 946 830 ne
963 807 1076 843 quam
1095 807 1160 831 oc-

47 856 189 894 cultam
206 858 246 894 in
261 858 433 895 fraudem
452 859 626 895 incautus
646 863 784 894 rueret.
814 857 921 893 Duas
937 863 1080 894 turmas
1098 870 1161 895 so-

48 922 193 959 ciorum
211 922 343 960 Latini
361 923 526 960 nominis
543 923 856 972 circumequitare
873 923 1030 966 moenia,
1047 928 1162 972 atque

50 986 248 1037 explorare
267 988 396 1025 omnia
414 986 551 1038 jubet:
585 987 730 1036 equites
754 992 905 1037 portam
932 999 1048 1023 unam
1067 986 1162 1023 alte-

0 1056 1 1061 ’
50 1064 205 1102 ramque
224 1053 355 1090 eadem
384 1053 541 1102 regione
569 1052 609 1088 in
632 1051 848 1102 propinquo
876 1056 1050 1102 patentes
1071 1063 1164 1088 con-

50 1117 230 1168 spiciunt,
243 1117 517 1167 itineribusque
536 1117 581 1153 iis
597 1117 759 1166 vestigia
778 1123 976 1154 nocturnae
995 1116 1164 1153 hostium

49 1181 163 1230 fugae.
208 1182 444 1232 Adequitant
463 1182 598 1219 deinde
625 1182 766 1218 sensim
793 1182 928 1232 portis,
957 1181 1166 1231 urbemque

51 1258 98 1282 ex
127 1251 212 1282 tuto
240 1246 352 1282 rectis
382 1245 581 1282 itineribus
615 1246 784 1296 perviam
821 1246 1085 1296 conspiciunt:
1119 1245 1167 1282 ad

53 1309 247 1347 consulem
266 1310 448 1353 referunt,
469 1322 664 1348 excessum
688 1309 781 1347 urbe
793 1325 805 1356 3
837 1309 1042 1346 solitudine
1064 1310 1166 1346 haud

0 1361 1 1399 }
51 1374 167 1411 dubia
194 1375 231 1411 id
258 1376 498 1426 perspicuum
534 1387 629 1418 esse,
669 1380 707 1410 et
743 1374 958 1411 recentibus
995 1374 1166 1423 vestigiis

47 1439 164 1488 fugae,
185 1452 228 1476 ac
247 1446 374 1489 strage
392 1452 516 1476 rerum
542 1440 582 1476 in
600 1439 854 1490 trepidatione
873 1445 1062 1476 nocturna
1080 1452 1167 1490 pas-

3 1545 5 1552 ⁴
50 1506 121 1541 sim
139 1505 366 1542 relictarum.
423 1505 496 1542 His
517 1505 669 1548 auditis,
691 1502 824 1540 consul
850 1503 897 1539 ad
917 1515 998 1539 eam
1018 1509 1165 1554 partem

6 1615 7 1626 η
50 1568 168 1612 urbis,
199 1583 273 1619 qua
309 1570 481 1607 adierant
518 1570 678 1619 equites,
718 1568 965 1605 circumducit
1001 1580 1160 1617 agmen:

6 1631 7 1638 ¹
50 1635 343 1683 constitutisque
379 1634 482 1670 haud
513 1633 648 1684 procul
684 1639 796 1682 porta
831 1633 964 1682 signis,
998 1633 1165 1682 quinque

6 1691 7 1695 ¹
50 1698 195 1747 equites
214 1697 327 1748 jubet
355 1700 498 1734 intrare
525 1698 672 1740 urbem,
695 1703 746 1740 et,
777 1697 968 1734 modicum
997 1698 1163 1748 spatium

48 1773 285 1812 progreSSOS,
314 1769 390 1798 tres
419 1774 573 1798 manere
604 1761 736 1797 eodem
766 1760 866 1804 loco,
888 1761 918 1796 si
949 1767 1032 1797 tuta
1060 1762 1162 1798 vide-

50 1833 186 1872 antu1·;
219 1828 312 1864 duos
329 1828 527 1878 explorata
545 1827 592 1863 ad
608 1839 647 1862 se
665 1826 816 1863 referre.
861 1825 939 1865 Qui
958 1825 1023 1862 ubi
1041 1825 1162 1862 redie-

50 1898 153 1935 runt,
180 1891 478 1941 retuleruntque,
499 1904 544 1928 eo
571 1904 610 1927 se
639 1903 873 1941 progressos,
893 1890 993 1926 unde
1018 1891 1059 1927 in
1078 1903 1160 1927 om-

50 1968 116 1993 nes
136 1963 259 2006 partes
286 1958 578 2007 circumspectus
602 1962 714 1999 esset,
734 1955 848 2004 longe
876 1955 1026 2005 lateque
1046 1956 1160 1993 silen-

46 2022 144 2057 tium
173 2033 215 2057 ac
249 2021 491 2058 solitudinem
518 2020 678 2066 vidisse,
712 2020 902 2070 extemplo
932 2021 1063 2057 consul
1093 2035 1157 2059 co-

46 2085 176 2121 hortes
196 2086 388 2136 expeditas
416 2088 454 2122 in
481 2086 611 2122 urbem
637 2086 808 2131 induxit3
841 2092 985 2123 ceteros
1006 2087 1157 2124 interim

5 1998 7 2030 Ι

5 2031 11 2136 l

6 2137 12 2171 i
48 2156 171 2187 castra
199 2152 433 2187 communire
454 2150 593 2201 jussit:
625 2151 785 2200 ingressi
803 2150 956 2194 milites,
985 2151 1157 2188 refractis

12 2203 13 2213 ¹
49 2213 211 2257 Fetibus,
241 2227 382 2266 paucos
403 2228 534 2264 graves
565 2221 676 2251 aetate
705 2222 771 2251 aut
799 2215 982 2251 invalidos
1012 2216 1159 2252 inveni-

53 2284 137 2321 unt,
158 2279 379 2330 relictaque,
400 2294 483 2330 quae
503 2281 669 2329 migratu
689 2280 855 2317 difficilia
874 2286 1010 2317 essent.
1029 2280 1089 2317 Ea
1102 2280 1159 2317 di·-

51 2348 181 2392 repta3
205 2349 242 2379 et
257 2345 453 2393 cognitum
469 2358 514 2383 ex
530 2346 688 2396 captivis
704 2351 775 2389 est,
792 2345 984 2382 communi
999 2344 1159 2382 consilio

101 2405 202 2444 Vm..
233 2407 286 2445 11.
588 2409 624 2445 G
