1507 2630
223 170 274 200 10
657 171 702 200 T.
725 171 859 202 L1V11

25 260 68 292 U.
82 260 118 293 C.
133 267 208 293 433.
220 260 331 296 minis
346 259 599 297 miserabilem
614 260 727 305 viam,
745 274 811 312 per
830 261 1023 298 sociorum
1039 259 1150 297 urbes
1170 258 1333 297 reditum

26 304 68 335 A·
82 305 207 338 0‘319‘
219 326 259 361 in
285 325 448 374 patriam
468 338 512 361 ac
540 332 730 375 parentes,
762 339 838 375 quo
867 338 966 377 saepe
994 326 1066 376 ipsi
1095 324 1335 375 majoresque

220 401 351 425 eorum
380 389 658 439 triumphantes
682 391 886 426 venissent.
938 390 985 426 Se
1015 388 1116 425 solos
1147 389 1229 424 sine
1253 386 1336 423 vul-

218 466 323 496 nere,
345 454 426 490 sine
445 453 562 497 ferro,
583 454 665 490 sine
685 455 765 490 acie
784 455 905 490 victos
922 470 928 490 :
962 453 1033 489 sibi
1054 466 1133 489 non
1152 453 1339 500 stringere

218 516 370 554 licuisse
399 518 559 567 gladios,
589 531 667 554 non
697 531 851 554 manum
882 531 968 554 cum
996 519 1108 553 hoste
1137 516 1333 552 conferre:

51 605 55 607 >
178 631 181 635 ᾗ
219 581 291 617 sibi
318 582 573 631 nequidquam
604 594 721 624 arma,
752 582 1006 630 nequidquam
1034 581 1147 623 vires,
1176 578 1337 628 nequid-

25 639 165 688 Subju7
219 659 330 695 quam
361 647 507 682 animos
537 646 659 683 datos.
702 645 798 682 Haec
817 645 1066 682 frementibus
1096 645 1192 681 hora
1210 641 1338 679 fataJis

21 687 441 759 tgsxffussnfigjgnominiae
469 711 634 754 advenit,
655 711 783 746 omnia
812 711 984 746 tristiora
1003 708 1237 760 experiundo
1256 706 1338 743 fac-

22 770 124 801 mani.
218 781 317 817 tura,
339 788 451 824 quam
471 788 555 824 quae
583 781 843 826 praeceperant
871 775 1019 811 animis.
1059 774 1146 810 Jam
1172 773 1337 822 primum

218 852 303 876 cum
323 839 483 889 singulis
503 840 737 877 vestimentis
758 840 920 875 inermes
942 846 1049 875 extra
1068 837 1208 875 vallum
1235 836 1338 873 exire

209 902 324 954 jussi,
347 909 385 940 et
414 905 526 955 primi
555 905 685 941 traditi
715 905 881 948 obsides,
913 912 1025 953 atque
1055 904 1094 939 in
1125 901 1338 939 custodiam

217 967 385 1005 abducti.
428 969 529 1005 Tum
550 983 572 1007 a
592 969 811 1006 consulibus
836 969 940 1006 abire
965 969 1120 1004 lictores
1136 966 1249 1017 jussi,
1270 978 1338 1015 pa-

216 1031 511 1083 ludamentaque
548 1035 741 1079 detracta5
783 1040 931 1070 tantam
968 1034 1067 1068 inter
1101 1033 1218 1081 ipsos,
1257 1030 1337 1079 qui,

215 1096 346 1146 paullo
367 1105 455 1134 ante
477 1111 540 1135 eos
563 1105 816 1142 exsecrantes,
831 1097 1021 1134 dedendos
1041 1096 1338 1142 lacerandosque

215 1172 457 1205 censuerant,
507 1163 791 1198 miserationem
827 1162 933 1203 fecit,
972 1167 1028 1202 ut,
1067 1173 1143 1195 suae
1181 1159 1341 1207 quisque

217 1224 449 1259 conditionis
470 1225 628 1267 oblitus,
650 1226 697 1260 ab
726 1225 791 1260 ina
811 1224 1089 1260 deformatione
1113 1229 1231 1258 tantae
1257 1234 1338 1258 ma-

211 1287 380 1337 jestatis,
418 1287 522 1323 velut
566 1288 614 1325 ab
658 1288 827 1324 nefando
871 1287 1103 1336 spectaculo,
1153 1292 1340 1322 averteret

217 1350 361 1388 oculos.

271 1414 340 1451 VI.
371 1415 490 1451 Primi
525 1415 699 1452 consules
737 1428 856 1466 prope
890 1415 1074 1452 seminudi
1105 1415 1174 1451 sub
1201 1414 1341 1465 jugum

216 1480 321 1516 missi
338 1495 344 1515 :
377 1486 473 1524 tum,
494 1487 535 1516 ut
556 1481 714 1529 quisque
734 1481 853 1530 gradu
879 1481 1073 1530 proximus
1094 1486 1187 1523 erat,
1209 1480 1264 1516 ita
1282 1480 1342 1528 ig-

219 1545 399 1580 nominiae
426 1543 622 1593 objectus:
655 1551 736 1580 tum
764 1545 939 1594 deinceps
972 1544 1130 1592 singulae
1155 1543 1340 1593 legiones.

222 1609 532 1645 Circumstabant
553 1610 689 1645 armati
714 1610 859 1652 hoztes,
881 1609 1157 1659 exprobrantes
1185 1609 1340 1646 eluden-

220 1680 376 1722 tesque:
410 1672 527 1722 gladii
553 1674 668 1709 etiam
697 1674 885 1724 plerisque
915 1674 1118 1710 intentati:
1151 1681 1190 1710 et
1208 1673 1340 1710 vulne-

222 1738 294 1773 rati
315 1738 466 1786 quidam
496 1739 710 1786 necatique,
739 1739 769 1774 si
798 1738 924 1774 vultus
955 1751 1085 1774 eorum
1114 1738 1343 1787 indignitate

222 1815 347 1839 rerum
368 1803 491 1838 acrior
516 1803 700 1839 victorem
722 1803 980 1839 obfendisset:
1012 1804 1067 1838 ita
1086 1803 1250 1838 traducti
1273 1803 1344 1840 sub

216 1867 369 1917 jugum,
409 1874 460 1910 et,
500 1868 600 1915 quod
635 1880 731 1917 pene
762 1868 912 1916 gravius
949 1874 1042 1909 erat,
1076 1880 1144 1917 per
1175 1860 1345 1905 hostium

224 1931 368 1967 oculos.
412 1931 541 1969 Quum
565 1942 584 1965 e
615 1930 714 1966 saltu
740 1932 960 1972 evasissent,
982 1931 1067 1973 etsi,
1089 1930 1189 1966 velut
1216 1931 1264 1967 ab
1285 1933 1342 1971 in-

223 1995 312 2032 feris
330 1995 505 2037 extracti,
523 2001 603 2030 tum
619 1995 780 2045 primun]
800 1995 920 2030 lucem
942 1989 1135 2044 adspicere
1155 1995 1223 2031 visi
1240 1991 1342 2039 sunt,

224 2066 352 2095 tamen
374 2060 456 2109 ipsa
474 2059 541 2095 lux
559 2060 611 2094 ita
632 2059 798 2095 deforme
823 2060 1058 2095 intuentibus
1080 2073 1216 2108 agmen
1240 2061 1344 2096 omni

33 2131 179 2178 Capuam
226 2129 353 2159 morte
376 2124 523 2160 tristior
541 2123 625 2160 fuit.
669 2123 818 2172 Itaque,
840 2137 954 2173 quum
981 2131 1068 2160 ante
1094 2131 1248 2160 noctem
1272 2125 1346 2161 Ca-

34 2180 180 2204 *emum’
228 2201 341 2239 puam
362 2189 556 2238 pervenire
577 2196 745 2238 possent,
770 2190 902 2225 incerti
923 2190 968 2225 de
989 2189 1060 2225 fide
1081 2190 1286 2232 sociorum,
1308 2195 1346 2225 et

230 2253 331 2301 quod
365 2253 486 2302 pudor
518 2254 787 2303 praepediebat,
823 2254 922 2289 circa
951 2254 1049 2289 viam
1079 2254 1180 2289 haud
1213 2252 1346 2303 procul

231 2316 363 2367 Capua
382 2317 552 2354 omnium
581 2319 692 2366 egeni
722 2330 883 2368 corpora
911 2318 1017 2355 humi
1046 2323 1345 2368 pro-straverunt.
