1527 2661
293 193 445 222 LIBER
469 190 614 220 xxlv.
647 189 753 218 CAP.
776 190 957 218 XXXIX.
1096 191 1180 234 419

68 291 150 317 tum
180 282 379 332 praefectus
408 288 501 330 toga
530 281 693 330 signum,
718 286 760 316 ut
787 285 1031 324 convenerat,
1052 280 1176 318 dedit:
1195 279 1284 310 U·C·
1303 285 1378 310 538-

70 345 282 395 militesque
310 346 449 381 intenti
475 345 614 381 dudum
644 358 687 381 ac
707 345 843 394 parati,
865 344 929 380 alii
955 356 1115 393 superne
1140 346 1180 381 in
1191 324 1231 354 A'
1249 323 1285 354 θ’
1302 329 1378 354 214.

70 422 238 446 aversam
268 411 492 447 concionem
515 409 680 446 clamore
709 409 860 446 sublato
880 408 1097 452 decurrunt,
1119 409 1184 445 alii

69 473 116 510 ad
135 475 257 511 exitus
273 475 413 511 theatri
434 475 594 511 conferti
615 475 818 512 obsistunt.
849 473 1056 510 Caeduntur
1074 473 1184 510 Hen-

68 551 202 575 nenses
223 553 338 577 cavea
356 540 506 584 inclusi,
528 547 886 589 coacervanturque,
902 551 980 575 non
1002 538 1102 575 caede
1122 551 1184 575 so-

68 601 160 646 lum,
181 604 245 640 sed
266 605 380 641 etiam
395 604 484 654 fuga
498 621 508 650 5
542 617 656 653 quum
672 603 736 640 alii
756 615 868 653 super
882 602 1042 639 aliorum
1059 604 1184 652 capita

68 673 234 711 ruerent,
256 675 368 717 atque
394 669 534 717 integri
553 668 704 711 sauciis,
725 668 800 703 vivi
827 667 985 703 mortuis
1013 666 1183 702 inciden-

67 738 138 774 tes,
160 732 453 770 cumularentur.
502 733 594 769 Inde
613 733 751 783 passim
772 731 1006 773 discurritur,
1024 737 1061 767 et
1082 731 1184 767 urbis

69 802 189 845 captae
210 797 323 832 modo
343 797 508 846 fugaque
537 803 574 833 et
603 797 722 833 caedes
751 796 880 832 omnia
904 801 1031 831 tenet:
1064 795 1185 831 nihilo

67 859 281 896 remissiore
299 860 461 896 militum
481 861 550 903 ira,
572 861 673 909 quod
693 860 842 895 turbam
862 860 1045 895 inermem
1066 859 1184 895 caede-

70 921 178 967 bant,
199 936 311 973 quam
331 926 362 960 si
381 924 588 974 periculum
608 937 676 974 par
696 930 733 959 et
752 923 864 959 ardor
881 923 1096 959 certaminis
1118 936 1182 960 eos

72 987 250 1024 irritaret.
306 987 368 1024 Ita
393 988 550 1031 Henna,
572 995 638 1023 aut
665 986 780 1029 malo,
802 993 867 1022 aut
892 987 1107 1023 necessario
1128 986 1185 1024 fa-

72 1049 201 1085 cinore
220 1056 379 1087 retenta.
421 1049 627 1086 Marcellus
647 1062 717 1085 nec
737 1049 880 1085 factum
900 1048 1131 1098 inprobavit,
1148 1057 1186 1085 et

71 1113 236 1163 praedam
263 1113 526 1150 Hennensium
558 1112 740 1149 militibus
768 1113 970 1155 concessit,
990 1119 1108 1156 ratus,
1137 1114 1187 1149 ti-

71 1190 177 1213 more
207 1178 405 1214 deterritos
438 1184 715 1228 temperaturos
745 1177 1026 1228 proditionibus
1057 1177 1187 1227 praesi-

73 1242 220 1278 diorum
243 1243 401 1279 Siculos.
458 1244 585 1291 Atque
606 1256 649 1278 ea
669 1242 807 1284 clades,
826 1248 866 1278 ut
883 1241 985 1278 urbis
1006 1242 1045 1277 in
1065 1241 1189 1278 media

75 1307 204 1343 Sicilia
229 1309 324 1351 sitae,
360 1308 544 1357 claraeque
574 1308 633 1344 vel
662 1309 711 1345 ob
733 1309 921 1357 insignem
951 1309 1188 1345 munimento

74 1371 237 1408 naturali
257 1372 397 1416 locum,
418 1373 476 1409 vel
497 1373 545 1409 ob
567 1379 715 1409 sacrata
735 1373 863 1408 onmia
882 1373 1049 1421 vestigiis
1070 1378 1187 1422 raptae

74 1437 265 1484 quondam
280 1432 532 1486 Proserpinae,
549 1450 667 1487 prope
685 1450 760 1472 uno
779 1438 837 1472 die
854 1450 1004 1474 omnem
1022 1437 1189 1474 Siciliam

73 1501 247 1550 pervasit.
306 1501 356 1537 Et
377 1502 464 1550 quia
492 1501 591 1537 caede
619 1500 775 1537 infanda
799 1501 993 1544 rebantur,
1013 1514 1091 1537 non
1118 1502 1188 1537 ho-

75 1565 220 1601 minum
245 1572 409 1608 tantum,
431 1566 495 1601 sed
521 1566 634 1602 etiam
659 1565 831 1601 Deorum
863 1565 987 1601 sedem
1007 1565 1189 1601 violatam

75 1641 169 1672 esse,
196 1636 277 1665 tum
305 1643 405 1673 vero,
428 1631 491 1679 qui
518 1631 633 1666 etiam
659 1636 747 1666 ante
773 1629 877 1665 dubii
897 1629 1061 1671 fuerant,
1086 1629 1189 1665 defe-

74 1705 158 1727 cere
177 1693 223 1728 ad
239 1693 391 1730 Poenos.
439 1694 695 1743 Hippocrates
717 1693 803 1729 inde
818 1693 1096 1740 BIurgantiam,
1114 1692 1188 1728 Hi-

76 1756 188 1792 milco
207 1758 460 1805 Agrigentum
490 1771 570 1793 sese
589 1758 753 1807 recepit:
786 1770 901 1805 quum
920 1757 1031 1792 adciti
1059 1770 1081 1792 a
1100 1769 1187 1806 pro-

75 1820 260 1856 ditoribus
280 1821 534 1870 nequidquam
557 1822 603 1858 ad
624 1821 802 1857 Hennam
824 1821 1029 1856 exercitum
1056 1821 1187 1856 admo-

75 1884 228 1920 vissent.
283 1884 487 1921 Marcellus
518 1892 619 1921 retro
650 1886 688 1921 in
715 1885 926 1920 Leontinos
958 1885 1074 1920 redit:
1107 1884 1186 1921 fru-

75 1954 278 1995 mentoque
304 1955 342 1984 et
361 1948 634 1984 commeatibus
654 1948 735 1984 aliis
763 1949 800 1983 in
828 1954 951 1983 castra
978 1949 1183 1992 convectis,

75 2011 249 2060 praesidio
269 2012 419 2047 modico
439 2012 491 2047 ibi
512 2012 658 2054 relicto,
677 2012 722 2047 ad
742 2011 942 2060 Syracusas
961 2011 1185 2047 obsidendas

74 2074 199 2110 venit:
232 2074 319 2110 inde
338 2076 411 2124 Ap.
426 2075 586 2111 Claudio
606 2075 771 2111 Romam
791 2076 835 2110 ad
855 2074 1092 2111 consulatum
1120 2088 1185 2125 pe—

76 2137 231 2173 tendum
258 2139 387 2181 misso,
415 2139 460 2175 T.
474 2139 698 2178 Quinctium
718 2139 934 2188 Crispinum
963 2139 999 2174 in
1023 2138 1103 2187 ejus
1128 2138 1185 2174 lo-

77 2213 162 2237 cum
182 2201 290 2237 classi
311 2203 518 2251 castrisque
540 2203 697 2252 praeficit
716 2203 903 2239 veteribus
921 2218 928 2238 t
962 2203 1041 2252 ipse
1060 2202 1186 2238 hiber-

79 2265 213 2302 nacula
242 2267 406 2316 quinque
435 2266 557 2306 millia
583 2279 762 2316 passuum
792 2267 996 2318 Hexapylo
1020 2266 1186 2313 (Leonta

592 2330 626 2366 T
647 2331 668 2367 6
