1527 2661
351 224 503 251 mnan
528 222 683 251 xxnI.
717 221 824 250 CAP.
848 223 962 250 XLV.
1127 212 1208 266 363

155 311 280 348 XLV.
310 311 492 347 Proelium
519 318 599 347 crat
626 324 788 361 anceps:
821 324 966 347 summa
989 311 1021 346 vi
1043 317 1080 347 et
1099 313 1210 348 duces

99 375 364 417 hortabantur,
382 382 419 411 et
435 375 572 411 milites
589 375 824 425 pugnabant.
881 374 1087 411 Marcellus
1104 377 1211 412 victis

101 444 189 474 ante
204 439 300 474 diem
322 439 490 481 tertium,
508 438 647 487 fugatis
665 446 753 474 ante
773 451 913 488 paucos
931 439 1008 474 dies
1030 452 1051 474 a
1068 439 1211 482 Cumis,

97 501 213 551 pulsis
234 503 359 552 priore
379 515 480 538 anno
501 502 547 538 ab
569 501 674 538 Nola
693 502 739 538 ab
762 502 893 538 eodem
911 514 949 537 se
965 502 1072 545 duce,
1094 502 1213 539 milite

100 564 189 608 alio,
210 566 351 601 instare
364 565 489 615 jubet.
547 567 629 602 Non
649 578 765 601 omnes
780 578 849 601 esse
868 567 904 602 in
921 568 1019 602 acie:
1044 568 1212 614 pra‘a'an-

102 633 152 664 tes
169 631 294 676 vagari
313 630 349 665 z'n
369 641 480 676 agro:
507 630 582 671 sed,
603 631 664 677 qui
682 634 857 677 pugnent,
879 641 1035 665 marcere
1056 630 1210 679 Campa<

97 705 146 728 na
172 694 328 735 luxuria,
349 694 431 728 vino
457 698 492 728 et
515 695 654 736 scortis,
677 694 903 741 omnibusque
930 695 1049 729 lustris
1072 707 1138 742 per
1158 699 1211 731 to-

99 761 174 792 tam
203 757 351 793 hiemem
369 756 556 805 confectos.
599 758 722 795 Abisse
750 759 852 793 illam
874 760 946 793 vim
973 760 1210 807 vigoremque,

97 820 241 867 dilapsa
259 831 329 855 esse
346 820 473 855 robora
494 832 681 868 corporum
700 822 980 869 animorumque,
999 822 1121 869 quibus
1137 823 1210 871 Py-

96 884 205 918 renoez'
223 884 440 930 Alpiumque
457 888 628 931 superata
646 885 718 918 sint
728 882 821 931 juga
834 900 846 920 .·
873 885 1042 931 reliquias
1066 886 1212 922 illorum

97 947 269 989 virorum,
301 948 360 982 via:
393 959 496 982 arma
528 947 752 994 membraque
786 949 1007 990 sustinentes,
1034 961 1211 996 pugnare.

100 1011 261 1059 Capuam
280 1011 479 1048 Hannibali
510 1011 650 1047 Cannas
668 1011 811 1059 fuisse:
842 1012 887 1047 ibi
915 1014 1082 1048 virtutem
1109 1013 1211 1050 belli-

97 1089 189 1118 cam,
221 1077 268 1112 ibi
295 1077 488 1112 militarem
509 1078 748 1125 disciplinam,
769 1078 815 1113 ibi
839 1080 1016 1126 praeteriti
1046 1081 1213 1127 temporis

87 1139 249 1188 famam,
268 1140 315 1174 ibi
342 1152 438 1187 spem
455 1139 584 1188 futuri
611 1142 829 1177 exstinctam.
886 1141 1013 1180 Quum
1033 1142 1113 1177 haec
1144 1155 1209 1178 ex-

96 1203 312 1252 probrando
340 1203 441 1239 hosti
462 1203 667 1240 Marcellus
688 1217 842 1243 suorum
868 1205 1030 1242 militum
1061 1207 1207 1245 animos

95 1268 269 1314 erigeret,
291 1266 488 1303 Hannibal
514 1267 634 1304 multo
655 1268 889 1316 gravioribus
916 1268 1063 1319 probris
1084 1271 1206 1307 incre-

93 1329 209 1380 pabat
224 1344 231 1365 :
263 1333 377 1366 Arma
394 1333 565 1379 signaque
584 1334 706 1368 eadem
723 1346 760 1369 se
778 1346 931 1376 noscere,
953 1347 1030 1382 quae
1048 1336 1096 1370 ad
1121 1337 1205 1371 Tre-

91 1395 185 1430 biam
211 1396 534 1443 Trasimenumque,
552 1401 731 1444 postremo
756 1399 804 1433 ad
825 1398 968 1434 Cannas
984 1399 1115 1435 viderit
1140 1399 1206 1436 Ιια-

92 1458 297 1506 bueritque:
325 1460 475 1494 militem
503 1460 616 1495 aliurn
641 1460 806 1508 profecto
833 1473 869 1496 se
901 1463 936 1497 in
960 1461 1105 1498 hiberna
1136 1463 1205 1498 Ca·-

87 1533 200 1569 puam
228 1522 379 1563 duxisse,
411 1524 524 1558 alium
554 1524 635 1558 inde
664 1524 831 1559 eduxisse.
889 1524 1113 1571 Legalumne
1129 1525 1204 1561 Ro-

90 1596 237 1620 manum
255 1590 289 1620 et
319 1586 465 1632 legionis
493 1588 597 1622 unius
626 1591 734 1634 atque
761 1588 829 1622 alae
854 1599 983 1635 magno
1012 1592 1203 1627 certamine

89 1650 146 1684 vix
166 1649 327 1684 toleratis
349 1662 524 1697 pugnam,
547 1662 632 1698 quos
651 1651 738 1686 binae
763 1653 856 1687 acies
874 1654 1075 1689 consulares
1096 1666 1200 1690 num-

88 1724 195 1760 quam
213 1715 456 1749 sustinuerunt
470 1715 490 1749 f>
519 1714 730 1756 Marcellus,
753 1717 866 1751 tirone
890 1717 1005 1752 milite
1024 1729 1066 1752 ac
1087 1719 1201 1754 Nola-

86 1777 140 1812 nis
156 1776 330 1819 subsidiis,
352 1778 489 1814 inultus
510 1790 573 1813 uos
590 1776 670 1824 jam
692 1780 820 1815 iterum
848 1780 1020 1816 lacessit.9
1054 1782 1120 1817 Ubi
1141 1783 1202 1818 ille

87 1851 183 1875 meus
202 1841 300 1876 miles
327 1846 390 1883 est,
412 1843 471 1889 qui
491 1847 611 1889 erepto
640 1854 681 1878 ευ]
705 1855 791 1890 equo
814 1843 851 1879 C.
866 1844 1045 1880 Flaminio
1066 1848 1202 1883 consuli

88 1908 197 1950 caput
225 1904 404 1940 abstulit?
431 1905 502 1948 ubi,
534 1908 593 1953 qui
614 1906 657 1942 L.
672 1907 845 1943 Paullum
874 1909 921 1943 ad
949 1909 1088 1945 Cannas
1107 1912 1199 1946 occi-

86 1968 140 2002 dit
153 1969 173 2003 ‚9
200 1967 345 2003 Ferrum
367 1981 459 2004 nunc
475 1969 573 2005 hebet
586 1971 606 2005 ἴ)
634 1982 680 2006 an
700 1971 831 2007 dextrae
851 1974 1024 2019 torpent?
1051 1986 1097 2009 an
1113 1977 1199 2022 quid

79 2032 241 2078 prodigii
259 2037 310 2067 est
329 2033 430 2067 aliud
444 2034 464 2068 5>
494 2033 563 2073 Qui
576 2036 687 2081 pauci
703 2035 824 2082 plures
838 2037 976 2072 vincere
988 2037 1084 2073 soliti
1103 2040 1196 2080 estis,

84 2105 179 2129 nunc
192 2097 320 2142 paucis
335 2097 457 2142 plures
475 2097 533 2131 cix
551 2098 703 2134 restatis.
762 2098 914 2135 Romam
930 2112 990 2135 vos
1015 2111 1197 2148 expugna·

29 2159 30 2164 ’
84 2162 194 2200 turos,
227 2160 257 2194 si
286 2161 363 2206 quis
391 2160 544 2202 duceret,
565 2159 684 2208 fortes
713 2162 848 2209 lingua,
872 2162 1081 2208 jactabatis.
1137 2166 1198 2202 En

30 2224 31 2261 j
82 2232 175 2256 nunc
193 2223 308 2257 minor
328 2227 377 2257 est
405 2235 482 2259 res:
512 2223 569 2259 hic
586 2226 737 2271 experiri
762 2227 834 2262 vim
852 2229 1087 2275 virtutemque
1104 2230 1195 2265 volo.

85 2284 299 2332 Expugnate
328 2287 477 2330 Nolam,
509 2293 742 2335 campestrem
774 2290 909 2333 urbem,
938 2303 1008 2325 uon
1024 2292 1194 2340 flumine,

80 2343 149 2386 von
185 2352 278 2386 mari
313 2355 478 2399 septam:
511 2352 592 2387 hinc
627 2364 686 2388 vos
719 2365 760 2390 ex
797 2359 871 2391 tam
907 2354 1078 2402 opulenta
1112 2355 1196 2395 urbo

592 2415 630 2452 R
650 2418 672 2452 ‘2

1226 319 1314 350 U.C.
1333 324 1404 352 5³7-

1224 363 1263 393 A.
1278 363 1312 394 C.
1332 369 1405 394 215.
