1527 2661
389 212 541 243 LIBER
565 212 697 241 xxn.
728 210 833 241 CAP.
855 211 932 241 Lv.
1145 211 1222 255 291

191 298 287 338 LV(
302 302 344 339 P.
357 301 490 338 Furius
511 301 639 338 Philus
659 307 697 338 et
714 300 783 337 Μ’.
798 299 1029 351 Pomponius
1047 306 1224 349 praetores
1238 303 1328 335 U.C.
1347 308 1417 335 5³6.

133 370 308 401 senatum
326 366 365 401 in
384 367 524 402 curiam
550 365 756 402 Hostiliam
774 369 1014 406 vocaverunt,
1035 369 1076 399 ut
1095 364 1140 400 de
1163 378 1224 400 ur·
1236 348 1275 431 ἓ
1291 347 1329 377 C·
1345 351 1417 377 ²¹⁶⁶

134 428 193 465 bis
222 431 392 467 custodia
423 430 682 467 consulerent:
714 442 834 479 neque
863 429 962 465 enim
987 428 1223 472 dubitabant,
1237 407 1412 474 ςὲἓξὲῗῗῑω

130 492 264 530 deletis
298 495 536 539 exercitibus,
570 496 718 531 hostem
751 494 797 530 ad
826 492 1114 543 obpugnandam
1143 493 1225 530 Ro·
1237 488 1275 517 de
1292 487 1377 559 mgis

0 545 1 571 ¹
135 570 248 602 mam,
275 560 375 608 quod
407 572 522 596 unum
557 572 650 610 opus
685 554 775 595 belli
811 564 980 602 restaret,
1017 537 1327 595 veuturum.cusm
1352 539 1392 561 ιδ’

135 622 263 661 Quum
292 623 333 659 in
359 623 482 667 malis,
513 624 609 660 sicut
644 622 873 671 ingentibus,
903 623 956 658 ita
990 622 1144 671 ignotiS,
1180 635 1228 658 ne

135 684 331 722 consilium
362 688 510 736 quidem
542 688 632 723 satis
664 686 894 736 expedirent,
924 685 1229 736 obstreperetque

136 748 278 785 clamor
301 749 588 787 lamentantium
614 750 823 793 mulierum,
844 756 894 793 et,
914 750 1081 786 nondum
1106 749 1229 800 palam

133 812 250 856 facto,
276 814 350 850 vivi
377 815 589 864 mortuique
617 827 683 864 per
707 826 835 850 omnes
864 826 959 863 pene
980 815 1111 850 domos
1141 827 1228 865 pro-

133 876 273 913 miscue
309 878 653 928 complorarentur5
683 884 763 914 tum
800 878 848 916 Q.
867 877 1004 913 Fabius
1037 878 1227 914 Maximus
1242 884 1403 932 Sententia

130 942 292 985 censuit,
312 944 444 990 equites
461 944 638 991 expeditos
663 947 698 978 et
715 943 838 990 Appia
855 946 890 977 et
908 942 1043 977 Latina
1061 943 1119 978 via
1143 944 1227 979 mit·
1241 928 1326 960 Fabii
1343 927 1433 958 Max·

134 1008 266 1050 tendo-5,
283 1009 360 1055 qui,
390 1007 505 1043 obvios
528 1007 791 1055 percunctando
819 1007 956 1054 aliquos
979 1006 1160 1056 profectos
1187 1019 1229 1044 ex

122 1070 234 1120 fuga,
261 1074 393 1120 passim
421 1073 620 1120 dissipatos,
639 1071 744 1121 forte
778 1070 949 1120 referant,
979 1085 1055 1120 quae
1071 1071 1230 1121 fortuna

134 1137 314 1172 consulum
338 1142 444 1185 atque
469 1139 683 1173 exercituum
701 1139 747 1172 sit
758 1153 769 1179 ,-
799 1141 833 1172 et
850 1138 880 1171 si
899 1137 984 1184 quid
1002 1137 1073 1172 Dii
1097 1139 1229 1174 inmor-

137 1201 236 1244 tales,
256 1202 404 1237 miseriti
428 1203 578 1249 imperii,
604 1202 778 1249 reliquum
797 1200 960 1236 Romano
978 1202 1112 1237 nomini
1125 1201 1229 1250 fece-

132 1266 231 1302 rint:
258 1266 317 1302 ubi
335 1278 383 1302 eoe
397 1268 505 1314 copice
521 1268 613 1302 sint:
641 1278 708 1314 quo
722 1278 757 1301 se
772 1265 955 1300 Hannibal
968 1270 1047 1313 post
1060 1267 1229 1314 proelium

131 1331 343 1367 contulerit:
371 1332 455 1379 quid
470 1336 586 1379 paret,
607 1332 692 1379 quid
709 1334 808 1377 agat,
828 1334 1038 1378 acturusque
1055 1331 1111 1366 sit.
1140 1331 1229 1367 Haec

132 1395 351 1442 exploranda
374 1397 613 1442 noscendaque
636 1407 701 1442 per
724 1395 881 1441 inpigros
896 1406 1043 1439 juvenes
1060 1406 1128 1430 esse
1142 1412 1151 1431 .·
1180 1397 1227 1431 il-

134 1458 197 1493 lud
210 1471 277 1506 per
296 1459 424 1494 Patres
449 1460 539 1507 ipsos
557 1459 743 1506 agendum,
765 1459 930 1506 quoniam
954 1460 1228 1506 magistratuum

128 1534 260 1570 parum
277 1525 336 1566 sit,
357 1528 397 1558 ut
425 1524 613 1559 tumultum
633 1535 675 1558 ac
703 1524 973 1570 trepidationem
991 1525 1027 1559 in
1046 1524 1129 1559 urbe
1157 1526 1226 1560 tol-

134 1588 225 1629 lant,
246 1593 424 1624 matronas
434 1588 576 1635 publico
588 1592 745 1629 arceant,
763 1589 1000 1636 continerique
1015 1590 1110 1624 intra
1124 1602 1226 1625 suum

136 1662 308 1698 quamque
327 1652 432 1686 limen
451 1656 602 1699 cogant:
630 1652 868 1699 comploratus
878 1651 1112 1700 fitmiiiarum
1131 1654 1225 1689 coEr-

12 1697 18 1806 ἱ
135 1718 259 1749 ceant:
287 1715 466 1750 silentium
498 1726 563 1761 per
597 1715 715 1750 urbem
737 1714 910 1763 saciant:
937 1718 1082 1751 nuncios
1108 1728 1227 1752 rerum

136 1779 291 1813 omnium
318 1779 366 1813 ad
390 1783 557 1825 praetores
583 1779 799 1814 deducendos
826 1784 970 1816 curent:
996 1792 1067 1816 succ
1085 1782 1227 1829 quisque

125 1840 287 1889 fortunae
301 1842 396 1877 domi
407 1846 581 1877 auctorem
596 1847 804 1890 exspectent,
822 1844 1044 1891 custodesque
1053 1850 1226 1892 praeterea
1246 1879 1250 1883 .

14 1836 19 1942 i
136 1906 182 1940 ad
208 1910 331 1953 portas
354 1910 502 1952 ponant,
532 1907 592 1953 qui
616 1906 836 1954 prohibeant,
868 1919 1075 1955 quemquam
1106 1909 1227 1955 egredi

14 1945 21 2002 i
135 1969 277 2013 urbem3
309 1974 501 2017 cogantque
519 1969 670 2006 homines
687 1971 834 2013 nullam,
855 1972 922 2007 nisi
946 1972 1027 2007 urbe
1046 1985 1089 2008 ac
1106 1975 1226 2009 moeni·

15 2003 21 2044 ς
134 2033 194 2069 bus
210 2033 327 2075 salvis,
347 2034 497 2068 salutem
513 2045 663 2081 sperare.
724 2034 793 2070 Ubi
810 2036 1016 2071 conticuerit
1041 2037 1225 2079 tumultus,

134 2101 227 2132 recte
243 2101 315 2132 tum
331 2097 368 2132 in
383 2098 515 2132 curiam
531 2097 658 2133 Patres
674 2099 898 2141 revocandos,
915 2100 1228 2148 consulendumque

137 2161 180 2196 de
197 2160 290 2196 urbis
308 2161 467 2196 custodia
484 2173 564 2198 esse,

190 2223 293 2260 LVI.
322 2224 448 2263 Quum
471 2225 510 2260 in
538 2225 634 2261 hanc
663 2228 885 2263 sententiam
913 2227 1067 2277 pedibus
1097 2239 1225 2263 omnes

139 2287 267 2330 issent,
295 2287 541 2337 submotaque
560 2287 644 2324 foro
663 2302 729 2338 per
753 2292 991 2339 magistratus
1011 2290 1134 2333 turba,
1155 2291 1226 2326 Pa-

105 2363 108 2366 *
140 2356 213 2386 tres
232 2350 364 2387 diversi
385 2352 430 2388 ad
446 2352 626 2389 sedandos
642 2353 821 2391 tumultus
838 2355 1114 2400 discessissent,
1146 2360 1225 2391 tum

654 2417 731 2455 02
