1527 2661
254 488 614 538 EPITOME
659 485 885 534 LIBRI
930 485 1050 533 XX.

87 734 433 813 SPOLETIUM
458 735 600 770 colonia
629 735 785 770 deducta
814 737 878 770 est.
934 733 1113 770 Adversus
1132 734 1199 771 Li-

172 811 277 846 gures
297 803 380 834 tunc
400 800 560 847 primum
583 800 757 834 exercitus
780 801 967 845 promotus
986 802 1048 834 est.
1089 798 1202 836 Sardi

84 869 119 901 et
140 863 253 905 Corsi,
275 874 382 911 quum
400 861 639 905 rebellassent,
659 861 796 897 subacti
814 865 907 897 sunt.
950 861 1083 898 Tuccia
1101 865 1202 911 virgo

90 928 240 965 Vestalis
267 928 388 963 incesti
407 927 580 962 damnata
606 931 666 962 est.
712 926 858 962 Bellum
878 925 1030 974 Illyriis,
1054 932 1204 975 propter

84 1005 194 1029 unum
222 1004 264 1028 ex
284 992 423 1040 legatis,
445 993 506 1039 qui
525 992 573 1027 acl
601 1003 657 1027 eos
685 991 782 1026 missi
811 994 928 1032 erant,
960 991 1126 1034 occisum,
1147 993 1203 1027 in-

86 1059 221 1093 dictum
241 1061 317 1093 est:
344 1057 550 1104 subactique
573 1058 610 1091 in
631 1056 847 1091 deditionem
872 1060 1054 1090 venerunt.
1101 1056 1205 1092 Prae-

87 1127 203 1157 torum
221 1133 388 1157 numerus
406 1122 602 1169 ampliatus
620 1125 684 1162 est,
706 1125 747 1156 ut
766 1123 877 1155 essent
897 1124 1062 1167 quatuor.
1105 1121 1208 1159 Galli

93 1186 338 1232 Transalpini,
377 1187 438 1232 qui
472 1187 510 1220 in
549 1185 699 1221 Italiam
735 1185 963 1231 inruperant,
1002 1186 1080 1220 caesi
1110 1190 1206 1222 sunt.

91 1250 145 1285 Εο
164 1249 254 1284 bello
276 1250 434 1297 populus
454 1249 638 1284 Romanus
662 1250 718 1284 sui
738 1248 936 1296 Latinique
955 1250 1109 1285 nominis
1135 1255 1206 1286 tre-

89 1319 191 1350 centa
215 1315 334 1349 millia
359 1319 581 1349 armatorum
609 1313 766 1349 habuisse
785 1314 929 1348 dicitur.
983 1313 1210 1352 Exercitibus

92 1379 265 1414 Romanis
296 1383 370 1414 tum
392 1380 553 1426 primum
581 1383 679 1413 trans
699 1378 845 1414 Padum
873 1378 1000 1420 ductis,
1024 1379 1124 1415 Galli
1144 1381 1208 1416 In-

88 1443 218 1485 subres,
253 1443 390 1490 aliquot
415 1443 552 1490 proeliis
578 1441 674 1491 fusi,
709 1444 746 1477 in
777 1443 996 1477 deditionem
1025 1449 1208 1481 venerunt.

93 1506 145 1542 M.
169 1506 343 1542 Claudius
367 1506 564 1542 ‚Marcellus
591 1506 725 1548 consul,
758 1507 870 1541 occiso
891 1504 1092 1542 Insubrium
1116 1508 1207 1544 Gal·

92 1573 206 1608 lorum
235 1574 324 1608 ἄασε
358 1573 585 1615 Virdomaro,
621 1573 743 1621 opima
777 1572 894 1619 spolia
921 1573 1058 1608 retulit.
1121 1573 1209 1611 Istrz‘

91 1636 227 1671 subacti
254 1641 348 1672 sunt.
414 1636 506 1671 Item
533 1636 666 1683 Illyrii,
688 1647 797 1682 quum
821 1635 1058 1678 rebellassent,
1081 1638 1209 1674 domiti

92 1701 128 1734 in
154 1700 369 1735 deditionem
394 1704 576 1735 venerunt.
622 1698 793 1734 Lustrum
822 1711 845 1734 a
864 1699 1059 1735 censoribus
1084 1703 1208 1738 condi-

97 1770 170 1800 tum
191 1769 254 1807 est,
277 1777 344 1812 quo
370 1777 473 1800 censa
497 1770 579 1800 sunt
599 1766 728 1800 civium
747 1766 870 1812 capita
889 1765 1040 1801 ducenta
1064 1773 1210 1815 septua-

93 1830 198 1875 ginta
227 1829 356 1870 millia,
385 1829 536 1864 ducenta
566 1829 743 1864 tredecim.
796 1828 974 1864 Libertini
1004 1831 1039 1865 in
1059 1836 1212 1878 quatuor

98 1893 206 1928 tribus
242 1893 376 1928 redacti
407 1898 504 1936 sunt,
536 1905 642 1941 quum
679 1898 786 1928 antea
815 1894 963 1941 dispersi
991 1906 1060 1942 per
1095 1908 1214 1932 omnes

87 1955 269 2004 fuissent,-
301 1956 539 2003 Esquilinam,
571 1957 799 1999 Palatinam,
832 1957 1095 2001 Saburranam,
1130 1959 1213 1996 Col-

99 2021 221 2056 linum⁴
279 2020 317 2056 C.
338 2021 542 2057 Flaminius
570 2034 689 2057 censor
716 2023 814 2057 viam
842 2021 1066 2058 Flaminiam
1094 2028 1213 2061 muni·

97 2085 162 2125 vit,
183 2089 218 2120 et
244 2086 374 2120 circum
394 2084 621 2122 Flaminium
648 2088 829 2122 exstruxit.
876 2086 1030 2123 Colonia?
1054 2090 1214 2126 deductoe

98 2148 135 2183 in
155 2160 242 2196 agro
262 2149 306 2184 de
330 2148 448 2184 Gallis
467 2155 585 2199 capto,
608 2150 799 2187 Placentia
819 2155 854 2186 et
875 2150 1059 2187 Cremona.

613 2448 652 2485 H
672 2451 693 2485 5
