1527 2661
261 154 316 200 5¹2
721 161 766 190 Τ.
790 162 924 192 mvn

68 252 161 282 U.C.
180 253 355 285 mmmm.
398 249 456 285 An
475 248 569 286 hunc
590 262 675 293 non,
700 255 740 287 ut
760 254 823 300 qui
846 253 980 301 optimo
996 251 1084 299 jure
1102 265 1222 291 censor
1246 261 1385 292 creatus

68 295 111 326 A·
125 295 162 327 C·
180 302 254 327 303‘
267 318 366 356 esset,
383 315 540 362 populus
566 317 734 351 creavit.9
763 321 802 352 tu
821 329 911 352 unus
935 319 1084 354 eximius
1108 331 1156 362 es,
1177 321 1214 355 in
1233 331 1302 368 quo
1321 320 1387 357 hoc

264 380 486 427 praecipuum
512 391 555 415 uc
580 380 762 428 singulare
790 382 945 417 valeat?
974 382 1087 422 Quem
1115 387 1153 418 tu
1181 396 1300 432 regem
1327 396 1388 421 sa·

267 446 482 495 crificiorum
501 457 607 488 crees,
629 446 814 494 amplexus
833 448 936 495 regni
954 459 1094 490 nomen,
1115 453 1155 484 ut
1175 451 1235 497 qui
1254 451 1389 497 optimo

257 508 343 555 jure
371 521 433 545 rex
465 509 591 545 Romae
616 514 756 545 creatus
783 512 844 552 sit,
877 516 1036 547 creatum
1064 524 1100 547 se
1130 513 1258 548 dicet.9
1286 525 1390 561 quem

265 576 424 611 semestri
455 575 652 617 dictatura,
687 587 791 622 quem
828 577 1030 624 interregno
1063 578 1217 625 quinque
1252 578 1392 614 dierum

268 641 469 676 contentum
488 638 578 687 fore
603 641 743 687 putes?
771 652 874 688 quem
903 642 998 677 clavi
1010 641 1167 690 figendi,
1197 646 1262 678 aut
1287 643 1392 678 ludo-

267 717 345 741 rum
368 717 493 741 caussa
512 706 724 741 dictatorem
749 706 923 742 audacter
941 708 1068 742 crees.9
1099 707 1217 748 Quam
1235 708 1295 743 isti
1318 712 1392 744 sto-

270 771 360 819 lidos
379 782 421 805 ac
439 770 600 806 socordes
618 770 733 806 videri
747 771 892 806 creditis
909 783 978 813 eos,
996 773 1057 819 qui
1078 773 1174 808 intra
1190 773 1394 808 vicesimum

270 836 378 877 diem,
403 835 612 882 ,ingentibus
640 835 742 870 rebus
770 837 892 882 gestis,
924 837 1107 872 dictatura
1137 848 1174 872 se
1205 837 1394 873 abdicave-

268 904 366 943 runt,
397 904 462 935 aut
481 901 543 947 qui
570 901 657 935 vitio
686 902 798 936 creati
826 900 989 937 abierunt
1020 902 1269 949 magistratu?
1299 902 1396 943 Quid

269 977 334 1013 ego
366 966 516 1013 antiqua
543 966 738 1012 repetam?
771 965 898 1013 Nuper
932 967 1029 1002 intra
1059 968 1178 1002 decem
1210 977 1321 1002 annos
1355 966 1396 1003 C.

270 1030 427 1067 Maenius
446 1030 616 1071 dictator,
635 1030 733 1077 quia,
752 1041 859 1076 quum
876 1032 1083 1078 quaestiones
1100 1031 1268 1073 severius,
1285 1041 1396 1079 quam

272 1096 481 1144 quibusdam
505 1095 709 1144 potentibus
739 1100 856 1131 tutum
885 1101 978 1139 erat,
1009 1101 1198 1139 exerceret,
1228 1098 1395 1144 contagio

267 1160 360 1207 ejus,
382 1161 476 1208 quod
494 1159 673 1208 quoerebat
692 1161 780 1207 ipse,
801 1161 960 1196 criminis
979 1159 1155 1206 objectam
1173 1160 1217 1196 ab
1241 1161 1397 1197 inimicis

272 1230 400 1269 emur
423 1226 591 1273 privatus
618 1224 757 1260 obviam
787 1225 855 1259 iret
879 1224 1035 1267 crimini,
1057 1225 1242 1260 dictatura
1268 1237 1305 1261 se
1332 1225 1396 1262 ab·

275 1291 422 1327 dicavit.
480 1290 577 1326 Nolo
603 1301 667 1337 ego
694 1290 800 1325 istam
826 1290 862 1325 in
891 1294 924 1325 te
954 1290 1192 1325 modestiam:
1220 1302 1264 1325 ne
1292 1290 1397 1338 dege-

270 1357 456 1392 neraveris
488 1367 512 1390 a
535 1353 694 1403 familia
730 1355 1020 1403 imperiosissima
1057 1358 1090 1389 et
1121 1354 1399 1402 superbissima:

274 1433 346 1457 non
367 1421 438 1463 die,
458 1432 531 1456 non
550 1418 639 1455 hora
659 1420 776 1461 citius,
804 1431 911 1467 quam
942 1430 1081 1454 necesse
1099 1423 1162 1461 est,
1184 1420 1400 1465 magistratu

275 1485 427 1529 abieris;
462 1485 568 1520 ‘modo
597 1495 642 1519 ne
670 1484 817 1519 excedas
833 1483 987 1532 finitum
1014 1487 1160 1530 tempus.
1206 1482 1305 1518 Satis
1332 1487 1397 1526 est,

275 1555 341 1587 aut
361 1550 470 1591 diem,
500 1553 567 1585 aut
593 1560 747 1585 mensem
777 1560 933 1584 censura?
955 1546 1143 1594 adjicere.9
1177 1548 1397 1591 Triennium,

275 1616 406 1663 inquit,
434 1618 471 1650 et
493 1626 555 1650 sex
578 1625 711 1650 menses
735 1614 848 1656 ultra,
877 1625 985 1661 quam
1017 1613 1099 1648 licet
1123 1612 1284 1648 AEmilia
1310 1612 1397 1660 lege,

278 1692 462 1717 censu-ram
492 1691 632 1727 geram,
667 1684 703 1715 et
736 1680 833 1714 solus
861 1690 1012 1727 geram:
1047 1677 1112 1713 hoc
1148 1678 1291 1725 quidem
1317 1675 1401 1724 jam

277 1757 386 1794 regno
413 1744 529 1781 simile
563 1749 626 1780 est.
672 1745 733 1780 An
762 1745 938 1791 collegam
964 1741 1184 1789 subrogabis,
1220 1753 1322 1789 quem
1357 1754 1403 1778 ne

281 1812 318 1846 in
338 1810 517 1846 demortui
536 1810 677 1858 quidem
698 1810 814 1845 locum
839 1808 1026 1855 subrogari
1039 1805 1110 1855 fas
1135 1810 1186 1842 est
1200 1807 1220 1842 5>
1248 1806 1405 1843 Poenitet

278 1876 388 1918 enim,
409 1875 506 1924 quod
531 1875 820 1922 antiquissimum
843 1874 1024 1915 sollemne,
1045 1876 1080 1908 et
1104 1871 1220 1908 solum
1247 1871 1291 1907 ab
1311 1872 1402 1919 ipso,

282 1941 339 1976 cui
344 1940 410 1988 fit,
432 1940 635 1975 institutum
655 1939 752 1981 Deo,
774 1937 817 1973 ab
835 1937 1059 1973 nobilissimis
1085 1935 1304 1972 antistitibus
1330 1932 1404 1981 ejus

282 2005 378 2040 sacri
410 2004 459 2039 ad
486 2014 668 2039 servorum
703 2003 939 2038 ministerium
973 2001 1160 2048 religiosus
1196 2011 1315 2035 censor
1343 2000 1405 2036 de-

285 2068 417 2105 duxisti
431 2083 442 2102 .·
467 2079 553 2113 gens
578 2067 762 2114 antiquior
781 2064 977 2113 originibus
1002 2065 1097 2100 urbis
1116 2061 1232 2110 hujus,
1255 2063 1408 2112 hospitio

287 2133 453 2169 Deorum
478 2131 725 2167 inmortalium
750 2135 888 2172 sancta,
906 2134 1056 2178 propter
1071 2134 1108 2165 -te
1133 2141 1174 2165 ac
1200 2133 1301 2164 tuam
1326 2140 1407 2164 cen-

287 2209 408 2234 suram
432 2197 528 2232 intra
557 2208 690 2232 annum
720 2196 764 2231 ab
790 2198 901 2244 stirpe
928 2197 1104 2232 exstincta
1131 2198 1206 2230 est:
1233 2193 1302 2228 nisi
1326 2194 1408 2228 uni-

288 2273 424 2297 versam
443 2259 699 2310 rempublicam
717 2271 757 2295 eo
783 2258 924 2308 nefario
943 2259 1182 2301 obstrimceris,
1204 2257 1300 2305 quod
1319 2258 1407 2293 omi-

287 2328 370 2363 nari
397 2327 506 2363 etiam
533 2323 750 2374 reformidat
775 2326 926 2362 animus.
970 2324 1060 2362 Urbs
1088 2336 1128 2360 eo
1158 2323 1270 2359 lustro
1300 2326 1410 2371 capta
