1527 2661
0 2017 18 2069 ³⁸!

0 2102 6 2128 ¹
17 2117 19 2151 ι

0 2151 19 2190 *μ

291 210 446 241 mann
468 208 600 238 xxn.
633 207 738 236 eAP.
761 207 905 236 xx1x.
1073 196 1150 252 263

101 301 260 338 XXIX.
288 299 396 337 Tunc
415 298 570 341 Fabius,
594 296 718 347 primo
747 295 910 332 clamore
935 297 1153 346 paventium
1165 303 1208 334 U.
1222 303 1258 333 C.
1273 309 1346 335 535.

0 381 1 394 1
48 366 191 408 audito,
219 365 303 401 dein
328 368 532 413 conspecta
556 359 690 411 procul
708 359 861 396 turbata
887 361 980 402 acie,
1004 361 1063 396 Ita
1087 366 1153 403 est,
1168 347 1254 376 ΛΟ·
1272 352 1347 382 ²¹7·

1167 404 1194 432 A
1210 403 1307 433 Fabio

47 430 184 478 inquit,
203 441 273 465 non
299 429 460 470 celerius,
482 438 587 475 quam
614 426 730 467 timui,
752 424 983 472 deprehendit
995 424 1156 474 fortuna
1166 452 1319 478 servatur.

49 494 296 530 temeritatem.
353 492 460 528 Fabio
487 495 647 539 aequatus
675 490 824 537 imperio
853 489 1094 526 Hannibalem
1121 495 1157 526 et

47 558 180 592 virtute
202 561 237 593 et
254 555 415 604 fortuna
442 555 658 603 superiorem
686 554 792 588 videt.
850 552 923 588 Sed
951 553 1053 589 aliud
1070 552 1156 599 jur-

45 622 158 668 gandi
185 622 477 667 succensendique
511 625 647 667 tempus
678 618 770 653 erit:
797 629 892 652 nunc
921 618 1026 664 signa
1056 623 1159 654 extra

48 686 184 720 vallum
205 684 378 733 prqferte.
441 683 633 719 Victoriam
656 682 747 717 hosti
770 685 1053 730 extorqueamus,
1073 695 1157 718 con-

0 747 1 786 ]
38 748 231 797 sessionem
251 750 382 784 erroris
401 748 540 783 civibus.
596 747 620 781 J
624 759 683 782 am
702 757 841 794 magna
860 758 905 781 ex
925 752 1031 794 parte
1051 746 1156 782 caesis

49 812 145 854 aliis,
184 811 266 848 aliis
306 809 706 860 circumspectantibus
741 809 885 856 fugam,
916 809 1087 846 Fabiana
1119 822 1160 846 se

50 876 148 912 acies
185 882 353 926 repente,
391 874 495 910 velut
539 873 636 910 coelo
674 873 848 915 demissa,
887 873 934 908 ad
978 873 1160 909 auxilium

50 939 227 976 ostendit.
283 938 431 987 Itaque,
452 938 670 987 priusquam
697 936 742 971 ad
769 934 984 985 conjectum
1010 935 1077 971 teli
1095 947 1160 973 ve-

50 1003 162 1046 niret,
183 1009 248 1039 aut
273 1015 426 1039 manum
446 1006 678 1043 consereret,
699 1006 737 1036 et
764 1011 850 1035 suos
870 1012 893 1035 a
911 999 1002 1047 fuga
1028 1000 1158 1043 effusa,

50 1072 89 1103 et
107 1067 155 1103 ab
174 1067 285 1104 nimis
304 1067 423 1104 feroci
449 1078 579 1116 pugna
604 1065 735 1100 hostes
763 1065 974 1099 continuit:
1007 1065 1070 1113 qui
1097 1077 1159 1100 so-

51 1130 140 1166 lutis
168 1130 362 1167 ordinibus
388 1142 482 1178 vage
501 1129 673 1179 dissipati
700 1134 820 1170 erant,
842 1127 1006 1175 undique
1026 1128 1160 1164 confu-

53 1200 190 1243 gerunt
215 1195 263 1231 ad
287 1195 476 1242 integram
501 1194 620 1229 aciem
634 1208 645 1237 3
677 1192 740 1241 qui
766 1191 890 1240 plures
918 1191 1025 1227 simul
1052 1198 1162 1240 terga

54 1258 247 1301 dederant,
275 1258 446 1294 conversi
471 1259 511 1293 in
536 1258 700 1299 hostem,
720 1255 987 1304 volventesque
1014 1255 1159 1299 orbem,

54 1335 154 1358 nunc
170 1323 308 1360 sensim
323 1321 461 1358 referre
476 1321 624 1371 pedem,
639 1333 740 1356 nunc
756 1319 977 1367 conglobati
993 1325 1133 1355 restare
1149 1333 1157 1354 ε

53 1398 97 1422 ac
111 1384 191 1435 jam
212 1397 329 1436 prope
350 1397 424 1421 una
443 1385 542 1421 acies
561 1385 663 1423 facta
683 1390 763 1419 erat
781 1383 870 1418 victi
891 1389 1003 1431 atque
1022 1383 1162 1431 integri

53 1449 253 1491 exercitus,
292 1447 579 1495 inferebantque
615 1447 724 1494 signa
759 1447 798 1481 in
835 1446 1007 1490 hostem3
1047 1458 1163 1493 quum

51 1512 192 1549 Poenus
219 1513 388 1561 receptui
417 1513 568 1554 cecinit,
599 1511 724 1561 palam
754 1510 898 1545 ferente
928 1508 1162 1552 Hannibale,

52 1576 101 1613 ab
120 1589 159 1612 se
177 1576 403 1620 Minucium,
424 1588 463 1612 se
483 1589 505 1612 a
519 1575 639 1611 Fabio
655 1576 808 1610 victum.
865 1573 924 1609 Ita
940 1585 1006 1623 per
1021 1573 1164 1609 variam

54 1639 247 1676 fortunam
266 1640 340 1676 diei
370 1638 515 1688 majore
541 1644 647 1688 parte
674 1644 820 1679 exacta,
842 1649 956 1685 quum
982 1637 1022 1672 in
1042 1642 1165 1672 castra

54 1703 217 1740 reditum
243 1709 353 1746 esset,
374 1703 582 1745 Minucius,
604 1702 821 1738 convocatis
842 1699 1040 1743 militibus,
1062 1701 1165 1749 Saepe
1176 1704 1343 1734 Minucius

56 1779 133 1815 ego,
155 1766 292 1815 inquit,
313 1767 450 1808 audivi,
481 1767 625 1807 milites,
647 1777 726 1801 eum
754 1766 914 1812 primum
940 1775 1010 1799 esse
1033 1756 1344 1828 virum’setrffrrgzlg-

56 1832 118 1879 qui
145 1832 219 1878 ipse
252 1830 424 1872 consulat,
458 1830 544 1877 quid
576 1831 614 1864 in
644 1841 720 1864 rem
748 1830 796 1864 sit
806 1846 818 1871 ,—
847 1827 1038 1863 secundum
1070 1839 1164 1869 eum,
1177 1833 1290 1862 noscit.

57 1897 118 1944 qui
137 1896 219 1933 bene
244 1898 400 1933 monenti
419 1896 584 1931 obediat:
612 1897 673 1942 qui
698 1907 761 1930 nec
786 1896 859 1942 ipse
884 1893 1078 1934 consulere,
1105 1904 1168 1928 nec

57 1964 164 1999 alteri
176 1974 305 2010 parcre
318 1964 420 2003 sciat,
438 1973 516 1997 eum
528 1962 674 1996 extremi
690 1960 821 2006 ingenii
835 1968 915 1993 esse.
959 1957 1070 1992 Nobis
1081 1969 1167 2005 quo-

53 2029 156 2064 niam
167 2029 290 2075 prima
310 2026 419 2061 animi
438 2026 638 2071 ingeniique
657 2026 788 2070 negata
806 2032 881 2057 sors
899 2026 962 2062 est,
978 2022 1170 2057 secundam

58 2104 102 2129 ac
118 2093 275 2128 mediam
299 2095 504 2126 teneamus:
537 2093 584 2131 et,
606 2089 690 2123 dum
711 2089 888 2134 imperare
907 2086 1082 2126 discimus,
1101 2098 1170 2131 pa-

56 2168 135 2192 rere
147 2157 317 2204 prudenti
340 2156 377 2190 in
393 2155 551 2189 animum
570 2153 790 2187 inducamus.
827 2150 954 2185 Castra
970 2161 1047 2184 cum
1065 2149 1172 2184 Fabio

0 2217 20 2272 ἵν,
51 2218 249 2268 jungamus
262 2236 274 2255 .·
296 2220 344 2254 ad
354 2218 564 2266 praetorium
580 2215 652 2262 ejus
665 2217 769 2262 signa
780 2226 887 2262 quum
904 2214 1101 2254 tulerimus,
1118 2212 1176 2247 ubi

0 2275 21 2351 p}
61 2296 125 2332 ego
144 2296 222 2320 eum
240 2289 437 2334 parentem
467 2281 710 2328 adpellavero,
732 2279 826 2327 quod
845 2277 1008 2326 beneficio
1028 2275 1100 2322 ejus
1119 2288 1175 2310 er-

0 2342 21 2399 i!
58 2361 109 2396 ga
126 2360 189 2384 nos
211 2361 254 2384 ac
273 2346 458 2394 majos-tate
477 2344 550 2392 ejus
574 2346 720 2392 (lignum
739 2348 789 2379 est
801 2360 812 2386 ,-
843 2354 914 2384 vos,
943 2341 1085 2381 militer,
1106 2351 1175 2381 cos,
