1527 2661
333 215 485 244 LIBER
509 214 617 241 XXI.
649 212 755 241 CAP.
782 211 861 240 LV.
1066 209 1144 253 213

41 306 204 355 equites,
241 311 495 352 transgressos
527 302 705 338 Trebiam
742 300 894 341 fiumen,
929 298 1149 347 obequitare

6 381 11 416 v]
41 368 154 418 jubet
173 368 337 404 hostium
363 368 497 416 portis,
512 364 795 415 jaculandoque
813 364 851 398 in
879 363 1062 398 stationes
1082 362 1150 398 eli-

9 432 11 469 ’ς
50 445 132 468 cere
151 432 197 468 ad
223 444 389 481 pugnam
407 431 554 466 hostem
572 443 579 464 ε
612 428 754 478 injecto
774 427 906 463 deinde
933 427 1153 470 certamine,

50 496 216 532 cedendo
232 496 371 532 sensim
386 496 480 531 citra
495 494 632 529 flumen
650 492 876 542 pertrahere.
934 491 1029 526 Haec
1049 504 1156 526 mau-

9 557 12 569 ⁴
51 560 139 596 data
156 559 332 595 Numidis
349 574 356 595 z
391 559 522 594 ceteris
543 556 700 592 ducibus
727 556 895 605 peditum
915 556 1158 604 equitumque

9 620 12 636 ²
50 629 294 673 praeceptum,
326 628 368 658 ut
396 621 578 671 prandere
604 632 734 655 omnes
758 618 960 668 juberent:
994 625 1158 654 armatos

6 689 12 724 -ἓ
52 685 200 728 deinde,
221 686 463 732 instratisque
483 684 601 732 equis,
623 684 771 731 signum
787 688 1017 730 exspectare.
1055 683 1161 718 Sem-

54 746 224 798 proniuS,
246 748 292 784 ad
314 747 517 783 tumultum
546 746 798 782 Numidarum
824 746 986 794 primum
1011 758 1164 781 omnem

6 850 8 855 A
53 812 276 860 equitatum,
297 811 406 847 ferox
431 823 475 846 ea
500 816 606 860 parte
625 810 774 851 virium,
805 809 937 844 deinde
964 821 1029 844 sex
1049 809 1166 844 millia

7 878 9 887 '
55 875 235 924 peditum,
256 881 448 924 postremo
469 885 598 909 omnes
619 873 746 921 copias
768 872 814 907 ad
835 872 1063 907 destinatum
1082 871 1166 921 jam

7 933 9 976 l
58 943 146 973 ante
165 937 338 980 consilio,
359 937 487 973 avidus
516 936 743 977 certaminis,
769 935 909 971 eduxit.
952 935 1047 970 Erat
1066 935 1167 971 forte

8 1008 9 1012 ’
58 1000 199 1037 brumae
219 1008 365 1050 tempus
387 1007 424 1036 et
438 999 571 1036 nivalis
588 999 665 1035 dies
685 999 724 1034 in
743 997 834 1033 locis
856 998 1016 1048 Alpibus
1036 999 1167 1048 Apen-

13 1100 15 1117 ς
59 1066 224 1114 ninoque
260 1064 482 1115 interjectis,
512 1063 796 1114 propinquitate
830 1063 942 1098 etiam
971 1062 1169 1098 fluminum

8 1152 9 1175 i
62 1142 105 1165 ac
124 1129 315 1179 paludium
335 1129 568 1179 praegelidis:
603 1128 649 1163 ad
673 1128 747 1163 hoc
767 1127 902 1176 raptim
930 1127 1073 1162 eductis
1099 1128 1170 1163 ho-

14 1218 15 1222 =
62 1193 225 1229 minibus
252 1200 364 1242 atque
390 1194 508 1241 equis,
528 1204 606 1228 non
628 1197 739 1241 capto
759 1197 846 1230 ante
866 1191 966 1234 cibo,
992 1204 1071 1226 non
1101 1203 1172 1240 ope

8 1246 16 1303 f
64 1255 140 1292 ulla
166 1257 212 1293 ad
241 1257 442 1292 arcendum
470 1255 587 1303 frigus
619 1254 802 1296 adhibita,
830 1253 925 1288 nibil
951 1253 1084 1289 caloris
1114 1255 1173 1289 in-

10 1344 11 1349 =
62 1327 162 1356 erat:
196 1328 233 1356 et
265 1321 444 1369 quidquid
474 1333 572 1356 aurae
602 1318 765 1355 fluminis
803 1318 1172 1367 adpropinquabant,

67 1384 230 1421 adflabat
249 1386 371 1420 acrior
388 1384 540 1432 frigoris
560 1384 627 1419 vis.
662 1382 717 1418 Ut
736 1395 824 1417 vero
843 1382 1072 1430 refugientes
1088 1382 1173 1417 Nu-

10 1485 18 1498 ἵ
64 1448 182 1484 midas
203 1449 440 1496 insequentes
461 1459 596 1495 aquam
616 1446 774 1494 ingressi
795 1452 895 1487 sunt,
921 1448 976 1491 (et
990 1451 1070 1480 erat
1086 1458 1174 1494 pec—

17 1504 18 1509 *
66 1511 212 1547 toribus
249 1521 357 1548 tenus
397 1518 506 1547 aucta
542 1516 731 1546 nocturno
761 1509 890 1555 imbri)
929 1516 1009 1545 tum
1048 1510 1175 1558 utique

68 1577 225 1624 egressis
258 1577 379 1624 rigere
409 1575 584 1611 omnibus
618 1585 790 1623 corpora,
826 1579 866 1608 ut
895 1573 957 1608 vix
986 1586 1177 1608 armorum

69 1640 317 1676 tenendorum
354 1640 526 1690 potentia
559 1644 696 1681 essent,
736 1644 773 1672 et
810 1637 921 1672 simul
956 1637 1177 1673 lassitudine

16 1704 18 1708 ’
71 1704 392 1754 procedentejam
412 1705 485 1746 die,
506 1703 604 1738 fame
624 1703 738 1737 etiam
757 1701 924 1736 deficere.

126 1767 208 1803 LV.
238 1767 466 1803 Hannibalis
493 1766 644 1801 interim
670 1763 790 1806 miles,
817 1764 966 1811 ignibus
990 1772 1078 1800 ante
1096 1770 1180 1801 ten—

76 1831 176 1866 toria
193 1831 317 1874 factis,
339 1830 497 1878 oleoque
517 1841 582 1879 per
605 1828 830 1878 manipulOS‚
854 1835 893 1863 ut
913 1828 1102 1864 mollirent
1122 1842 1180 1865 ar-

76 1900 152 1937 tus,
173 1895 302 1937 misso,
323 1900 361 1930 et
379 1893 464 1929 cibo
492 1906 557 1942 per
583 1893 701 1927 otium
730 1898 854 1940 capto,
883 1891 946 1926 ubi
972 1898 1182 1940 transgres—

79 1970 139 1994 sos
159 1958 297 1994 flumen
316 1958 443 1993 hostes
464 1957 683 1992 nunciatum
706 1961 776 1998 est,
804 1955 926 1991 alacer
945 1956 1079 1991 animis
1099 1969 1183 1992 cor-

77 2022 307 2073 poribusque
342 2034 446 2057 arma
478 2021 591 2070 capit,
627 2027 737 2068 atque
775 2020 812 2054 in
850 2020 967 2055 aciem
1001 2020 1183 2068 procedit.

79 2086 246 2123 Baliares
276 2086 377 2122 locat
406 2092 494 2120 ante
523 2086 643 2132 signa,
673 2083 792 2119 levem
822 2090 1064 2126 armaturam,
1096 2090 1184 2120 octo

81 2149 198 2186 ferme
217 2149 334 2184 millia
361 2149 582 2190 homiuum3
615 2147 700 2182 dein
721 2147 929 2195 graviorem
950 2148 1061 2182 armis
1082 2147 1186 2196 pedi—

81 2220 172 2257 tem,
196 2215 296 2262 quod
325 2215 473 2256 virium,
504 2214 603 2262 quod
632 2213 778 2248 roboris
809 2220 910 2249 erat:
943 2213 982 2248 in
1011 2213 1188 2248 cornibus

85 2277 323 2313 circumfudit
351 2278 478 2313 decem
507 2277 623 2312 millia
649 2277 841 2324 equitum3
875 2282 912 2311 et
939 2276 985 2311 ab
1013 2275 1189 2311 cornibus

85 2340 124 2375 in
144 2346 338 2389 utramque
356 2347 501 2390 partem
522 2340 657 2375 divisos
677 2339 896 2389 elephantos
914 2339 1057 2374 statuit.
1089 2339 1193 2374 Con-

1162 301 1251 332 U.C.
1272 305 1343 331 534,

1163 347 1203 376 A.
1217 344 1254 375 C.
1271 348 1344 373 213,
