1527 2661
294 221 374 262 108
748 232 952 263 T.·L1v11

95 329 133 360 U.
148 329 185 359 C.
203 334 275 364 457.
288 321 451 358 dabant:
483 326 592 358 tanta
610 321 748 371 cupido
769 329 849 359 erat
868 322 937 358 sub
959 335 1004 358 eo
1020 322 1115 358 duce
1135 322 1325 373 stipendia
1343 322 1401 359 fa-

92 374 132 403 Α·
148 373 186 403 C·
202 379 425 423 ²95'ciendi.
468 387 555 426 Qua
573 386 820 423 circumfusus
850 387 976 430 turba,
1001 388 1167 428 Quatuor
1194 389 1324 431 millia,
1349 388 1409 424 in-

291 452 386 501 quit,
403 454 568 500 peditum
591 457 625 487 et
647 457 825 488 sexcentos
843 453 977 499 equites
999 453 1189 488 dumtaxat
1207 454 1357 490 scribere
1374 456 1412 490 in

290 519 412 553 (mimo
430 521 481 553 est
494 533 505 552 .·
534 516 702 552 hodierno
721 521 755 552 et
774 518 929 552 crastino
950 517 1006 552 die
1025 518 1086 564 qui
1107 519 1254 553 nomi-na
1273 519 1414 554 dederi-2

295 583 351 624 tis,
373 593 510 617 mecum
530 581 658 616 ducam
672 596 684 616 .·
713 579 843 626 majori
864 580 950 616 mihi
969 593 1062 617 στω-αῖ
1080 586 1143 623 est,
1165 585 1205 617 ut
1224 594 1342 618 omnes
1362 583 1416 619 lo-

286 646 449 694 cupletes
467 647 649 685 reducam,
667 657 775 692 quam
794 650 834 680 ut
854 645 976 680 multis
994 657 1069 681 rem
1086 657 1211 692 geram
1229 647 1413 684 militibus.

104 714 218 761 Fabius
234 712 267 741 in
290 710 495 746 ‘Profectus
527 714 618 758 apto
649 708 832 751 exercitu,
854 714 891 744 et
918 721 963 744 eo
993 708 1076 758 plus
1098 708 1242 745 fiduciae
1272 723 1316 746 ac
1336 711 1416 760 spei

104 767 257 830 ξῖἓῐᾚῒε-
298 781 466 823 gerente,
488 774 589 823 quod
608 786 687 809 non
707 773 917 809 desiderata
943 772 1147 809 multitudo
1167 780 1261 817 erat,
1283 774 1330 811 ad
1348 788 1418 824 op-

104 844 161 873 nit.
296 839 427 890 pidum
445 839 656 881 Aharnam,
677 838 776 874 unde
795 838 896 874 haud
921 837 1053 887 procul
1079 837 1208 873 hostes
1229 845 1350 881 erant,
1371 839 1419 875 ad

300 909 424 940 castra
448 903 565 952 Appii
590 902 762 952 praetoris
793 902 940 951 pergit:
974 902 1102 952 paucis
1131 902 1226 937 citra
1253 901 1417 938 millibus

299 967 507 1017 lignatores
528 967 562 1003 ei
582 980 667 1002 cum
686 967 861 1016 praesidio
881 966 1113 1010 obcurrunt3
1148 966 1225 1014 qui,
1248 972 1289 1002 ut
1307 965 1420 1002 licto-

303 1044 361 1068 res
380 1031 565 1082 praegredi
584 1030 772 1074 viderunt,
789 1029 1026 1079 Fabiumque
1046 1042 1126 1064 esse
1143 1029 1337 1066 consulem
1357 1043 1421 1066 ac-

306 1109 452 1147 cepere,
473 1095 549 1132 laeti
577 1101 690 1144 atque
713 1095 853 1131 alacres
878 1094 963 1130 Diis
995 1093 1213 1143 populoque
1239 1093 1423 1131 Romano

308 1167 432 1209 grates
453 1165 585 1208 agunt,
608 1159 710 1208 quod
729 1171 815 1194 eum
835 1158 907 1194 sibi
926 1159 1194 1207 imperatorem
1221 1159 1424 1195 misissent.

309 1223 538 1260 circumfusi
558 1224 693 1259 deinde
710 1235 823 1271 quum
842 1221 1036 1257 consulem
1057 1221 1277 1265 salutarent,
1292 1224 1427 1271 quaerit

308 1288 464 1331 Fabius,
494 1300 570 1336 quo
605 1293 828 1337 pergerent,
867 1286 1273 1336 respondentibusque,
1305 1286 1428 1334 ligna-

309 1361 391 1389 tum
421 1365 460 1389 se
488 1353 556 1395 ire,
588 1355 658 1389 ain'
683 1354 842 1395 tandem,
863 1352 999 1400 inquit,
1030 1364 1115 1387 num
1144 1357 1263 1387 castra
1290 1354 1431 1389 vallata

308 1431 378 1455 non
400 1419 533 1454 habetis
547 1420 567 1454 ‚⁹
594 1418 655 1453 Ad
673 1418 747 1454 hoc
768 1430 883 1465 quum
910 1416 1185 1452 subclamatum
1206 1422 1327 1462 esset3
1361 1419 1428 1453 du-

309 1484 399 1531 plici
418 1485 559 1531 quidem
577 1484 686 1525 vallo,
714 1487 749 1518 et
760 1482 879 1531 fossa,
901 1486 935 1517 et
965 1485 1084 1516 tamen
1114 1483 1150 1516 z'n
1176 1482 1310 1528 ingenti
1335 1488 1432 1522 metu

295 1560 382 1584 -esse
395 1564 407 1584 :
435 1548 570 1584 habetis
592 1549 715 1595 igitur,
736 1547 873 1596 inquit,
893 1546 1049 1595 adfatim
1075 1547 1253 1592 lignorum
1266 1562 1278 1582 .·
1306 1548 1434 1591 redite,

315 1618 350 1647 et
377 1613 495 1648 vellite
528 1613 678 1648 vallum.
721 1611 899 1647 Redeunt
928 1611 967 1646 in
1001 1615 1137 1651 eastra,
1172 1615 1429 1660 terroremque

317 1676 384 1719 ibi,
406 1675 585 1712 vellentes
613 1675 765 1718 vallum,
788 1682 825 1711 et
854 1676 914 1718 iis,
937 1675 999 1723 qui
1027 1675 1064 1709 in
1085 1674 1217 1709 castris
1241 1686 1433 1711 remanse-

317 1746 418 1783 rant,
439 1739 637 1783 militibus,
659 1746 696 1776 et
716 1740 787 1790 ipsi
807 1740 934 1789 Appio
954 1739 1138 1774 fecerunt.
1179 1738 1278 1774 Tum
1303 1752 1373 1788 pro
1393 1752 1432 1776 se

320 1805 478 1854 quisque
516 1804 580 1840 alii
610 1805 691 1840 aliis
723 1805 860 1847 dicere,
891 1805 1042 1841 consulis
1069 1816 1103 1839 se
1125 1804 1167 1844 Q.
1188 1804 1288 1839 Fabii
1305 1803 1436 1852 facere

311 1869 426 1917 jussu.
466 1868 627 1905 Postero
647 1870 733 1905 inde
754 1869 813 1905 die
832 1875 956 1905 castra
975 1874 1092 1910 mota,
1115 1874 1153 1903 et
1171 1868 1317 1918 Appius
1338 1882 1434 1918 prae-

319 1941 381 1971 tor
399 1933 565 1970 Romam
586 1934 759 1969 dimissus
776 1949 782 1969 :
816 1934 901 1969 inde
920 1946 1107 1981 nusquam
1134 1923 1271 1968 stativa
1289 1933 1434 1970 Roma-

320 1999 378 2035 nis
399 1998 525 2033 fuere:
559 1997 724 2045 negabat
752 1997 843 2032 utile
862 2009 956 2039 esse,
977 2009 1054 2032 uno
1074 1996 1160 2032 loco
1179 1997 1306 2032 sedere
1333 2009 1438 2033 exer—

323 2064 462 2099 eitum:
495 2062 692 2098 itineribus
713 2075 757 2097 ac
784 2062 996 2097 mutatione
1016 2061 1185 2096 locorum
1212 2061 1440 2098 nobiliorem

325 2141 371 2164 ac
395 2126 642 2163 salubriorem
669 2139 772 2162 esse:
806 2126 947 2162 fiebant
972 2132 1099 2162 autem
1126 2126 1276 2168 itinera,
1296 2132 1440 2174 quanta

327 2192 408 2229 fieri
427 2191 574 2227 sinebat
593 2192 712 2227 hiems
739 2191 929 2227 hauddum
951 2196 1094 2227 exacta.
1138 2190 1236 2226 Vere
1255 2191 1350 2226 inde*
1364 2191 1440 2240 pri-

328 2269 405 2299 mo,
436 2255 566 2291 relicta
593 2256 756 2291 secunda
781 2255 932 2304 legione
959 2255 1004 2291 ad
1026 2255 1210 2297 Clusium,
1239 2255 1339 2303 quod
1367 2256 1440 2292 Ca-

330 2333 428 2356 mars
456 2319 546 2356 olim
572 2319 827 2370 adpellabant,
849 2321 1128 2370 praepositoque
1148 2320 1279 2355 castris
1300 2319 1345 2356 L.
1360 2320 1441 2356 Sci·
1488 2342 1489 2347 =

331 2386 445 2436 pione
477 2397 547 2436 pro
579 2391 754 2435 praetore,
781 2384 947 2421 Romam
974 2385 1054 2436 ipse
1080 2384 1128 2421 ad
1153 2383 1445 2421 consultandum
