1527 2661
351 191 506 220 mmm
532 190 671 218 xxvl.
706 189 812 218 CAP.
838 190 1031 218 xxx111.
1165 186 1247 232 545

134 283 196 319 tiae
215 282 261 319 T.
276 281 425 318 Manlio
444 280 657 329 Torquato,
679 292 759 316 cum
782 282 942 328 tyrannis
967 281 1099 317 bellum
1122 293 1250 328 geren·
1263 293 1305 323 υ,
1318 293 1355 323 c,
1370 300 1444 324 542.

134 348 220 382 dum
237 346 369 397 fuisse,
400 352 612 387 censerent,
643 344 799 380 hostibus
824 349 860 380 et
889 345 1195 393 Syracusanorum
1217 350 1252 381 et
1264 337 1302 368 Α·
1317 337 1444 369 021⁰·

128 412 258 460 populi
275 410 458 446 Romani:
488 414 523 445 et
550 410 671 445 urbem
696 410 821 457 recipi,
845 421 914 444 non
939 411 1045 457 capi:
1074 414 1108 444 et
1130 421 1251 458 recep-

134 481 209 512 tam
239 477 371 524 legibus
399 477 555 528 antiquis
579 480 615 511 et
644 475 807 510 libertate
834 475 1002 518 stabiliri,
1024 487 1095 512 non
1113 474 1253 523 fessam

135 541 334 577 miseranda
351 542 521 576 servitute
539 540 629 576 bello
648 540 782 589 adfligi.
841 540 941 575 Inter
967 545 1198 587 tyrannorum
1218 544 1253 575 et

134 606 233 641 ducis
261 604 420 640 Romani
447 606 657 646 certam-ina,
684 605 871 652 praemium
901 605 1043 640 victoris
1070 605 1106 639 in
1135 604 1253 639 medio

131 671 288 718 positam
308 669 428 704 urbem
448 668 730 717 pulcherrimam
755 681 797 704 ac
815 668 1070 704 nobilissimam
1090 669 1252 716 periisse,

134 733 300 769 horreum
319 738 428 781 atque
446 734 613 768 cerarium
632 733 815 780 quondam
830 733 960 780 populi
980 733 1162 768 Romani:
1191 743 1253 768 cu-

121 795 188 843 jus
206 797 447 846 munificentia
472 808 515 832 ac
541 797 641 831 donis
662 797 786 832 multis
806 796 1084 844 tempestatibus,
1106 795 1172 832 hoc
1191 796 1253 831 de-

133 862 240 909 nique
268 862 343 908 ipso
373 860 513 896 Punico
542 859 646 901 bello,
674 858 802 906 adjuta
830 865 1028 907 ornataque
1056 859 1255 907 respublica

133 929 233 961 esset.
280 925 324 960 Si
348 924 393 960 ab
417 923 545 972 inseris
566 926 714 960 exsistat
734 936 797 960 rex
814 924 942 965 Hiero,
960 924 1162 972 fidissimus
1185 924 1254 958 im-

130 990 227 1038 perii
246 987 403 1024 Romani
427 988 557 1030 cultor,
577 1000 647 1037 quo
675 1000 735 1023 ore
759 992 823 1023 aut
849 988 1059 1035 Syracusas,
1086 991 1152 1023 aut
1177 985 1254 1023 Ro-

133 1065 232 1089 mam
251 1054 284 1088 ei
301 1052 436 1088 ostendi
458 1053 592 1100 posse.9
611 1064 734 1100 quum,
754 1051 814 1088 ubi
830 1053 1040 1087 semirutam
1059 1063 1102 1086 ac
1119 1051 1254 1099 spolia-

137 1122 212 1153 tam
227 1118 391 1165 patriam
410 1118 627 1165 respexisset,
646 1117 846 1163 ingrediens
860 1115 1016 1151 Romam
1036 1117 1072 1151 in
1085 1115 1256 1152 vestibulo

135 1181 244 1224 urbis,
270 1193 385 1229 prope
413 1182 451 1217 in
473 1185 599 1229 porta,
618 1181 736 1228 spolia
760 1182 891 1228 patriae
917 1192 988 1216 suae
1014 1181 1154 1216 visurus
1176 1180 1258 1215 sit.9

138 1243 236 1281 Haec
254 1244 421 1295 taliaque
443 1257 559 1294 quum
584 1245 630 1280 ad
656 1244 837 1281 invidiam
856 1244 1021 1280 consulis
1041 1244 1256 1280 miseratio-

135 1321 298 1359 nemque
328 1309 543 1346 Siculorum
569 1310 796 1353 dicerentur,
817 1310 945 1345 mitius
972 1315 1101 1345 tamen
1128 1308 1258 1344 decre-

136 1378 272 1409 verunt
290 1372 422 1410 Patres
443 1385 575 1410 caussa
594 1372 770 1409 Marcelli
789 1388 797 1408 :
833 1374 920 1415 Quae
940 1375 968 1409 is
983 1385 1108 1420 gerens
1126 1372 1258 1408 bellum

135 1437 318 1485 victorque
334 1439 472 1485 egisset,
493 1443 577 1473 rata
602 1437 763 1473 habenda
782 1448 853 1473 esse
868 1453 881 1473 :
911 1438 948 1472 in
966 1438 1146 1484 reliquum
1165 1448 1259 1472 curce

133 1501 273 1536 senatui
285 1498 375 1548 fore
399 1511 474 1535 rem
499 1499 780 1548 Syracusanam,
799 1500 1103 1548 mandaturosque
1123 1499 1260 1535 consuli

137 1564 298 1608 Laevino,
315 1565 412 1613 quod
423 1566 500 1600 sine
508 1563 661 1611 jactura
675 1565 970 1614 reipublicaefieri
986 1570 1117 1613 posset,
1127 1565 1258 1614 fortu-

138 1630 193 1664 nis
220 1627 293 1675 ejus
318 1630 473 1665 civitatis
496 1629 703 1665 consuleret.
750 1628 881 1664 Missis
902 1628 1049 1665 duobus
1070 1630 1258 1666 senatori-

138 1692 209 1729 bus
229 1694 267 1728 in
289 1692 522 1743 Capitolium
547 1692 595 1728 ad
621 1692 833 1736 consulem,
856 1694 911 1728 uti
930 1694 1068 1729 rediret
1093 1694 1131 1729 in
1159 1694 1257 1730 curi-

140 1770 217 1800 am,
238 1764 276 1793 et
302 1757 529 1794 introductis
557 1757 707 1800 Siculis,
729 1757 1101 1793 senatusconsultum
1121 1758 1259 1794 recita-

140 1828 223 1858 tum
243 1828 300 1858 est
319 1837 327 1857 ;
359 1821 563 1870 legatique,
584 1821 750 1870 benigne
768 1822 948 1872 adpellati
969 1836 1011 1858 ac
1033 1823 1190 1866 dimissi,
1212 1822 1260 1859 ad

142 1898 266 1935 genua
285 1898 324 1922 se
343 1885 518 1922 Marcelli
537 1886 702 1922 consulis
723 1884 980 1936 projecerunt,
1000 1886 1259 1929 obsecrantes,

140 1955 194 1993 ut,
211 1963 288 1999 quae
308 1951 538 1999 deplorandae
555 1963 599 1986 ac
618 1951 777 1987 levandae
795 1951 1018 1987 calamitatis
1037 1964 1162 1988 caussa
1180 1953 1259 1987 dz'oe-
1273 1959 1439 1999 Syracusae

142 2016 261 2057 issent,
282 2017 424 2051 veniam
451 2016 502 2051 eis
528 2016 644 2058 daret,
664 2020 700 2052 et
730 2017 766 2051 in
781 2016 897 2065 fidem
927 2018 1199 2064 clientelamque
1225 2004 1306 2051 sein
1319 2001 1466 2032 enemel‘

141 2079 332 2127 urbemque
350 2079 548 2127 Syracusas
566 2080 743 2128 acciperet
758 2096 769 2116 .·
797 2086 885 2129 post
912 2079 993 2115 haec
1023 2079 1156 2115 consul
1185 2078 1260 2115 cle·
1277 2044 1433 2075 Marcelh,

143 2148 290 2178 menter
309 2142 517 2193 adpellatos
537 2143 691 2181 dimisit.

209 2206 412 2243 XXXIII.
457 2208 661 2257 Campanis
694 2207 828 2243 deinde
860 2214 1013 2244 senatus
1047 2207 1155 2243 datus
1189 2213 1259 2250 est,
1275 2218 1450 2257 Campanis

145 2282 306 2318 quorum
326 2270 450 2306 oratio
470 2271 733 2314 miserabilior,
755 2283 888 2307 caussa
910 2271 1039 2307 durior
1059 2277 1161 2306 erat:
1195 2283 1260 2306 ne-
1274 2262 1366 2334 {¹2²3OE
1375 2270 1466 2291 ⁵⁶⁰³·

144 2346 217 2383 que
245 2335 347 2371 enim
375 2336 528 2372 meritas
558 2348 689 2386 poenas
720 2348 858 2384 negare
887 2342 1079 2386 poterant,
1107 2347 1175 2370 nec
1203 2342 1261 2384 ty—
1290 2315 1308 2335 u
1331 2327 1338 2334 ’
