1527 2661
299 172 376 225 198
745 185 790 213 T.
815 185 947 214 L1v11

99 276 141 307 U.
155 276 191 306 C.
210 283 282 308 534.
289 277 540 320 pugnaverunt
559 273 706 315 insulas,
727 279 763 308 et
781 285 866 320 quos
884 273 926 309 ab
946 273 1061 320 Eryce
1077 273 1318 309 duodevicenis
1337 274 1399 309 de-

97 319 137 349 A'
153 319 191 350 c·
208 327 403 372 21‘³‘nariis
430 339 620 373 aestimatos
647 339 832 373 emisistis:
859 342 894 373 et
918 342 1039 373 utrum
1057 337 1244 373 Hannibal
1272 337 1329 373 hie
1352 339 1400 372 sit

292 401 440 437 (emulus
467 403 635 437 itinerum
657 401 836 443 Herculis,
865 406 908 436 ut
929 402 1002 448 ipse
1020 400 1114 448 fert,
1146 413 1193 436 an
1217 401 1400 447 vectigalis

289 466 609 512 stipendiariusque
633 469 668 499 et
692 476 810 500 servus
834 465 962 511 populi
980 464 1137 499 Romani
1162 477 1185 499 a
1212 468 1318 512 patre
1342 475 1399 498 re-

290 529 419 564 lictus:
448 540 551 576 quem
576 530 644 564 nisi
663 528 904 575 Saguntinum
928 528 1039 563 scelus
1058 530 1228 574 agitaret,
1248 528 1399 575 respice-

288 597 344 627 ret
357 591 536 640 profecto,
556 594 586 628 si
604 604 675 627 non
697 593 855 640 patriam
876 594 1021 634 victam,
1043 593 1188 627 domam
1207 596 1312 634 certe,
1329 603 1400 639 pa-

291 660 460 703 tremque,
500 661 535 691 et
559 655 706 704 foedera
734 656 957 692 Hamilcaris
990 657 1126 703 scripta
1160 667 1294 691 manu:
1324 656 1398 703 qui,

279 718 401 765 jussus
425 732 447 755 a
473 720 616 756 consule
639 724 773 763 nostro,
797 721 1004 768 praesidium
1023 721 1169 756 deduxit
1197 718 1240 755 ab
1258 719 1401 766 Eryce:
1446 726 1449 729 ⁴

289 785 349 832 qui
364 796 491 831 graves
516 785 688 832 inpositas
711 786 814 821 victis
831 784 1190 832 Karthaginiensibus
1209 785 1300 831 leges
1313 782 1400 832 fre-

287 860 385 884 mens
403 861 616 897 moerensque
637 850 797 898 accepit:
825 851 886 897 qui
904 849 1069 885 decedere
1088 848 1229 890 Sicilia,
1251 848 1312 895 qui
1334 848 1400 882 sti-

284 914 456 961 pendium
472 915 609 962 populo
627 913 794 950 Romano
813 915 900 950 dare
921 917 1051 961 pactus
1070 917 1133 948 est.
1193 912 1322 959 Itaque
1339 922 1401 947 vos

287 989 364 1024 eg0,
384 978 529 1021 milites,
558 991 627 1015 non
653 990 693 1015 eo
721 978 835 1015 solum
863 979 997 1020 animo,
1018 989 1087 1026 quo
1116 977 1283 1013 adversus
1309 976 1402 1011 alios

287 1040 402 1077 hostes
435 1042 568 1084 soletis,
594 1055 759 1091 pugnare
786 1042 916 1085 velim,·
945 1042 1007 1077 sed
1041 1053 1119 1077 cum
1152 1041 1399 1087 indignatione

286 1106 443 1152 quadam
471 1110 578 1154 atque
597 1108 679 1142 ira:
707 1106 805 1142 velut
822 1107 852 1141 si
870 1117 985 1142 servos
1011 1105 1164 1140 ‘videatis
1181 1108 1311 1140 vestros
1338 1114 1399 1138 ar-

283 1180 346 1204 ma
372 1174 517 1216 repente
544 1175 670 1205 contra
697 1182 757 1206 vos
781 1169 955 1218 ferentes.
1013 1168 1136 1204 Licuit
1171 1168 1221 1202 ad
1248 1167 1401 1214 Erycem

286 1233 436 1275 clausos,
451 1234 581 1269 ultimo
598 1234 773 1282 supplicio
793 1233 1043 1274 humanorum,
1054 1230 1164 1279 fame
1178 1230 1375 1279 interficere
1387 1244 1401 1265 .-

286 1296 387 1332 licuit
404 1299 585 1334 victricem
604 1299 749 1334 classem
766 1299 804 1333 in
822 1296 991 1346 Africam
1018 1294 1195 1342 trajicere,
1216 1300 1324 1343 atque
1341 1295 1398 1330 in-

281 1366 344 1398 tra
360 1374 495 1426 paucos
509 1363 584 1400 dies
596 1364 671 1400 sine
689 1363 764 1402 ullo
782 1362 977 1403 certamine
989 1360 1254 1402 Karthaginem
1269 1358 1402 1409 delssrssr

288 1442 436 1478 Veniam
464 1441 625 1477 dedimus
650 1440 901 1489 precantibus:
930 1441 1108 1475 emisimus
1126 1450 1169 1474 ex
1195 1438 1375 1474 obsidione
1387 1454 1399 1474 .-

280 1517 407 1553 pacem
425 1517 505 1541 cum
523 1505 626 1540 victis
640 1503 799 1553 fecimus
812 1520 823 1540 .·
855 1504 975 1539 tutelae
994 1503 1119 1539 deinde
1144 1506 1273 1537 nostrie
1292 1502 1396 1537 duxi-

282 1581 373 1612 muS‚
395 1582 503 1618 quum
521 1568 649 1617 Africo
668 1568 757 1604 bello
786 1572 1011 1615 urgerentur.
1068 1567 1144 1602 Pro
1162 1565 1215 1601 his
1240 1567 1397 1613 inparti·

287 1636 344 1676 tis,
360 1633 546 1683 furiosum
562 1633 730 1680 juvenem
755 1637 947 1680 sequentes,
973 1631 1214 1679 obpugnatum
1235 1631 1397 1677 patriam

285 1702 442 1734 nostram
472 1699 626 1732 veniunt.
683 1698 803 1744 Atque
834 1698 973 1732 utinam
1002 1707 1071 1743 pro
1104 1695 1228 1729 decore
1257 1697 1397 1728 tantum

286 1761 352 1796 hoc
375 1761 482 1803 vobis,
502 1765 537 1796 et
563 1772 633 1795 non
657 1772 726 1808 pro
756 1760 885 1801 salute,
917 1763 1003 1794 esset
1033 1762 1237 1793 certamen:
1265 1767 1335 1791 non
1353 1757 1397 1792 de

281 1827 494 1872 possessione
530 1824 666 1860 Siciliae
695 1836 737 1859 ac
770 1823 962 1864 Sardiniae,
995 1822 1038 1857 de
1067 1821 1190 1869 quibus
1219 1821 1399 1868 quondam

285 1888 471 1935 agebatur,
491 1889 552 1923 sed
574 1900 641 1935 pro
661 1887 775 1922 Italia
794 1887 886 1922 vobis
905 1891 955 1921 est
975 1885 1213 1933 pugnandum
1227 1899 1239 1919 .·
1265 1895 1327 1919 nec
1346 1887 1398 1918 est

285 1953 379 1987 alius
407 1951 449 1986 ab
482 1956 580 1997 tergo
610 1952 792 1991 exercitus,
815 1951 889 1997 qui,
918 1950 986 1984 nisi
1014 1960 1076 1984 nos
1102 1949 1286 1989 vincimus,
1307 1946 1399 1983 hosti

285 2015 428 2052 obsistat
439 2031 452 2058 ;
480 2027 543 2050 nee
561 2016 671 2062 Alpes
689 2015 770 2050 aliae
787 2018 881 2056 sunt,
899 2025 986 2060 quas
1000 2014 1081 2048 dum
1099 2015 1281 2059 superant,
1303 2021 1397 2045 eom·

280 2081 410 2128 parari
435 2091 523 2114 nova
545 2081 683 2126 possint
705 2079 873 2125 praesidia
888 2094 899 2113 .·
928 2078 983 2112 hic
1007 2081 1059 2112 est
1087 2076 1310 2116 obstandum,
1329 2073 1396 2109 mi-

285 2144 377 2186 lites,
396 2144 494 2179 velut
518 2145 547 2178 si
573 2148 655 2178 ante
675 2143 841 2178 Romana
866 2143 993 2177 incenia
1013 2151 1221 2188 pugnemus.
1284 2138 1398 2173 Unus·

285 2210 428 2255 quisque
455 2219 490 2242 se
517 2219 588 2242 non
612 2218 737 2254 corpus
763 2218 880 2248 suum,
909 2206 970 2241 sed
998 2203 1179 2251 conjugem
1198 2215 1241 2238 ae
1271 2201 1396 2238 liberos

282 2283 412 2318 parvos
441 2273 551 2307 armis
578 2276 766 2318 protegere
792 2274 922 2318 putet:
950 2281 1011 2305 nec
1041 2269 1249 2304 domesticas
1280 2266 1395 2302 solum

285 2336 397 2382 agitet
414 2346 529 2378 curas,
548 2335 610 2370 sed
630 2334 836 2370 idemtidem
855 2333 920 2369 hoc
938 2334 1057 2370 animo
1078 2336 1231 2380 reputet,
1254 2333 1391 2366 nostras
