1527 2661
75 252 251 284 U.C.541.

73 296 243 327 A.C.211.

261 163 346 206 512
711 168 757 196 T.
784 169 918 197 mvn

264 254 558 300 exaudiebatur5
597 256 660 292 sed
690 258 854 307 undique
882 266 1079 303 matronae,
1110 262 1149 297 in
1180 262 1376 312 publicum

263 318 403 362 effusae,
419 320 518 356 circa
536 319 663 356 Deum
683 321 837 357 delubra
858 322 1085 367 discurrunt,
1103 325 1268 362 crinibus
1288 340 1375 377 pas-

264 383 313 417 sis
343 395 425 418 aras
451 390 656 427 verrenteS,
676 385 774 420 nixae
801 385 973 433 genibus,
995 388 1147 437 supinas
1175 401 1308 426 manus
1329 391 1379 427 ad'

265 445 402 482 coelum
433 460 476 483 ac
508 446 613 484 Deos
647 449 859 492 tendentes,
892 458 1131 501 orantesque,
1166 460 1208 489 ut
1244 454 1377 491 urbem

263 509 479 548 Romanam
501 525 520 548 e
540 513 712 549 manibus
731 515 899 550 hostium
920 516 1107 565 eriperent
1123 531 1135 562 ς
1166 523 1378 567 matresque

262 574 459 611 Romanas
480 583 518 612 et
535 576 675 613 liberos
695 590 830 627 parvos
851 578 1055 616 inviolatos
1072 588 1275 618 servarent.
1311 581 1378 618 Se-

264 646 374 675 natus
394 640 678 688 magistratibus
702 642 742 677 in
767 641 853 677 foro
872 648 1011 692 praesto
1035 649 1105 687 est,
1126 644 1157 679 si
1177 644 1267 693 quid
1287 657 1377 681 con-

263 703 386 740 sulere
407 704 536 749 velint.
592 704 671 741 Alii
698 706 888 756 accipiunt
913 707 1084 757 imperia,
1109 708 1383 758 disceduntque

265 768 312 804 ad
331 781 417 805 suas
437 770 595 819 quisque
614 770 824 807 officiorum
843 777 968 821 partes
988 785 996 806 ε
1029 770 1092 807 alii
1119 771 1298 809 obferunt
1325 785 1381 816 se,

265 833 296 868 ti
316 846 393 882 quo
412 846 500 870 usus
521 848 645 885 operae
672 836 743 871 sit:
776 835 950 886 praesidia
976 836 1015 871 in
1043 848 1141 879 arce,
1162 836 1201 872 in
1223 836 1381 886 Capito-

264 897 331 941 lio,
351 898 392 934 in
417 899 548 941 muris,
569 900 669 936 circa
696 899 841 943 urbem,
868 900 907 936 in
930 907 1061 936 monte
1087 901 1202 937 etiam
1227 900 1384 937 Albano
1434 932 1439 936 ,

265 968 380 1011 atque
399 975 484 999 arce
503 962 691 1000 AEsulana
715 970 923 1013 ponuntur.
980 964 1087 1001 Inter
1112 965 1216 1000 hunc
1239 963 1383 1000 tumul·

265 1032 361 1071 tum,
382 1027 431 1066 Q.
448 1026 623 1064 Fulvium
645 1029 911 1078 proconsulem
937 1029 1152 1079 profectum
1171 1042 1256 1066 cum
1276 1043 1382 1067 exer-

266 1091 344 1128 citu
364 1105 387 1128 a
406 1093 539 1142 Capua
557 1092 746 1138 adfertur3
770 1094 829 1129 cui
849 1107 897 1130 ne
916 1094 1149 1130 minueretur
1168 1095 1381 1144 imperium,

265 1156 298 1192 si
326 1156 366 1192 in
391 1156 522 1193 urbem
547 1157 724 1201 venisset,
746 1157 913 1194 decernit
934 1165 1101 1202 senatus,
1123 1165 1165 1194 ut
1183 1159 1231 1198 Q.
1247 1158 1383 1196 Fulvio

265 1232 336 1271 par
354 1233 440 1257 cum
459 1219 677 1258 consulibus
704 1221 904 1271 imperium
924 1228 1035 1259 esset.
1092 1221 1303 1265 Hannibal,
1324 1223 1384 1259 in·

266 1283 400 1320 festius
429 1284 682 1335 perpopulato
711 1297 803 1334 agro
832 1285 1058 1334 Fregellano
1086 1291 1242 1335 propter
1266 1286 1384 1322 inter-

268 1348 366 1384 cisos
400 1354 553 1398 pontes,
582 1361 648 1397 per
681 1348 924 1385 Frusinatem
955 1348 1314 1398 Ferentinatemque
1347 1351 1385 1385 et

268 1413 516 1461 Anagninum
536 1425 668 1462 agrum
687 1413 726 1448 in
745 1411 980 1449 Lavicanum
996 1414 1118 1449 venit:
1141 1413 1227 1449 inde
1242 1412 1384 1461 Algido

268 1476 476 1512 Tusculum
495 1477 628 1526 petiit:
661 1489 730 1512 nec
751 1482 922 1526 receptus
943 1477 1146 1519 moenibus,
1168 1476 1267 1512 infra
1284 1475 1382 1512 Tus-

270 1540 397 1577 culum
417 1541 636 1577 dextrorsus
655 1540 798 1576 Gabios
819 1541 1032 1577 descendit:
1060 1541 1147 1576 inde
1166 1541 1205 1576 in
1226 1540 1385 1590 Pupini-

271 1618 331 1642 am
352 1605 519 1641 exercitu
539 1605 716 1646 demisso,
739 1611 827 1640 octo
848 1604 966 1641 millia
993 1617 1170 1654 passuum
1191 1604 1237 1640 ab
1258 1603 1386 1640 Roma

269 1673 398 1723 posuit
428 1678 564 1709 castra.
630 1672 718 1711 Quo
749 1672 902 1721 propius
933 1670 1054 1705 hostis
1088 1668 1305 1710 accedebat,
1339 1680 1387 1704 eo

269 1739 392 1789 major
419 1739 535 1775 caedes
566 1738 678 1775 fiebat
704 1738 947 1786 fugientium,
974 1734 1271 1786 praecedentibus
1301 1733 1386 1770 Nu-

271 1805 405 1842 midis:
438 1804 638 1853 pluresque
666 1803 837 1838 omnium
867 1812 1048 1849 generum
1076 1806 1188 1848 atque
1218 1799 1387 1835 aetatium

272 1869 530 1921 capiebantur.

326 1935 378 1972 X.
409 1934 455 1970 In
474 1935 549 1970 hoc
568 1932 733 1969 tumultu
749 1931 902 1968 Fulvius
919 1930 1091 1973 Flaccus,
1106 1936 1216 1979 porta
1233 1928 1388 1978 Capena

275 2014 361 2038 cum
381 1999 548 2036 exercitu
567 1997 731 2034 Romam
752 1998 957 2044 ingl'essuS,
975 1995 1094 2030 media
1115 1993 1208 2029 urbe
1227 2005 1294 2042 per
1314 1992 1387 2027 Ca-

276 2067 375 2104 rinas
402 2063 591 2112 Esquilias
619 2061 838 2098 contendit:
870 2060 958 2096 inde
984 2070 1168 2107 egressus,
1193 2058 1291 2092 inter
1316 2055 1387 2091 Es-

276 2130 460 2181 quilinam
479 2127 742 2174 Collinamque
769 2131 916 2175 portam
939 2123 1067 2173 posuit
1087 2127 1220 2158 castra.
1277 2119 1388 2155 AEdi-

277 2195 329 2232 les
353 2193 472 2245 plebis
500 2196 752 2228 commeatum
778 2202 823 2225 eo
848 2192 1146 2236 comportarunt.
1204 2182 1389 2219 Consules

279 2266 505 2308 senatusque
535 2257 574 2292 in
606 2261 729 2291 castra
757 2258 963 2289 venerunt:
1007 2250 1059 2286 ibi
1085 2250 1131 2285 de
1157 2259 1301 2284 summa
1331 2259 1391 2281 re-

280 2324 431 2371 publica
450 2320 718 2359 consultatum.
765 2317 928 2359 Placuit,
950 2314 1122 2352 consules
1142 2313 1241 2348 circa
1261 2317 1391 2360 portas
