1527 2661
68 286 111 317 U.
126 279 161 316 C.
181 291 253 316 434.

67 331 108 360 A.
125 329 161 360 C.
179 336 254 360 318.

77 921 192 953 Proelio

76 971 253 995 vincuntur

79 1008 241 1038 Samnites

80 1060 100 1082 a
115 1050 263 1081 Publilio.

265 193 319 226 20
705 196 749 224 Τ.
774 196 907 225 LIVII

266 290 366 319 runt.
398 283 597 327 Consules,
618 285 718 320 inter
743 297 781 321 se
800 285 930 335 partiti
956 285 1184 335 provincias,
1205 283 1382 334 Papirius

267 348 306 383 in
326 347 505 398 Apuliam
525 349 571 385 ad
591 349 791 385 Luceriam
808 350 944 399 pergit,
967 349 1031 386 ubi
1048 350 1192 399 equites
1211 347 1381 384 Romani

267 412 418 449 obsides
439 413 486 449 ad
517 414 700 449 Caudium
722 414 800 450 dati
826 414 1162 451 custodiebantur:
1194 412 1382 449 Publilius

267 476 306 513 in
344 477 499 514 Samnio
538 477 708 514 substitit
751 479 927 515 adversus
967 479 1157 514 Caudinas
1200 477 1384 526 legiones.

267 540 464 577 Distendit
494 554 538 577 ea
567 555 625 578 res
656 543 884 578 Samnitium
914 544 1085 587 anim053
1118 542 1220 590 quod
1239 554 1310 577 nec
1339 539 1387 575 ad

267 605 470 650 Luceriam
490 607 557 648 ire,
578 618 626 641 ne
656 606 703 642 ab
732 613 842 655 tergo
863 608 1023 643 instaret
1050 607 1187 649 hostis,
1208 618 1278 642 nec
1307 616 1388 640 ma-

268 682 372 712 nere,
403 682 451 705 ne
479 670 643 706 Luceria
675 671 826 708 interim
864 673 1115 714 amitteretur,
1147 670 1237 707 satis
1276 668 1391 705 aude-

270 733 375 770 bant.
421 734 621 784 Optimum
640 735 761 771 visum
781 743 838 773 est
858 737 1096 773 committere
1111 748 1190 772 rem
1209 734 1390 776 fortunae,

271 803 310 834 et
345 799 556 848 transigere
593 813 678 835 cum
715 800 883 838 Publilio
921 809 1125 838 certamen.
1178 799 1315 847 Itaque
1351 797 1391 834 in

271 863 391 898 aciem
411 862 538 912 copias
560 863 736 901 educunt.

327 926 445 963 XIII.
474 929 664 965 Adversus
692 941 786 979 quos
817 929 1003 967 Publilius
1036 927 1168 966 consul
1189 939 1305 976 quum
1334 924 1391 962 di-

275 992 481 1028 micaturus
511 999 623 1035 esset,
655 995 757 1043 prius
795 994 1056 1044 adloquendos
1095 992 1234 1030 milites
1272 995 1393 1033 ratus,

277 1056 502 1092 concionem
536 1057 711 1093 advocari
743 1057 883 1108 jussit:
918 1065 1085 1095 ceterum
1120 1057 1217 1092 sicut
1246 1053 1395 1103 ingenti

276 1118 473 1156 alacritate
494 1121 540 1156 ad
560 1122 781 1170 praetorium
802 1135 1028 1158 concursum
1048 1127 1118 1163 est,
1139 1121 1194 1156 ita
1221 1132 1298 1170 prae
1319 1117 1397 1155 cla-

274 1194 381 1219 more
401 1185 643 1232 poscentium
666 1198 835 1233 pugnam
864 1185 969 1221 nulla
989 1185 1205 1221 adhortatio
1235 1185 1400 1232 impera-

274 1247 369 1281 toris
391 1247 521 1283 audita
549 1254 617 1284 est.
663 1247 760 1284 Suus
783 1250 918 1298 cuique
947 1250 1095 1284 animus
1115 1260 1261 1284 memor
1288 1248 1401 1295 igno-

275 1310 403 1346 miniae
425 1312 650 1347 adhortator
669 1313 810 1349 aderat.
854 1313 1011 1348 Vadunt
1031 1313 1149 1360 igitur
1163 1313 1203 1347 in
1222 1311 1402 1361 proelium

276 1380 456 1423 urgentes
487 1376 712 1423 signiferos:
747 1383 797 1420 et,
819 1390 867 1413 ne
896 1390 1004 1413 mora
1032 1378 1071 1412 in
1101 1389 1289 1413 concursu
1317 1374 1404 1425 pilis

279 1440 497 1476 emittendis
536 1441 842 1487 stringendisque
880 1440 967 1474 inde
996 1441 1131 1487 gladiis
1163 1446 1275 1481 esset,
1310 1439 1401 1488 pila,

280 1504 385 1539 velut
404 1503 494 1538 dato
524 1503 571 1538 ad
592 1503 627 1538 id
657 1504 783 1552 signo,
807 1503 1008 1553 abjiciunt,
1031 1504 1247 1552 strictisque
1267 1502 1403 1552 gladiis

282 1580 395 1604 cursu
421 1567 458 1602 iu
489 1567 639 1603 hostem
668 1567 853 1603 feruntur.
902 1568 1012 1603 Nihil
1042 1567 1118 1604 illic
1147 1568 1403 1618 imperatoriae

283 1633 374 1669 artis
409 1632 605 1668 ordinibus
641 1638 707 1667 aut
737 1632 913 1668 subsidiis
943 1632 1112 1669 locandis
1143 1632 1239 1668 fuit:
1274 1632 1406 1669 omnia

283 1696 341 1732 ira
360 1696 533 1732 militaris
564 1708 682 1745 prope
701 1708 842 1732 vesano
873 1698 1004 1745 inpetu
1025 1697 1116 1744 egit.
1160 1695 1295 1744 Itaque
1324 1708 1405 1732 non

283 1758 361 1796 fusi
381 1759 495 1796 modo
523 1760 651 1795 hostes
682 1766 794 1803 sunt;
828 1760 905 1802 sed,
927 1772 974 1795 ne
995 1760 1127 1795 castris
1148 1759 1300 1808 quidem
1329 1759 1406 1794 suis

284 1823 415 1874 fugam
438 1824 608 1873 inpedire
627 1826 722 1867 ausi,
744 1824 923 1874 Apuliam
941 1824 1111 1874 dissipati
1128 1824 1293 1873 petiere:
1326 1823 1408 1860 Lu-

286 1890 427 1928 ceriam
457 1895 597 1930 tamen,
623 1895 758 1924 coacto
788 1901 914 1925 rursus
946 1890 984 1923 in
1014 1901 1131 1924 unum
1162 1888 1328 1936 agmine,
1350 1894 1408 1924 est

287 1958 521 2004 perventum.
566 1951 765 1988 Romanos
794 1953 850 1988 ira
880 1952 1025 1994 eadem,
1047 1964 1130 2000 quae
1160 1963 1226 2001 per
1246 1951 1410 1987 mediam

288 2018 409 2055 aciem
438 2017 606 2053 hostium
644 2016 797 2059 tulerat,
829 2022 867 2053 et
902 2017 942 2052 in
980 2022 1103 2052 castra
1140 2015 1321 2065 pertulit:
1355 2014 1410 2051 ibi

288 2082 388 2134 plus,
410 2094 523 2130 quam
543 2082 581 2117 in
602 2081 696 2124 acie,
717 2081 912 2130 sanguinis
939 2092 982 2116 ac
1003 2080 1112 2117 caedis
1134 2079 1291 2122 factum,
1313 2091 1411 2129 prae-

289 2146 421 2194 daeque
441 2157 526 2196 pars
542 2144 664 2194 major
680 2146 735 2181 ira
752 2150 949 2194 conrupta.
991 2143 1192 2181 Exercitus
1213 2142 1309 2179 alter
1325 2155 1411 2179 cum

290 2209 446 2261 Papirio
477 2208 633 2245 consule
662 2208 755 2260 locis
793 2209 991 2244 maritimis
1031 2214 1254 2257 pervenerat
1282 2207 1408 2256 Arpos

290 2287 358 2327 per
379 2275 507 2313 omnia
527 2280 677 2323 pacata,
694 2273 923 2309 Samnitium
941 2273 1061 2320 magis
1081 2270 1228 2320 injuriis
1250 2276 1287 2306 et
1304 2270 1408 2313 odio,

294 2351 408 2391 quatu
424 2337 611 2376 beneficio
632 2337 708 2375 ullo
724 2337 855 2390 populi
876 2336 1056 2375 Romani.
1086 2335 1189 2374 Nam
1205 2334 1409 2378 Sanmites.
