1527 2661
79 311 122 341 U.
138 311 174 341 C.
189 318 261 344 539.

75 355 115 384 A.
131 354 167 385 C.
186 361 260 385 2123.

78 1537 232 1567 CoErcitae

78 1590 97 1611 a
112 1588 234 1611 senatu.

271 210 356 265 436
730 223 774 252 T.
798 224 929 253 L1v11

273 315 335 346 tur
353 309 468 346 facti:
501 322 570 346 nec
584 308 667 360 jam
687 310 724 345 in
753 318 897 347 secreto
918 311 1031 348 modo
1051 318 1164 361 atque
1190 312 1291 349 iutra
1315 325 1382 363 pa‘

272 374 383 411 rietes
421 373 673 410 abolebantur
708 374 875 410 Romani
912 376 1004 411 ritus
1019 392 1029 420 3
1062 376 1125 411 sed
1154 377 1193 412 in
1229 375 1384 427 publico

271 439 386 476 etiam
407 451 450 475 ac
469 438 555 475 foro
572 438 839 488 Capitolioque
858 439 1058 476 mulierum
1071 440 1184 477 turba
1203 447 1296 483 erat,
1313 452 1383 476 nec

271 502 580 545 sacrificantium,
600 513 676 538 'nec
704 503 940 552 precantium
974 503 1079 539 Deos
1108 504 1232 553 patrio
1264 516 1382 540 more.

271 565 479 603 Sacrificuli
496 578 538 602 ac
559 571 662 602 vates
678 573 856 616 ceperant
871 567 1068 603 hominum
1088 573 1232 603 mentes
1247 581 1255 603 ε
1288 580 1383 616 quo-

269 643 354 667 rum
370 643 569 667 numerum
585 631 690 667 auxit
705 631 845 667 rustica
865 630 985 681 plebs,
1007 643 1053 667 ex
1072 631 1223 667 incultis
1237 631 1385 668 diutino

267 694 371 731 bello
397 695 620 745 infestisque
649 696 748 745 agris
780 702 949 744 egestate
979 701 1017 731 et
1045 702 1148 732 metu
1180 696 1219 731 in
1253 695 1386 732 urbem

269 760 488 812 compulsa3
522 767 560 797 et
578 767 742 810 quaestus
763 772 809 796 ex
828 759 953 796 alieno
973 772 1099 796 errore
1117 759 1253 803 facilis,
1273 772 1385 810 quem

268 824 372 862 velut
392 838 439 862 ex
465 838 653 862 concessae
679 825 769 861 artis
796 837 865 860 usu
892 825 1130 862 exercebant.
1177 825 1306 861 Primo
1326 837 1385 861 se-

269 895 382 926 cretae
400 889 590 926 bonorum
609 889 890 937 indignationes
917 888 1229 932 exaudiebantur,
1251 888 1386 925 deinde

270 953 319 990 ad
337 953 468 990 Patres
490 954 604 989 etiam
625 959 663 989 et
682 953 727 988 ad
751 952 942 1002 publicam
962 954 1237 1002 querimoniam
1257 965 1384 990 exces-

271 1018 322 1053 sit
340 1030 411 1054 res.
469 1016 638 1053 Incusati
660 1018 823 1065 graviter
843 1016 889 1052 ab
911 1023 1046 1052 senatu
1066 1016 1187 1052 aediles
1212 1017 1385 1053 triumvi-

269 1082 377 1130 rique
397 1081 592 1132 capitales,
623 1082 725 1130 quod
754 1094 832 1117 non
860 1081 1119 1131 prohiberent,
1141 1094 1256 1130 quum
1281 1095 1386 1119 emo-

269 1157 357 1181 vere
377 1158 460 1182 eam
475 1145 755 1182 multitudinem
778 1159 797 1181 e
815 1146 915 1188 foro,
935 1159 976 1181 ac
993 1145 1164 1195 disjicere
1184 1146 1385 1196 adparatus

271 1221 464 1245 sacrorum
485 1210 613 1246 conati
634 1216 773 1253 essent,
794 1209 895 1245 haud
914 1208 1046 1259 procul
1064 1209 1173 1252 afuit,
1195 1210 1286 1259 quin
1304 1211 1386 1246 vio-

269 1272 450 1310 larentur.
499 1273 578 1310 Ubi
597 1274 791 1325 potentius
811 1273 895 1324 jam
925 1286 1005 1309 esse
1035 1274 1072 1309 id
1101 1274 1241 1310 malum
1270 1274 1386 1325 adpa-

268 1339 358 1380 ruit,
381 1350 494 1387 quam
513 1346 555 1374 ut
574 1339 738 1374 minores
759 1351 826 1388 per
842 1339 1084 1387 magistratus
1106 1339 1312 1383 sedaretur,
1327 1337 1385 1376 M.

269 1401 390 1438 Atilio
410 1403 565 1453 praetori
584 1402 687 1439 urbis
714 1403 913 1451 negotium
939 1403 985 1439 ab
1007 1409 1141 1439 senatu
1160 1404 1288 1440 datum
1315 1410 1386 1448 est,

270 1474 312 1502 ut
332 1466 390 1502 his
410 1466 658 1516 religionibus
678 1466 861 1516 populum
880 1466 1068 1504 liberaret.
1126 1467 1163 1503 Is
1184 1474 1221 1503 et
1240 1469 1279 1504 in
1295 1481 1387 1505 con-

273 1530 383 1567 cione
402 1531 773 1567 senatusconsultum
797 1532 983 1575 recitavit,
1005 1538 1043 1567 et
1068 1532 1199 1575 edixit,
1227 1533 1287 1575 Ut,
1309 1534 1388 1580 qui-

273 1608 423 1644 cumque
439 1596 544 1632 libros
559 1597 731 1631 vaticinos
746 1597 1024 1644 precationesve,
1045 1601 1109 1632 aut
1123 1601 1237 1632 artem
1250 1598 1388 1646 sacrifi-

274 1661 382 1697 candi
407 1663 642 1708 conscriptam
669 1661 825 1702 haberet,
846 1673 903 1696 eos
929 1661 1034 1696 libros
1053 1673 1171 1697 omnes
1197 1661 1388 1710 litterasque

274 1726 323 1761 ad
350 1737 386 1760 se
418 1730 502 1761 ante
531 1726 717 1761 Kalendas
745 1726 890 1773 Apriles
918 1724 1097 1774 deferret:
1126 1738 1194 1761 neu
1223 1727 1312 1774 quis,
1351 1727 1389 1762 in

269 1789 414 1838 publico
442 1802 585 1827 sacrove
622 1791 712 1834 loco,
749 1802 838 1826 novo
870 1795 936 1826 aut
968 1795 1111 1826 externo
1143 1791 1218 1827 ritu
1251 1792 1346 1827 sacri
1372 1812 1389 1819 -

274 1858 384 1890 caret.

331 1917 383 1954 ΙΙ.
413 1917 465 1953 Et
485 1917 631 1967 aliquot
653 1918 795 1969 publici
822 1918 1034 1955 sacerdotes
1055 1919 1195 1955 mortui
1221 1931 1266 1955 eo
1287 1931 1387 1955 anno

275 1987 388 2018 sunt:
420 1981 467 2018 L.
488 1982 686 2018 Cornelius
715 1982 899 2019 Lentulus
926 1983 1100 2033 pontifex
1125 1983 1324 2026 maximus,
1351 1989 1390 2019 et

277 2046 321 2082 C.
335 2045 506 2096 Papirius
529 2047 572 2083 C.
588 2046 631 2083 F.
647 2047 760 2083 Maso
780 2047 967 2097 pontifeX,
989 2052 1027 2083 et
1044 2047 1087 2084 P.
1102 2046 1238 2082 Furius
1257 2046 1388 2083 Philus

276 2121 412 2158 augur,
433 2116 470 2146 et
487 2110 530 2146 C.
544 2110 716 2160 Papirius
737 2110 782 2147 L.
795 2110 838 2146 F.
851 2109 964 2146 Maso
980 2109 1166 2146 decemvir
1184 2121 1388 2147 sacrorum.

278 2172 326 2209 In
345 2172 501 2209 Lentuli
526 2173 653 2210 locum
670 2173 727 2210 M.
741 2173 939 2210 Cornelius
962 2173 1167 2221 CetheguS‚
1188 2174 1226 2208 in
1247 2173 1389 2222 Papirii

280 2238 351 2274 Cn.
365 2237 542 2273 Servilius
564 2237 708 2288 Caepio,
725 2237 923 2288 pontifices
944 2236 1106 2273 subfecti
1125 2242 1235 2272 sunt:
1267 2249 1389 2284 augur

279 2305 426 2337 creatus
445 2300 492 2338 L.
505 2301 708 2341 Quinctius
724 2300 975 2344 Flamininus,
994 2300 1179 2336 decemvir
1195 2312 1387 2336 sacrorum

278 2363 325 2401 L.
347 2363 546 2402 Cornelius
582 2363 782 2402 Lentulus.
840 2364 1095 2401 comitiorum
1132 2361 1388 2400 consularium

1498 769 1507 798 ³-
1498 719 1504 747 ο-

1505 1159 1507 1165 .
1495 804 1512 1153 ——u‘⁴⁴’*'v*·*5⁴———.-...‹ae‚z.
