1527 2661
313 167 467 195 Lmen
489 167 645 195 xx111.
679 165 913 195 eA1›.xm.
1085 166 1166 211 357

58 267 114 292 res
135 261 228 298 erat,
250 255 287 291 in
315 261 485 304 tempore
504 255 550 291 ad
577 267 681 304 spem
707 253 913 290 rebellandi
941 254 1165 292 advenisset.
1180 255 1221 283 U·
1236 254 1273 285 C·
1292 261 1365 292 ⁵37·

7 352 11 359 ,
58 317 226 355 Manlius
245 324 333 368 post
351 318 489 354 famam
517 314 681 368 adpulsae
702 318 855 354 Punicae
883 318 1025 361 classis,
1048 319 1166 355 Cara-

57 381 109 418 les
136 394 176 418 se
204 382 367 431 recepit:
401 394 443 417 ea
473 383 623 417 occasio
654 381 917 430 Hampsicorae
936 382 1025 417 data
1046 383 1167 418 Poeuo

57 444 309 495 sejungendi.
365 444 597 486 Hasdrubal,
612 445 730 494 copiis
752 446 790 480 in
809 451 949 480 terram
968 447 1165 494 expositis,

57 516 95 545 et
114 509 232 545 classe
251 510 406 545 remissa
422 509 715 556 Karthaginem,
733 510 827 545 duce
847 509 1102 558 Hampsicora
1121 509 1168 545 ad

56 575 246 610 sociorum
276 573 405 623 populi
432 573 598 609 Romani
629 587 761 622 agrum
792 573 1048 623 populandum
1079 587 1168 623 pro-

55 637 191 681 fectus,
214 636 365 673 Carales
394 644 640 686 perventurus
670 644 763 680 erat,
787 638 826 673 ni
855 637 1023 674 BIanlius
1053 637 1167 674 obvio

56 702 226 737 exercitu
263 700 309 736 ab
347 700 463 736 effusa
499 713 584 736 eum
620 700 868 750 populatione
906 702 1168 738 continuisset.

54 765 184 801 Primo
204 770 327 800 castra
347 765 478 800 castris
499 764 649 800 modico
675 765 874 801 intervallo
894 772 983 802 sunt
1002 765 1168 815 objecta,

54 820 188 866 deinde
202 828 506 877 procursationes
526 827 696 876 leviaque
713 829 919 864 certamina
937 830 1170 866 varioseven-

55 898 99 929 tu
125 891 243 927 inita:
276 897 470 941 postremo
501 891 720 927 descensum
749 892 788 926 in
819 892 951 934 aciem,
976 893 1169 941 signisque

56 955 232 999 conlatis,
246 955 355 1005 justo
382 955 518 1005 proelio
538 968 604 1004 per
623 963 786 1004 quatuor
804 956 917 991 horas
943 957 1168 1005 pugnatum.

1178 299 1218 328 A.
1234 298 1271 328 C.
1289 305 1364 328 215.

56 1020 135 1056 Diu
153 1032 322 1070 pugnam
342 1021 546 1069 ancipitem
565 1020 690 1063 Poeni,
710 1020 835 1056 Sardis
851 1019 962 1056 facile
981 1021 1080 1056 vinci
1101 1021 1166 1056 ad·
1183 1032 1336 1063 Proelium

57 1084 187 1127 suetis,
208 1083 400 1120 fecerunt:
433 1089 626 1133 postremo
646 1089 683 1119 et
708 1084 792 1133 ipsi,
813 1096 927 1132 quum
948 1085 1076 1120 omnia
1096 1086 1167 1120 cir-

1180 1086 1244 1115 quo
1260 1085 1354 1114 supe-

1182 1121 1275 1149 riores
1289 1119 1352 1148 Ro-

59 1161 105 1185 ca
123 1154 249 1196 strage
268 1160 311 1183 ac
325 1148 417 1195 fuga
438 1147 641 1183 Sardorum
660 1147 804 1197 repleta
824 1154 962 1191 essent,
978 1148 1051 1183 fusi
1068 1163 1075 1182 τ
1109 1161 1175 1193 ce<
1185 1162 1285 1193 mani.

59 1217 183 1247 terum
208 1217 315 1260 terga
340 1212 486 1253 dantes,
516 1212 773 1248 circumducto
799 1225 931 1254 cornu,
953 1225 1028 1260 quo
1055 1225 1173 1262 pepu-

61 1274 158 1311 lerat
185 1275 336 1318 Sardos,
358 1276 511 1311 inclusit
530 1275 751 1311 Romanus:
785 1276 902 1311 caedes
926 1277 1011 1311 inde
1038 1277 1173 1325 magis,

61 1351 174 1386 quam
202 1350 344 1387 pugna,
364 1338 449 1374 fuit.
506 1339 718 1374 Duodecim
746 1338 864 1375 millia
891 1340 1058 1374 hostium
1079 1352 1176 1375 caesa

61 1402 263 1437 Sardorum
292 1402 404 1437 simul
431 1402 726 1450 Poenorumque,
747 1403 865 1437 ferme
893 1403 966 1437 tria
995 1402 1113 1438 millia
1138 1409 1176 1438 et

59 1465 291 1514 septingenti
319 1466 435 1514 capti,
466 1472 502 1500 et
532 1466 641 1513 signa
668 1466 847 1501 militaria
875 1472 1019 1515 septem
1054 1473 1092 1502 et
1119 1466 1175 1501 vi·

62 1528 172 1577 ginti.

117 1592 227 1629 XLI.
257 1593 360 1628 Ante
388 1593 517 1629 omnia
537 1592 675 1629 claram
706 1600 744 1629 et
772 1593 1055 1629 memorabilem
1079 1607 1175 1643 pug-

63 1669 152 1692 nam
170 1656 263 1692 fecit
281 1656 499 1693 Hasdrubal
519 1658 725 1708 imperator
740 1665 886 1707 captus,
905 1665 941 1693 et
962 1658 1119 1701 Hanno,
1139 1666 1176 1694 et

65 1720 200 1768 MagO,
238 1720 384 1756 nobiles
422 1721 776 1769 Karthaginienses,
831 1722 952 1769 Mago
983 1736 1028 1758 ex
1063 1730 1177 1771 gente

67 1784 245 1827 Barcina,
265 1785 478 1833 propinqua
504 1787 734 1833 cognatione
761 1786 970 1822 Hannibali
991 1785 1173 1835 junctus:

55 1846 213 1883 'Hanno
233 1852 366 1882 auctor
382 1847 597 1883 rebellionis
619 1848 743 1884 Sardis
758 1865 768 1893 3
801 1849 965 1898 bellique
981 1848 1060 1898 ejus
1076 1849 1177 1885 haud

65 1910 179 1946 dubie
208 1910 391 1947 concitor.
446 1911 531 1946 Nec
551 1911 754 1947 Sardorum
774 1913 884 1948 duces
914 1913 1037 1948 minus
1068 1912 1178 1948 nobi-

65 1973 140 2010 lem
178 1986 260 2009 eam
297 1987 463 2023 pugnam
496 1974 663 2011 cladibus
694 1976 769 2010 suis
799 1975 993 2011 fecerunt:
1025 1989 1113 2012 nam
1142 1984 1180 2012 et

64 2037 168 2074 filius
180 2038 442 2088 Hampsicorae
459 2038 619 2074 Hiostus
637 2040 674 2074 in
691 2040 770 2074 acie
787 2040 922 2074 cecidit
937 2055 944 2075 2
978 2046 1014 2074 et
1031 2040 1179 2089 Hamp-

66 2103 202 2146 sicora,
233 2115 328 2154 cum⁴
347 2104 476 2153 paucis
506 2103 694 2152 equitibus
714 2103 877 2151 fugiens,
906 2111 946 2138 ut
975 2116 1086 2153 super
1115 2104 1180 2139 ad-

69 2167 188 2204 flictas
218 2182 275 2204 res
303 2181 433 2205 necem
454 2181 603 2217 quoque
623 2168 689 2204 filii
716 2169 871 2211 audivit,
894 2176 1020 2211 nocte,
1042 2182 1088 2204 ne
1116 2182 1180 2204 cu-

64 2232 128 2283 jus
159 2234 391 2270 interventus
422 2240 548 2282 coepta
578 2234 776 2283 inpediret,
798 2241 958 2270 mortem
988 2234 1060 2269 sibi
1090 2246 1181 2269 con-

52 2297 190 2333 ·scivit.
247 2298 392 2334 Ceteris
416 2297 501 2333 urbs
524 2298 671 2333 Cornus
693 2297 836 2341 eadem,
855 2311 935 2346 quse
957 2304 1060 2339 ante,
1080 2297 1180 2345 fugae
