1527 2661
295 150 377 200 408
728 161 774 189 T.
802 161 934 191 mvn

111 259 152 288 U.
167 258 203 288 C.
219 263 290 290 538.
306 255 432 286 autem
457 249 559 285 Sosis
581 261 624 285 ac
648 248 903 295 Dinomenes)
927 250 1016 299 quid
1036 257 1207 299 agerent,
1229 250 1421 290 consulta«

110 302 149 331 Α·
162 302 198 333 C·
217 310 290 334 2³4
303 311 409 349 bant.
455 313 628 348 Terroris
650 314 812 363 speciem
833 314 935 349 haud
954 326 1089 350 vanam
1109 315 1308 351 mendacio
1327 329 1423 366 prae-

303 377 464 414 buerant
492 377 680 414 verberati
713 391 756 414 ac
790 380 911 414 securi
941 380 1109 428 percussi
1141 380 1347 429 transfugae
1377 381 1424 416 ad

303 441 379 478 duo
410 441 526 477 millia
555 441 779 478 hominum:
817 449 983 478 ceterum
1013 443 1292 480 Leontinorum
1325 444 1424 480 mili-

304 512 460 554 tumque
480 505 640 542 aliorum
664 518 791 549 nemo,
813 513 901 556 post
923 514 1073 558 captam
1096 508 1242 551 urbem,
1262 507 1425 544 violatus

306 568 449 606 fuerat:
483 583 625 619 suaque
645 571 774 607 omnia
794 572 861 614 eis,
882 572 955 607 nisi
976 585 1058 621 quae
1078 573 1220 622 primus
1241 572 1423 608 tumultus

308 642 428 684 captae
470 635 572 671 urbis
615 635 864 680 absumserat,
900 636 1209 673 restituebantur.
1266 636 1350 672 Nec
1387 642 1430 672 ut

308 698 523 736 Leontinos
554 700 666 742 irent,
697 701 869 750 proditos
901 701 949 736 ad
977 701 1117 737 caedem
1148 700 1427 737 commilitones

309 770 523 812 querentes,
545 764 701 815 perpelli
727 772 901 815 potuere,
923 777 992 800 nec
1022 772 1060 800 ut
1082 764 1213 802 eodem
1241 764 1326 800 loco
1347 776 1427 799 cer-

309 829 447 864 tiorem
473 830 654 866 nuncium
683 836 960 880 exspectarent.
1017 831 1144 870 Quum
1172 830 1219 866 ad
1245 829 1428 866 defectio-

308 905 396 929 nem
416 892 621 930 inclinatos
649 895 795 930 animos
817 900 1015 930 cernerent
1041 899 1237 944 praetores,
1259 893 1323 929 sed
1343 905 1428 929 eum

308 964 454 993 motum
475 958 575 993 haud
596 958 815 994 diuturnum
835 956 931 999 fore,
953 958 983 992 si
1005 958 1114 993 duces
1135 957 1309 993 amentiae
1336 955 1425 992 sub-

307 1020 376 1057 lati
402 1029 552 1067 essent3
585 1023 793 1058 exercitum
821 1022 963 1057 ducunt
988 1021 1212 1069 'Megaramz
1244 1021 1315 1070 ipsi
1343 1033 1427 1056 cum

307 1086 437 1135 paucis
458 1086 648 1134 equitibus
670 1085 904 1122 Herbessum
924 1086 1230 1135 proficiscuntur,
1252 1097 1330 1134 spe,
1351 1090 1426 1120 ter-

308 1150 389 1185 ritis
406 1150 598 1193 omnibus,
616 1163 682 1200 per
697 1150 952 1200 proditionem
967 1149 1068 1185 urbis
1084 1148 1279 1199 potiundae
1295 1162 1302 1183 t
1326 1148 1428 1198 quod

309 1213 375 1249 ubi
396 1214 536 1250 frustra
556 1215 608 1251 eis
629 1214 701 1250 fuit
730 1216 937 1265 inceptum,
960 1215 993 1249 vi
1022 1214 1208 1263 agendum
1233 1214 1320 1257 rati,
1341 1225 1429 1263 pos-

310 1286 395 1315 tero
415 1279 475 1315 die
499 1279 669 1327 Megaris
691 1286 814 1315 castra
833 1284 1000 1321 movent,
1023 1284 1065 1315 ut
1085 1277 1321 1314 Herbessum
1348 1289 1430 1315 om..

310 1342 421 1378 nibus
453 1343 572 1392 copiis
600 1343 880 1393 obpugnarent.
939 1342 1196 1392 Hippocrates
1226 1347 1264 1377 et
1289 1340 1429 1391 Epicy-

312 1406 392 1450 des,
414 1419 490 1442 non
512 1412 591 1442 tam
617 1413 742 1443 tutum
769 1407 892 1456 prima
911 1407 1049 1455 specie,
1071 1418 1184 1455 quam
1214 1417 1344 1447 unum,
1365 1416 1430 1454 spe

311 1469 478 1518 undique
498 1470 679 1513 abscissa,
701 1470 903 1506 consilium
921 1481 1001 1505 esse
1022 1470 1108 1512 rati,
1127 1475 1167 1504 ut
1189 1481 1227 1504 se
1246 1467 1428 1503 militibus

310 1534 590 1583 permitterent,
608 1540 644 1570 et
663 1534 828 1570 adsuetis
845 1546 985 1582 magna
1000 1546 1045 1569 ex
1066 1539 1172 1583 parte
1193 1532 1278 1573 sibi,
1297 1538 1333 1567 et
1350 1537 1430 1567 tum

310 1597 413 1633 fama
433 1598 544 1634 caedis
573 1598 879 1634 commilitonum
907 1598 1090 1639 accensis,
1112 1596 1263 1633 obviam
1290 1596 1431 1645 agmini

311 1661 534 1711 procedunt.
591 1662 720 1698 Prima
738 1662 838 1698 forte
859 1662 968 1710 signa
987 1666 1253 1696 sexcentorum
1271 1660 1300 1695 C
1306 1666 1429 1695 reten-

312 1725 410 1761 sium
433 1732 554 1768 erant,
582 1726 645 1775 qui
676 1726 776 1776 apud
804 1725 1084 1774 Hieronymum
1115 1731 1329 1761 meruerant
1358 1723 1426 1759 sub

312 1789 380 1832 eis,
415 1796 452 1825 et
482 1790 711 1826 Hannibalis
743 1790 969 1826 beneficium
1006 1789 1212 1832 habebant,
1245 1789 1345 1839 capti
1382 1790 1430 1826 ad

312 1852 576 1890 Trasimenum
604 1855 702 1890 inter
722 1854 985 1890 Romanorum
1012 1853 1164 1896 auxilia,
1186 1853 1424 1902 dimissique:

313 1930 408 1966 quos
436 1918 501 1954 ubi
532 1931 578 1954 ex
608 1919 726 1967 signis
757 1931 1022 1968 armorumque
1052 1917 1187 1954 habitu
1219 1930 1430 1967 cognovere

314 1981 571 2031 Hippocrates
600 1988 714 2031 atque
746 1982 949 2032 Epicydes,
982 1995 1105 2018 ramos
1137 1982 1229 2018 oleae
1260 1994 1302 2017 ac
1329 1981 1428 2018 vela-

316 2052 446 2081 menta
473 2045 548 2082 alia
578 2046 788 2096 supplicum
817 2048 1070 2096 porrigentes,
1091 2059 1212 2090 orare,
1235 2052 1274 2082 ut
1299 2048 1431 2095 recipe-

315 2116 396 2146 rent
420 2123 502 2153 sese,
524 2117 747 2160 receptosque
775 2116 991 2155 tutarentur,
1016 2124 1084 2148 neu
1106 2112 1300 2160 proderent
1318 2111 1431 2158 Syra-

313 2176 465 2217 cusanis,
486 2187 508 2210 α
528 2176 651 2222 quihus
676 2189 757 2212 mox
784 2178 851 2224 ipsi
877 2178 1087 2213 trucidandi
1111 2177 1244 2225 populo
1266 2175 1429 2211 Romano

311 2240 535 2275 dederentur.

365 2302 526 2341 XXXI.
556 2305 761 2349 Enimvero,
784 2305 1038 2349 conclamant,
1060 2305 1185 2342 bonum
1209 2310 1247 2341 ut
1267 2306 1426 2340 animum
