1527 2661
255 185 339 239 448
713 197 757 226 T.
783 196 917 227 mvn

64 291 155 322 U.C.
172 299 334 338 54o.quo
358 301 415 325 res
446 286 627 338 postulet,
655 287 857 325 obcurrerc
885 288 1006 325 libero
1037 301 1171 341 campo
1200 297 1367 341 possent.

64 335 154 368 A‘C’
171 342 311 390 2³2'Et
336 352 577 389 Philemenus
609 352 771 402 portulae
799 358 906 403 parte
936 353 1023 396 alia,
1054 367 1128 403 qua
1156 368 1368 392 commeare

258 417 447 459 adsuerat,
466 416 818 466 adpropinquabat:
842 423 934 453 nota
950 430 1023 454 vox
1038 416 1117 468 ejus
1134 424 1171 454 et
1183 418 1369 455 familiare

249 480 335 532 jam
359 482 510 529 signum
539 493 654 529 quum
686 481 889 517 excitasset
915 481 1080 529 vigilem,
1101 482 1275 527 dicentis,
1305 483 1369 521 vix

254 545 441 582 sustinere
459 544 609 593 grandis
628 544 760 581 bestiae
780 558 890 589 onus,
910 545 1062 596 portula
1087 547 1276 597 aperitur:
1307 548 1366 584 in-

252 608 417 645 ferentes
437 620 570 658 aprum
590 607 683 644 duos
696 607 856 658 juvenes
877 616 1026 646 secutus
1048 610 1129 660 ipse
1148 623 1233 647 cum
1253 623 1368 660 expe-

254 673 336 709 dito
354 678 548 716 venatore,
569 672 736 721 vigilem,
757 673 944 710 incautius
972 674 1154 710 miraculo
1173 675 1365 724 magnitu-

254 737 350 774 dinis
371 736 410 772 in
429 748 509 779 eOS,
525 737 590 786 qui
605 736 792 780 ferebant,
812 749 974 781 versum,
990 736 1178 775 venabulo
1197 738 1364 789 trajicit:

251 801 411 850 ingressi
435 801 571 837 deinde
595 801 755 850 triginta
779 801 858 838 fere
887 802 1035 845 armati,
1062 808 1207 839 ceteros
1233 803 1365 852 vigiles

252 865 496 909 obtruncant,
514 864 803 915 refringuntque
818 872 968 916 portam
986 867 1198 917 proximam
1213 881 1221 904 :
1245 873 1283 903 et
1297 879 1364 917 ag-

252 942 339 965 men
359 929 427 965 sub
448 930 563 978 signis
585 930 787 966 confestim
805 931 971 981 inrupit:
1004 931 1091 968 inde
1107 944 1192 968 cum
1211 931 1363 968 silentio

252 994 290 1030 in
312 993 437 1030 forum
457 993 574 1037 ducti,
596 992 807 1030 Hannibali
825 1007 906 1030 sese
926 993 1218 1044 conjunxerunt.
1267 996 1365 1032 Cum

251 1057 399 1094 duobus
437 1057 602 1094 millibus
640 1058 838 1094 Gallorum
864 1059 1020 1102 Poenis,
1056 1061 1095 1095 in
1131 1066 1207 1096 tres
1237 1060 1363 1096 divisis

250 1129 390 1172 partes,
421 1135 488 1172 per
516 1122 648 1158 urbem
677 1122 835 1158 dimittit
870 1122 1115 1166 Tarentinos,
1155 1131 1192 1160 et
1228 1125 1366 1160 itinera

249 1199 364 1235 quam
393 1186 556 1222 maxime
580 1186 795 1236 frequentia
821 1200 1006 1237 occupare
1031 1188 1166 1237 jubet:
1198 1189 1364 1225 tumultu

250 1256 351 1294 orto,
378 1249 739 1300 Romands.passim
767 1251 874 1293 caedi,
895 1251 1094 1301 oppidanis
1123 1253 1250 1301 parci:
1283 1253 1362 1296 sed,

249 1319 291 1349 ut
310 1313 390 1350 fieri
412 1313 451 1349 id
474 1320 617 1363 posset,
638 1313 1027 1364 praecipitjuvenibus
1053 1314 1284 1360 Tarentinis,
1305 1323 1361 1360 ut,

248 1377 313 1413 ubi
333 1391 444 1427 quem
473 1390 627 1414 suorum
655 1378 788 1428 procul
811 1379 1005 1422 vidissent,
1027 1380 1219 1428 quiescere
1248 1387 1285 1417 et
1312 1381 1361 1417 si-

247 1440 337 1485 lere,
359 1455 402 1478 ac
421 1442 524 1478 bono
544 1442 672 1478 animo
693 1441 978 1492 essejuberent.

300 1506 354 1543 X.
382 1506 470 1542 Jam
494 1506 678 1542 tumultus
708 1512 789 1541 erat
818 1506 1048 1556 clamorque,
1073 1507 1192 1556 qualis
1223 1520 1302 1545 esse
1322 1510 1361 1545 in

246 1578 358 1620 capta
376 1570 470 1606 urbe
489 1570 608 1606 solet:
642 1571 719 1612 sed,
738 1570 824 1618 quid
846 1571 899 1606 rei
920 1580 1030 1613 esset,
1048 1584 1160 1607 nemo
1181 1573 1270 1608 satis
1291 1585 1360 1622 pro

247 1640 351 1670 certo
372 1635 478 1670 scire.
536 1634 735 1670 Tarentini
756 1634 953 1670 Romanos
971 1636 1014 1670 ad
1034 1636 1280 1685 diripiendam
1301 1649 1362 1672 ur-

245 1698 334 1734 bem
354 1699 503 1734 credere
533 1706 709 1734 coortos:
743 1699 928 1734 Romanis
959 1700 1094 1735 seditio
1124 1699 1249 1749 aliqua
1275 1714 1359 1736 cum

246 1762 378 1799 fraude
397 1762 515 1798 videri
541 1762 588 1798 ab
609 1763 808 1812 oppidanis
834 1769 950 1800 mota.
1008 1763 1211 1800 Praefectus
1238 1765 1360 1814 primo

247 1827 432 1863 excitatus
453 1827 632 1870 tumultu,
655 1828 692 1862 in
713 1834 864 1877 portum
881 1827 1033 1876 effugit:
1066 1828 1166 1871 inde,
1184 1836 1359 1879 acceptus

246 1892 400 1940 scapha,
422 1892 461 1926 in
481 1904 603 1927 arcem
625 1892 927 1928 circumvehitur.
985 1893 1185 1928 Terrorem
1212 1900 1248 1929 et
1268 1893 1362 1930 tuba

246 1957 375 1993 audita
395 1970 440 1992 ex
465 1957 616 1993 theatro
636 1957 824 1993 faciebat:
858 1971 944 1994 nam
971 1964 1008 1993 et
1028 1957 1205 1993 Romana
1224 1964 1317 2000 erat,
1339 1970 1362 1994 a

245 2020 504 2070 proditoribus
525 2021 571 2057 ad
592 2022 665 2057 hoc
686 2017 809 2072 ips'um
828 2031 1061 2072 praeparata:
1095 2028 1131 2057 ct
1156 2021 1361 2058 inscienter

246 2098 268 2121 a
287 2086 423 2121 Graeco
449 2085 592 2128 inflata,
615 2086 711 2134 quis,
733 2092 799 2121 aut
819 2085 953 2134 quibus
981 2087 1130 2134 signum
1153 2086 1270 2128 daret,
1300 2086 1359 2121 in-

245 2157 389 2186 certum
417 2149 613 2186 efficiebat.
673 2150 750 2186 Ubi
775 2150 926 2193 inluxit,
948 2158 984 2186 et
1010 2150 1195 2186 Romanis
1215 2149 1360 2186 Punica

246 2221 284 2250 et
304 2213 451 2249 Gallica
479 2227 583 2250 arma
613 2215 782 2262 cognita,
803 2222 883 2250 tum
904 2215 1178 2251 dubitationem
1209 2225 1358 2249 exeme-

244 2284 354 2313 runt:
389 2284 426 2312 et
446 2277 583 2320 Graeci,
605 2277 804 2313 Romanos
832 2278 972 2328 passim
992 2278 1092 2314 caede
1118 2283 1256 2312 stratos
1277 2289 1358 2312 cer-

243 2347 392 2386 nentes,
407 2341 452 2379 ab
468 2341 687 2379 Hannibale
701 2347 850 2394 captam
863 2341 994 2379 urbem
1009 2346 1217 2379 senserunt.
1243 2339 1357 2377 Post-
