1527 2661
318 202 400 242 204
546 247 549 249 ι
772 202 816 230 Τ.
840 201 972 231 mvn

122 298 215 329 U.C.
232 295 382 329 534.aut
401 287 674 331 desilientibus,
704 288 770 324 ubi
799 301 884 325 suos
914 289 1034 339 premi
1063 288 1337 325 circumventos
1362 287 1420 323 vi-

123 342 164 372 Α·
178 341 214 371 C·
230 348 304 376 ²¹8·
317 353 472 395 dissent,
487 351 569 402 jam
595 364 734 400 magna
754 365 800 388 ex
825 359 931 401 parte
951 353 995 388 ad
1015 352 1127 402 pedes
1154 363 1283 402 pugna
1301 351 1418 386 ierat:

317 417 437 452 donec
463 415 653 458 Numidae,
675 416 738 464 qui
767 416 806 450 in
833 416 1010 451 cornibus
1040 422 1159 458 erant,
1181 413 1422 451 circumvecti

316 479 538 529 paullulum,
560 478 606 513 ab
626 484 735 526 tergo
763 490 802 513 se
822 479 1080 514 ostenderunt.
1135 478 1174 514 Is
1193 490 1310 528 pavor
1335 488 1421 527 per-

317 546 408 581 culit
433 545 646 586 Romanos,
667 545 846 592 auxitque
876 557 1054 594 pavorem
1080 544 1244 580 consulis
1270 542 1420 584 vulnus,

316 606 597 659 periculumque
616 608 825 642 intercursu
844 613 924 643 tum
944 608 1105 657 primum
1124 606 1362 658 pubescentis
1379 604 1422 641 fi-

124 677 196 708 Cos.
209 687 227 707 a
240 677 306 708 filio
318 672 358 708 lii
378 672 650 722 propulsatum.
707 671 784 707 Hic
804 671 1053 721 e1·itjuvenis,
1074 684 1187 722 penes
1208 683 1318 720 quem
1337 681 1422 719 per-

125 728 275 752 servatus.
317 736 408 772 fecti
436 735 593 785 hujusce
621 734 711 771 belli
731 734 810 770 laus
842 741 912 778 est,
932 735 1133 771 Africanus
1154 734 1203 771 ob
1233 733 1423 783 egregiam

315 803 512 838 victoriam
529 801 573 836 de
594 800 811 837 Hannibale
827 800 1030 850 Poenisque
1050 799 1269 850 adpellatus.
1316 797 1424 844 Fuga

315 872 441 903 tamen
463 865 578 901 effusa
596 863 852 914 jaculatorum
877 865 1038 900 maxime
1056 864 1143 906 fuit,
1164 874 1257 911 quos
1282 861 1424 911 primos

317 930 495 966 Numidae
516 930 745 964 invaserunt.
785 928 892 964 Alius
914 929 1104 965 confertus
1126 928 1314 976 equitatus
1331 936 1423 960 con-

319 994 438 1030 sulem
458 995 496 1029 in
526 993 692 1029 medium
721 999 931 1043 acceptum,
961 1005 1039 1028 non
1069 992 1180 1027 armis
1209 989 1338 1031 mod0‚
1359 987 1425 1024 sed

320 1059 433 1094 etiam
471 1057 691 1106 corporibus
726 1057 816 1098 suis,
851 1062 1068 1105 protegens,
1098 1056 1137 1090 in
1168 1059 1303 1095 castra,
1333 1064 1424 1088 nus-

319 1134 431 1169 quam
450 1121 594 1170 trepide
622 1132 744 1168 neque
773 1119 886 1155 effuse
911 1119 1090 1161 cedendo,
1121 1117 1281 1153 reduxit.
1338 1116 1425 1151 Ser-

319 1186 396 1221 vati
417 1185 579 1221 consulis
601 1184 712 1219 decus
733 1184 875 1219 Coelius
896 1184 943 1219 ad
962 1195 1110 1218 servum
1129 1182 1284 1217 natione
1303 1179 1423 1228 Ligu-

320 1262 398 1284 rem
428 1249 598 1297 delegat:
631 1249 759 1284 malim
790 1249 961 1297 equidem
993 1248 1039 1283 de
1061 1247 1139 1284 filio
1171 1259 1300 1282 verum
1329 1257 1423 1287 esse,

320 1313 419 1362 quod
449 1320 483 1348 et
514 1313 637 1363 plures
671 1313 857 1349 tradidere
891 1318 1077 1354 auctores,
1117 1319 1155 1347 et
1189 1310 1291 1347 fama
1325 1309 1426 1346 obti-

319 1379 412 1414 nuit.

372 1441 539 1478 XLVII.
570 1441 658 1477 Hoc
691 1443 853 1491 primum
886 1455 969 1477 cum
1000 1440 1218 1477 Hannibale
1249 1439 1428 1489 proelium

319 1507 391 1541 fuit
403 1523 413 1551 3
447 1518 521 1555 quo
540 1505 650 1542 facile
670 1507 856 1556 adparuit,
879 1512 916 1541 et
937 1506 1107 1555 equitatu
1126 1504 1320 1540 meliorem
1335 1503 1425 1539 Poe-

318 1582 409 1605 num
438 1582 531 1611 esse,
563 1576 600 1604 et
629 1569 678 1605 ob
709 1570 745 1605 id
775 1582 927 1619 campos
962 1575 1149 1619 patentes,
1181 1567 1307 1617 quales
1338 1572 1426 1602 sunt

129 1641 219 1672 'Ultra
234 1641 289 1671 Pa·
320 1635 419 1669 inter
437 1634 581 1669 Padum
601 1634 805 1683 Alpesque,
833 1634 934 1669 bello
954 1633 1119 1682 gerendo
1147 1632 1331 1668 Romanis
1358 1643 1424 1681 ap-

128 1686 207 1714 dum
226 1694 309 1714 rece-

128 1729 208 1757 dunt
226 1728 287 1758 Ro-

129 1773 229 1802 mani,
320 1761 389 1797 bus
411 1775 498 1797 vasa
518 1761 669 1798 silentio
695 1762 899 1810 conligere,
922 1768 1044 1798 castra
1075 1761 1122 1797 ab
1140 1761 1278 1797 Ticino
1304 1765 1422 1801 mota,

320 1825 615 1874 festinatumque
652 1826 697 1862 ad
730 1826 875 1862 Padum
911 1833 989 1871 est3
1024 1832 1067 1861 ut
1102 1825 1260 1867 ratibus,
1289 1823 1424 1873 quibus

314 1888 495 1938 junxerat
523 1888 676 1932 flumen,
709 1889 879 1925 nondum
917 1888 1106 1931 resolutis,
1145 1889 1225 1924 sine
1261 1886 1426 1923 tumultu

322 1703 380 1732 tos
403 1710 482 1732 non
503 1709 593 1733 esse.
652 1697 785 1746 Itaque
805 1698 978 1747 proxima
1006 1703 1134 1739 nocte,
1158 1695 1274 1745 jussis
1294 1695 1425 1730 militi—

321 1959 433 2000 atque
462 1952 711 1988 insectatione
740 1953 874 1995 hostis,
900 1954 1028 2001 copias
1058 1951 1259 2001 trajiceret.
1316 1951 1425 1986 Prius

321 2015 553 2052 Placentiam
583 2029 798 2066 pervenere,
825 2029 937 2065 quam
967 2017 1056 2051 satis
1091 2017 1203 2051 sciret
1231 2013 1428 2050 Hannibal

321 2079 368 2115 ab
387 2079 524 2114 Ticino
553 2080 766 2129 profectos:
798 2086 925 2115 tamen
954 2080 1001 2115 ad
1030 2084 1230 2114 sexcentos
1259 2084 1427 2113 morato—

321 2155 405 2177 rum
425 2143 463 2177 in
493 2144 666 2178 citeriore
695 2144 790 2193 ripa,
811 2143 975 2192 segniter
1003 2148 1122 2177 ratem
1147 2141 1348 2183 solventes,
1369 2153 1430 2177 ce-

321 2206 399 2255 pit:
433 2207 595 2242 transire
615 2220 691 2243 non
722 2208 848 2257 potuit
877 2213 1046 2256 pontem,
1069 2213 1108 2242 ut
1137 2213 1305 2242 extrema
1323 2218 1427 2241 reso-

321 2268 400 2304 luta
428 2275 548 2313 erant,
579 2276 661 2306 tota
690 2277 770 2306 rate
799 2271 838 2306 in
867 2270 1069 2306 secundam
1098 2282 1232 2318 aquam
1261 2268 1425 2305 labente.

323 2333 464 2370 Coelius
494 2341 626 2371 auctor
655 2342 724 2380 est,
744 2335 953 2384 Magonem
974 2348 1058 2372 cum
1079 2335 1249 2384 equitatu
1277 2340 1313 2370 et
1333 2333 1427 2370 His-
