1527 2661
142 265 184 295 U.
199 265 235 295 C.
252 272 324 301 457.

142 308 179 339 A.
196 308 232 338 C.
251 316 324 342 295.

343 162 418 203 113
796 178 841 205 Τ.
868 179 999 206 L1v11

338 277 452 301 mano
469 266 637 300 exercitu
653 264 819 300 cecidere
840 266 914 301 duo
936 265 1053 302 millia
1074 267 1318 316 septingenti.
1347 267 1455 305 Felix

337 342 458 366 annus
479 328 622 365 bellicis
647 328 773 371 rebus,
794 330 1010 380 pestilentia
1030 332 1169 379 gravis,
1198 331 1454 381 prodigiisque

334 393 542 429 sollicitus:
576 406 677 435 nam,
700 399 737 428 et
755 399 894 429 terram
915 393 1160 431 multifariam
1180 395 1335 446 pluisse,
1355 401 1393 431 et
1413 395 1452 430 in

334 458 503 494 exercitu
519 458 592 506 Ap.
611 455 759 492 Claudii
777 456 975 506 plerosque
991 457 1212 494 fulminibus
1229 460 1340 502 ictos,
1354 471 1452 494 nun-

333 523 474 558 ciatum
496 529 575 557 est:
609 521 770 569 librique
791 521 839 556 ob
859 521 940 557 haec
961 522 1064 559 aditi.
1111 523 1172 558 Eo
1192 535 1293 558 anno
1313 523 1362 562 Q.
1379 523 1453 559 Fa-

320 586 417 625 ,bius
439 586 602 633 Gurges,
621 583 785 620 consulis
807 584 918 627 filius,
940 585 1085 634 aliquot
1106 592 1298 622 matronas
1319 587 1366 622 ad
1383 599 1452 636 po-

136 790 218 822 Belli

136 836 305 866 Samnitici

136 879 294 908 diuturni-

136 928 195 956 tas,
213 928 243 951 et

136 966 294 996 atrocitas.

333 651 464 701 pulum
494 650 614 700 stupri
647 649 843 685 damnatas
877 651 1038 699 pecunia
1070 651 1267 687 multavitz
1307 664 1354 687 ex
1378 664 1454 700 quo

332 715 547 752 multaticio
565 727 636 750 aere
653 714 811 750 Veneris
832 715 963 758 aedem,
985 729 1066 765 quae
1087 729 1205 766 prope
1220 716 1362 752 circum
1382 720 1452 758 est,

331 781 545 818 faciendam
561 779 716 815 curavit.
747 779 956 829 Supersunt
978 781 1092 816 etiam
1109 794 1209 816 nunc
1226 780 1454 816 Samnitium

331 845 445 888 bella,
467 858 548 893 quae
575 843 758 879 continua
786 856 852 892 per
874 850 1050 892 quartum
1072 843 1155 893 jam
1182 844 1359 880 volumen
1385 856 1453 880 an-

331 921 497 958 numque
527 913 675 943 sextum
709 914 747 942 et
777 907 1121 956 quadragesimum,
1153 921 1174 944 a
1199 908 1256 944 M.
1281 907 1449 951 Valerio,

330 975 379 1011 A.
401 972 582 1009 Cornelio
602 971 841 1015 consulibus,
863 972 925 1021 qui
947 974 1058 1022 primi
1086 973 1241 1009 Samnio
1268 985 1373 1008 arma
1391 972 1449 1008 in-

331 1038 514 1079 tulerunt,
537 1038 682 1085 agimus
700 1052 706 1071 :
740 1042 777 1071 et
796 1049 844 1071 ne
871 1043 929 1071 tot
950 1049 1137 1073 annorum
1166 1036 1289 1073 clades
1310 1037 1449 1072 utrius-

330 1117 402 1153 que
429 1103 552 1152 gentis
582 1101 806 1150 laboresque
837 1108 941 1138 actos
976 1116 1077 1139 nunc
1106 1103 1281 1146 referam,
1312 1102 1448 1151 quibus

327 1169 566 1217 nequiverint
587 1174 713 1202 tamen
734 1167 826 1202 dura
851 1166 915 1202 illa
941 1174 1098 1216 pectora
1117 1168 1214 1203 vinci
1229 1183 1240 1212 3
1272 1167 1447 1217 proximo

278 1228 285 1236 ’
328 1246 429 1269 anno
460 1232 648 1268 Samnites
678 1232 717 1266 in
749 1231 935 1267 Sentinati
968 1245 1074 1280 agro,
1096 1232 1277 1280 Pelignis‚
1305 1231 1352 1267 ad
1380 1231 1448 1267 Ti-

126 2078 215 2109 U.C.
234 2086 308 2110 458.

131 2125 165 2152 Α.
179 2122 216 2152 C.
235 2129 308 2155 294.

324 1298 489 1339 fernum,
529 1295 748 1332 Stellatibus
793 1296 949 1344 campis,
988 1296 1063 1331 suis
1101 1296 1172 1345 ipsi
1217 1295 1446 1344 legionibus,

325 1363 435 1399 mixti
461 1361 607 1404 alienis,
629 1361 675 1397 ab
696 1366 859 1409 quatuor
889 1360 1130 1403 exercitibus,
1152 1366 1315 1409 quatuor
1341 1361 1446 1397 duci-

322 1428 393 1464 bus
427 1427 612 1463 Romanis
651 1426 737 1461 caesi
773 1424 937 1468 fuerant,
976 1425 1244 1474 imperatorem
1281 1424 1444 1461 clarissi-

322 1505 426 1529 mum
446 1492 569 1540 gentis
600 1503 674 1525 suae
705 1490 931 1534 amiserant3
966 1490 1088 1525 socios
1118 1488 1222 1531 belli,
1243 1489 1441 1533 Etruscos,

327 1556 509 1598 Umbros,
541 1553 687 1596 Gallos,
718 1555 756 1589 in
795 1553 925 1589 eadem
955 1553 1111 1589 fortuna
1144 1553 1336 1597 videbant,
1369 1567 1443 1602 qua

326 1621 397 1670 ipsi
418 1626 547 1656 erant:
579 1631 649 1654 nec
670 1619 760 1660 suis,
782 1630 851 1653 nec
881 1618 1046 1652 externis
1078 1616 1220 1652 viribus
1240 1616 1322 1667 jam
1343 1624 1443 1654 stare

326 1690 527 1734 poterant3
562 1690 689 1718 tamen
721 1681 823 1717 bello
855 1694 934 1716 non
969 1680 1235 1716 abstinebant:
1269 1681 1364 1717 adeo
1394 1695 1441 1718 ne

324 1747 528 1784 infeliciter
564 1746 715 1796 quidem
753 1744 915 1780 defensae
953 1744 1139 1780 libertatis
1176 1744 1364 1781 taedebat:
1405 1753 1442 1782 et

323 1813 438 1855 vinci,
460 1824 572 1861 quam
592 1823 670 1847 non
692 1817 841 1846 tentare
862 1810 1072 1851 victoriam,
1093 1808 1298 1846 malebant.
1345 1810 1441 1848 Qui-

323 1889 413 1913 nam
433 1877 482 1912 sit
510 1875 586 1919 ille,
608 1887 718 1924 quem
747 1887 824 1910 non
850 1874 978 1923 pigeat
1003 1873 1294 1923 longinquitatis
1320 1873 1441 1910 bello-

322 1953 404 1977 rum
435 1939 634 1975 scribendo
664 1938 912 1986 legendoque,
934 1950 1017 1985 quae
1047 1944 1220 1986 gerentes
1251 1950 1327 1974 non
1352 1937 1442 1974 fati-

321 2003 531 2054 gaverunt?

375 2067 556 2105 XXXII.
586 2067 634 2105 Q.
669 2065 844 2108 Fabium,
878 2065 921 2102 P.
948 2065 1124 2108 Decium,
1155 2065 1202 2102 L.
1222 2065 1441 2102 Postumius

320 2132 509 2181 Megellus
527 2138 563 2167 et
582 2130 639 2166 M.
656 2129 796 2166 Atilius
815 2129 987 2178 Regulus
1005 2129 1178 2166 consules
1199 2130 1318 2166 secuti
1338 2138 1440 2167 sunt.

322 2197 516 2234 Samnium
537 2195 721 2231 ambobus
743 2195 893 2230 decreta
920 2196 1116 2244 provincia
1136 2201 1215 2240 est3
1249 2195 1337 2244 quia
1361 2202 1437 2231 tres

320 2262 481 2311 scriptos
498 2260 667 2295 hostium
683 2259 885 2301 exercitus,
905 2272 981 2295 uno
1001 2260 1209 2302 Etruriam,
1228 2258 1347 2295 altero
1363 2271 1435 2309 po-

319 2325 534 2377 pulationes
556 2324 774 2375 Campaniae
800 2325 934 2373 repeti,
959 2324 1113 2361 tertium
1143 2323 1291 2360 tuendis
1312 2324 1437 2373 parari
