<?xml version="1.0" encoding="UTF-8"?>
<!DOCTYPE html PUBLIC "-//W3C//DTD XHTML 1.0 Transitional//EN"
    "http://www.w3.org/TR/xhtml1/DTD/xhtml1-transitional.dtd">
<html xmlns="http://www.w3.org/1999/xhtml" xml:lang="en" lang="en">
 <head>
  <title>
</title>
<meta http-equiv="Content-Type" content="text/html;charset=utf-8" />
  <meta name='ocr-system' content='tesseract 3.04.00' />
  <meta name='ocr-capabilities' content='ocr_page ocr_carea ocr_par ocr_line ocrx_word'/>
</head>
<body>
  <div class='ocr_page' id='page_1' title='image "./historiarumquaes02livyuoft/historiarumquaes02livyuoft_0148.png"; bbox 0 0 1527 2661; ppageno 0'>
   <div class='ocr_carea' id='block_1_1' title="bbox 118 251 306 328">
    <p class='ocr_par' dir='ltr' id='par_1_1' title="bbox 118 251 306 328">
     <span class='ocr_line' id='line_1_1' title="bbox 120 251 306 285; baseline 0.016 -3"><span class='ocrx_word' id='word_1_1' title='bbox 120 253 163 282; x_wconf 87' lang='lat' dir='ltr'>U.</span> <span class='ocrx_word' id='word_1_2' title='bbox 176 251 212 282; x_wconf 88' lang='lat' dir='ltr'>C.</span> <span class='ocrx_word' id='word_1_3' title='bbox 230 259 306 285; x_wconf 82' lang='lat'><strong>4⁵9.</strong></span> 
     </span>
     <span class='ocr_line' id='line_1_2' title="bbox 118 295 304 328; baseline 0.011 -3"><span class='ocrx_word' id='word_1_4' title='bbox 118 296 159 325; x_wconf 76' lang='grc' dir='ltr'>Δ.</span> <span class='ocrx_word' id='word_1_5' title='bbox 173 295 211 325; x_wconf 90' lang='lat' dir='ltr'>C.</span> <span class='ocrx_word' id='word_1_6' title='bbox 230 303 304 328; x_wconf 80' lang='lat'><strong>293.</strong></span> 
     </span>
    </p>
   </div>
   <div class='ocr_carea' id='block_1_2' title="bbox 122 633 270 705">
    <p class='ocr_par' dir='ltr' id='par_1_2' title="bbox 122 633 270 705">
     <span class='ocr_line' id='line_1_3' title="bbox 122 633 270 663; baseline 0 -1"><span class='ocrx_word' id='word_1_7' title='bbox 122 633 270 663; x_wconf 86' lang='lat' dir='ltr'>Etrusco-</span> 
     </span>
     <span class='ocr_line' id='line_1_4' title="bbox 122 685 258 705; baseline 0 0"><span class='ocrx_word' id='word_1_8' title='bbox 122 685 194 705; x_wconf 81' lang='lat' dir='ltr'>rum</span> <span class='ocrx_word' id='word_1_9' title='bbox 213 685 258 705; x_wconf 85' lang='lat' dir='ltr'>re-</span> 
     </span>
    </p>
   </div>
   <div class='ocr_carea' id='block_1_3' title="bbox 121 718 229 749">
    <p class='ocr_par' dir='ltr' id='par_1_3' title="bbox 121 718 229 749">
     <span class='ocr_line' id='line_1_5' title="bbox 121 718 229 749; baseline 0 0"><span class='ocrx_word' id='word_1_10' title='bbox 121 718 229 749; x_wconf 75' lang='lat' dir='ltr'>bellio.</span> 
     </span>
    </p>
   </div>
   <div class='ocr_carea' id='block_1_4' title="bbox 319 150 997 206">
    <p class='ocr_par' dir='ltr' id='par_1_4' title="bbox 319 150 997 206">
     <span class='ocr_line' id='line_1_6' title="bbox 319 150 997 206; baseline 0.009 -15"><span class='ocrx_word' id='word_1_11' title='bbox 319 150 398 206; x_wconf 85' lang='lat'>138</span> <span class='ocrx_word' id='word_1_12' title='bbox 798 168 841 196; x_wconf 80' lang='lat' dir='ltr'>T.</span> <span class='ocrx_word' id='word_1_13' title='bbox 866 168 997 197; x_wconf 78' lang='lat' dir='ltr'>L1v11</span> 
     </span>
    </p>
   </div>
   <div class='ocr_carea' id='block_1_5' title="bbox 313 254 1438 2365">
    <p class='ocr_par' dir='ltr' id='par_1_5' title="bbox 313 254 1438 2365">
     <span class='ocr_line' id='line_1_7' title="bbox 371 254 1425 309; baseline 0.009 -19"><span class='ocrx_word' id='word_1_14' title='bbox 371 254 495 292; x_wconf 92' lang='lat' dir='ltr'><strong>XLV.</strong></span> <span class='ocrx_word' id='word_1_15' title='bbox 525 255 664 293; x_wconf 83' lang='lat' dir='ltr'>Literae</span> <span class='ocrx_word' id='word_1_16' title='bbox 682 259 877 296; x_wconf 89' lang='lat' dir='ltr'>consulum</span> <span class='ocrx_word' id='word_1_17' title='bbox 897 261 1042 309; x_wconf 85' lang='lat' dir='ltr'>ingenti</span> <span class='ocrx_word' id='word_1_18' title='bbox 1058 260 1191 298; x_wconf 81' lang='lat' dir='ltr'>laetitia</span> <span class='ocrx_word' id='word_1_19' title='bbox 1210 269 1248 298; x_wconf 91' lang='lat' dir='ltr'>et</span> <span class='ocrx_word' id='word_1_20' title='bbox 1267 263 1425 299; x_wconf 85' lang='lat' dir='ltr'>incuria</span> 
     </span>
     <span class='ocr_line' id='line_1_8' title="bbox 316 319 1427 376; baseline 0.009 -23"><span class='ocrx_word' id='word_1_21' title='bbox 316 324 353 354; x_wconf 90' lang='lat' dir='ltr'>et</span> <span class='ocrx_word' id='word_1_22' title='bbox 383 319 422 354; x_wconf 92' lang='lat' dir='ltr'>in</span> <span class='ocrx_word' id='word_1_23' title='bbox 453 321 637 357; x_wconf 87' lang='lat' dir='ltr'>concione</span> <span class='ocrx_word' id='word_1_24' title='bbox 668 323 829 368; x_wconf 80' lang='lat' dir='ltr'>auditae3</span> <span class='ocrx_word' id='word_1_25' title='bbox 863 329 900 359; x_wconf 90' lang='lat' dir='ltr'>et</span> <span class='ocrx_word' id='word_1_26' title='bbox 930 325 1120 373; x_wconf 84' lang='lat' dir='ltr'><strong>quatridui</strong></span> <span class='ocrx_word' id='word_1_27' title='bbox 1151 325 1427 376; x_wconf 85' lang='lat' dir='ltr'>supplicatione</span> 
     </span>
     <span class='ocr_line' id='line_1_9' title="bbox 314 381 1424 436; baseline 0.008 -19"><span class='ocrx_word' id='word_1_28' title='bbox 314 381 508 432; x_wconf 89' lang='lat' dir='ltr'>publicum</span> <span class='ocrx_word' id='word_1_29' title='bbox 529 385 707 432; x_wconf 85' lang='lat' dir='ltr'>gaudium</span> <span class='ocrx_word' id='word_1_30' title='bbox 738 387 893 436; x_wconf 74' lang='lat' dir='ltr'>privatis</span> <span class='ocrx_word' id='word_1_31' title='bbox 924 389 1056 424; x_wconf 87' lang='lat' dir='ltr'>studiis</span> <span class='ocrx_word' id='word_1_32' title='bbox 1087 389 1316 426; x_wconf 88' lang='lat' dir='ltr'>celebratum</span> <span class='ocrx_word' id='word_1_33' title='bbox 1345 396 1424 426; x_wconf 86' lang='lat' dir='ltr'>est:</span> 
     </span>
     <span class='ocr_line' id='line_1_10' title="bbox 314 448 1430 504; baseline 0.007 -22"><span class='ocrx_word' id='word_1_34' title='bbox 314 459 385 482; x_wconf 89' lang='lat' dir='ltr'>nec</span> <span class='ocrx_word' id='word_1_35' title='bbox 405 448 547 497; x_wconf 91' lang='lat' dir='ltr'>populo</span> <span class='ocrx_word' id='word_1_36' title='bbox 567 449 746 486; x_wconf 87' lang='lat' dir='ltr'>Romano</span> <span class='ocrx_word' id='word_1_37' title='bbox 769 463 908 499; x_wconf 85' lang='lat' dir='ltr'>magna</span> <span class='ocrx_word' id='word_1_38' title='bbox 929 451 1065 495; x_wconf 85' lang='lat' dir='ltr'>solum,</span> <span class='ocrx_word' id='word_1_39' title='bbox 1087 454 1151 489; x_wconf 84' lang='lat' dir='ltr'>sed</span> <span class='ocrx_word' id='word_1_40' title='bbox 1177 459 1430 504; x_wconf 83' lang='lat' dir='ltr'>peropportu-</span> 
     </span>
     <span class='ocr_line' id='line_1_11' title="bbox 314 511 1428 566; baseline 0.006 -20"><span class='ocrx_word' id='word_1_41' title='bbox 314 522 365 546; x_wconf 86' lang='lat' dir='ltr'>na</span> <span class='ocrx_word' id='word_1_42' title='bbox 384 511 512 555; x_wconf 85' lang='lat' dir='ltr'>etiam,</span> <span class='ocrx_word' id='word_1_43' title='bbox 534 526 577 549; x_wconf 86' lang='lat' dir='ltr'>ea</span> <span class='ocrx_word' id='word_1_44' title='bbox 596 514 755 549; x_wconf 78' lang='lat' dir='ltr'>victoria</span> <span class='ocrx_word' id='word_1_45' title='bbox 774 515 870 560; x_wconf 81' lang='lat' dir='ltr'>fuit3</span> <span class='ocrx_word' id='word_1_46' title='bbox 904 516 991 564; x_wconf 85' lang='lat' dir='ltr'>quia</span> <span class='ocrx_word' id='word_1_47' title='bbox 1011 529 1077 566; x_wconf 91' lang='lat' dir='ltr'>per</span> <span class='ocrx_word' id='word_1_48' title='bbox 1096 517 1195 552; x_wconf 89' lang='lat' dir='ltr'>idem</span> <span class='ocrx_word' id='word_1_49' title='bbox 1214 517 1314 553; x_wconf 88' lang='lat' dir='ltr'>forte</span> <span class='ocrx_word' id='word_1_50' title='bbox 1332 523 1428 553; x_wconf 89' lang='lat' dir='ltr'>tem-</span> 
     </span>
     <span class='ocr_line' id='line_1_12' title="bbox 315 575 1430 629; baseline 0.006 -19"><span class='ocrx_word' id='word_1_51' title='bbox 315 588 386 625; x_wconf 86' lang='lat' dir='ltr'>pus</span> <span class='ocrx_word' id='word_1_52' title='bbox 406 575 606 612; x_wconf 82' lang='lat' dir='ltr'>rebellasse</span> <span class='ocrx_word' id='word_1_53' title='bbox 627 578 810 614; x_wconf 87' lang='lat' dir='ltr'>Etruscos</span> <span class='ocrx_word' id='word_1_54' title='bbox 831 578 997 615; x_wconf 85' lang='lat' dir='ltr'>adlatum</span> <span class='ocrx_word' id='word_1_55' title='bbox 1018 586 1086 616; x_wconf 84' lang='lat' dir='ltr'>est.</span> <span class='ocrx_word' id='word_1_56' title='bbox 1145 580 1306 616; x_wconf 84' lang='lat' dir='ltr'>Subibat</span> <span class='ocrx_word' id='word_1_57' title='bbox 1325 580 1430 629; x_wconf 88' lang='lat' dir='ltr'>cogi-</span> 
     </span>
     <span class='ocr_line' id='line_1_13' title="bbox 315 639 1429 689; baseline 0.005 -15"><span class='ocrx_word' id='word_1_58' title='bbox 315 639 412 675; x_wconf 80' lang='lat' dir='ltr'>tatio</span> <span class='ocrx_word' id='word_1_59' title='bbox 433 640 614 684; x_wconf 81' lang='lat' dir='ltr'>animum,</span> <span class='ocrx_word' id='word_1_60' title='bbox 632 654 795 689; x_wconf 86' lang='lat' dir='ltr'>quonam</span> <span class='ocrx_word' id='word_1_61' title='bbox 814 643 928 679; x_wconf 90' lang='lat' dir='ltr'>modo</span> <span class='ocrx_word' id='word_1_62' title='bbox 946 642 1152 679; x_wconf 84' lang='lat' dir='ltr'>tolerabilis</span> <span class='ocrx_word' id='word_1_63' title='bbox 1169 642 1297 680; x_wconf 84' lang='lat' dir='ltr'>futura</span> <span class='ocrx_word' id='word_1_64' title='bbox 1312 644 1429 680; x_wconf 90' lang='lat' dir='ltr'>Etru-</span> 
     </span>
     <span class='ocr_line' id='line_1_14' title="bbox 314 702 1428 757; baseline 0.005 -19"><span class='ocrx_word' id='word_1_65' title='bbox 314 704 371 739; x_wconf 84' lang='lat' dir='ltr'>ria</span> <span class='ocrx_word' id='word_1_66' title='bbox 389 702 536 747; x_wconf 85' lang='lat' dir='ltr'>fuisset,</span> <span class='ocrx_word' id='word_1_67' title='bbox 558 706 587 740; x_wconf 88' lang='lat' dir='ltr'>si</span> <span class='ocrx_word' id='word_1_68' title='bbox 605 707 693 754; x_wconf 85' lang='lat' dir='ltr'>quid</span> <span class='ocrx_word' id='word_1_69' title='bbox 715 707 751 742; x_wconf 87' lang='lat' dir='ltr'>in</span> <span class='ocrx_word' id='word_1_70' title='bbox 773 707 929 743; x_wconf 87' lang='lat' dir='ltr'>Samnio</span> <span class='ocrx_word' id='word_1_71' title='bbox 945 708 1090 744; x_wconf 86' lang='lat' dir='ltr'>adversi</span> <span class='ocrx_word' id='word_1_72' title='bbox 1110 708 1298 754; x_wconf 84' lang='lat' dir='ltr'>venisset;</span> <span class='ocrx_word' id='word_1_73' title='bbox 1331 721 1428 757; x_wconf 85' lang='lat' dir='ltr'>quae,</span> 
     </span>
     <span class='ocr_line' id='line_1_15' title="bbox 314 767 1428 821; baseline 0.004 -17"><span class='ocrx_word' id='word_1_74' title='bbox 314 767 581 818; x_wconf 86' lang='lat' dir='ltr'>conjuratione</span> <span class='ocrx_word' id='word_1_75' title='bbox 603 771 829 808; x_wconf 86' lang='lat' dir='ltr'>Samnitium</span> <span class='ocrx_word' id='word_1_76' title='bbox 850 778 988 814; x_wconf 90' lang='lat' dir='ltr'>erecta,</span> <span class='ocrx_word' id='word_1_77' title='bbox 1007 773 1187 821; x_wconf 87' lang='lat' dir='ltr'>quoniam</span> <span class='ocrx_word' id='word_1_78' title='bbox 1203 772 1316 808; x_wconf 77' lang='lat' dir='ltr'>ambo</span> <span class='ocrx_word' id='word_1_79' title='bbox 1336 785 1428 809; x_wconf 89' lang='lat' dir='ltr'>con-</span> 
     </span>
     <span class='ocr_line' id='line_1_16' title="bbox 315 831 1428 884; baseline 0.004 -16"><span class='ocrx_word' id='word_1_80' title='bbox 315 831 414 869; x_wconf 84' lang='lat' dir='ltr'>sules</span> <span class='ocrx_word' id='word_1_81' title='bbox 443 835 642 884; x_wconf 86' lang='lat' dir='ltr'>omnisque</span> <span class='ocrx_word' id='word_1_82' title='bbox 661 835 839 873; x_wconf 88' lang='lat' dir='ltr'>Romana</span> <span class='ocrx_word' id='word_1_83' title='bbox 861 838 915 873; x_wconf 85' lang='lat' dir='ltr'>vis</span> <span class='ocrx_word' id='word_1_84' title='bbox 936 850 1066 873; x_wconf 78' lang='lat' dir='ltr'>aversa</span> <span class='ocrx_word' id='word_1_85' title='bbox 1094 837 1132 872; x_wconf 85' lang='lat' dir='ltr'>in</span> <span class='ocrx_word' id='word_1_86' title='bbox 1155 837 1350 873; x_wconf 85' lang='lat' dir='ltr'>Samnium</span> <span class='ocrx_word' id='word_1_87' title='bbox 1371 849 1428 872; x_wconf 91' lang='lat' dir='ltr'>es-</span> 
     </span>
     <span class='ocr_line' id='line_1_17' title="bbox 315 900 1429 951; baseline 0.004 -18"><span class='ocrx_word' id='word_1_88' title='bbox 315 904 387 940; x_wconf 85' lang='lat' dir='ltr'>set,</span> <span class='ocrx_word' id='word_1_89' title='bbox 409 900 700 948; x_wconf 85' lang='lat' dir='ltr'>occupationem</span> <span class='ocrx_word' id='word_1_90' title='bbox 720 901 853 951; x_wconf 87' lang='lat' dir='ltr'>populi</span> <span class='ocrx_word' id='word_1_91' title='bbox 871 901 1041 938; x_wconf 81' lang='lat' dir='ltr'>Romani</span> <span class='ocrx_word' id='word_1_92' title='bbox 1061 914 1130 951; x_wconf 88' lang='lat' dir='ltr'>pro</span> <span class='ocrx_word' id='word_1_93' title='bbox 1150 901 1350 938; x_wconf 84' lang='lat' dir='ltr'>occasione</span> <span class='ocrx_word' id='word_1_94' title='bbox 1370 913 1429 937; x_wconf 92' lang='lat' dir='ltr'>re-</span> 
     </span>
     <span class='ocr_line' id='line_1_18' title="bbox 314 960 1430 1015; baseline 0.004 -19"><span class='ocrx_word' id='word_1_95' title='bbox 314 960 481 998; x_wconf 86' lang='lat' dir='ltr'>bellandi</span> <span class='ocrx_word' id='word_1_96' title='bbox 505 963 712 1001; x_wconf 83' lang='lat' dir='ltr'>habuisset.</span> <span class='ocrx_word' id='word_1_97' title='bbox 750 966 985 1015; x_wconf 80' lang='lat' dir='ltr'>Legationes</span> <span class='ocrx_word' id='word_1_98' title='bbox 1006 966 1210 1008; x_wconf 88' lang='lat' dir='ltr'>sociorum,</span> <span class='ocrx_word' id='word_1_99' title='bbox 1232 979 1254 1001; x_wconf 86' lang='lat' dir='ltr'>a</span> <span class='ocrx_word' id='word_1_100' title='bbox 1271 964 1329 1002; x_wconf 89' lang='lat' dir='ltr'>M.</span> <span class='ocrx_word' id='word_1_101' title='bbox 1345 965 1430 1001; x_wconf 86' lang='lat' dir='ltr'>Ati-</span> 
     </span>
     <span class='ocr_line' id='line_1_19' title="bbox 313 1025 1431 1079; baseline 0.003 -17"><span class='ocrx_word' id='word_1_102' title='bbox 313 1025 367 1063; x_wconf 89' lang='lat' dir='ltr'>lio</span> <span class='ocrx_word' id='word_1_103' title='bbox 404 1035 566 1078; x_wconf 81' lang='lat' dir='ltr'>praetore</span> <span class='ocrx_word' id='word_1_104' title='bbox 599 1030 637 1065; x_wconf 91' lang='lat' dir='ltr'>in</span> <span class='ocrx_word' id='word_1_105' title='bbox 676 1037 848 1067; x_wconf 87' lang='lat' dir='ltr'>senatum</span> <span class='ocrx_word' id='word_1_106' title='bbox 884 1031 1123 1073; x_wconf 76' lang='lat' dir='ltr'>introductae,</span> <span class='ocrx_word' id='word_1_107' title='bbox 1163 1029 1431 1079; x_wconf 79' lang='lat' dir='ltr'>querebantur,</span> 
     </span>
     <span class='ocr_line' id='line_1_20' title="bbox 314 1092 1433 1143; baseline 0.002 -16"><span class='ocrx_word' id='word_1_108' title='bbox 314 1092 374 1127; x_wconf 87' lang='lat' dir='ltr'>uri</span> <span class='ocrx_word' id='word_1_109' title='bbox 403 1099 440 1128; x_wconf 90' lang='lat' dir='ltr'>et</span> <span class='ocrx_word' id='word_1_110' title='bbox 469 1093 609 1130; x_wconf 84' lang='lat' dir='ltr'>vastari</span> <span class='ocrx_word' id='word_1_111' title='bbox 639 1106 751 1142; x_wconf 87' lang='lat' dir='ltr'>agros</span> <span class='ocrx_word' id='word_1_112' title='bbox 788 1108 809 1130; x_wconf 88' lang='lat' dir='ltr'>a</span> <span class='ocrx_word' id='word_1_113' title='bbox 840 1095 1010 1131; x_wconf 87' lang='lat' dir='ltr'>finitimis</span> <span class='ocrx_word' id='word_1_114' title='bbox 1041 1095 1227 1137; x_wconf 82' lang='lat' dir='ltr'>Etruscis,</span> <span class='ocrx_word' id='word_1_115' title='bbox 1249 1094 1349 1143; x_wconf 90' lang='lat' dir='ltr'>quod</span> <span class='ocrx_word' id='word_1_116' title='bbox 1368 1093 1433 1129; x_wconf 92' lang='lat' dir='ltr'>de-</span> 
     </span>
     <span class='ocr_line' id='line_1_21' title="bbox 315 1156 1433 1209; baseline 0.003 -18"><span class='ocrx_word' id='word_1_117' title='bbox 315 1156 475 1193; x_wconf 90' lang='lat' dir='ltr'>sciscere</span> <span class='ocrx_word' id='word_1_118' title='bbox 499 1171 521 1193; x_wconf 92' lang='lat' dir='ltr'>a</span> <span class='ocrx_word' id='word_1_119' title='bbox 547 1159 690 1209; x_wconf 81' lang='lat' dir='ltr'>populo</span> <span class='ocrx_word' id='word_1_120' title='bbox 710 1159 891 1195; x_wconf 84' lang='lat' dir='ltr'>Romano</span> <span class='ocrx_word' id='word_1_121' title='bbox 918 1159 1089 1196; x_wconf 86' lang='lat' dir='ltr'>nollent:</span> <span class='ocrx_word' id='word_1_122' title='bbox 1123 1158 1433 1195; x_wconf 78' lang='lat' dir='ltr'>obtestabantur-</span> 
     </span>
     <span class='ocr_line' id='line_1_22' title="bbox 315 1221 1433 1274; baseline 0.001 -17"><span class='ocrx_word' id='word_1_123' title='bbox 315 1234 389 1270; x_wconf 91' lang='lat' dir='ltr'>que</span> <span class='ocrx_word' id='word_1_124' title='bbox 405 1221 536 1258; x_wconf 78' lang='lat' dir='ltr'>Patres</span> <span class='ocrx_word' id='word_1_125' title='bbox 558 1224 809 1274; x_wconf 82' lang='lat' dir='ltr'>conscriptos,</span> <span class='ocrx_word' id='word_1_126' title='bbox 827 1230 868 1260; x_wconf 86' lang='lat' dir='ltr'>ut</span> <span class='ocrx_word' id='word_1_127' title='bbox 889 1237 927 1260; x_wconf 88' lang='lat' dir='ltr'>se</span> <span class='ocrx_word' id='word_1_128' title='bbox 944 1237 966 1260; x_wconf 94' lang='lat' dir='ltr'>a</span> <span class='ocrx_word' id='word_1_129' title='bbox 985 1225 1021 1260; x_wconf 93' lang='lat' dir='ltr'>vi</span> <span class='ocrx_word' id='word_1_130' title='bbox 1041 1230 1154 1273; x_wconf 89' lang='lat' dir='ltr'>atque</span> <span class='ocrx_word' id='word_1_131' title='bbox 1170 1222 1310 1273; x_wconf 85' lang='lat' dir='ltr'>injuria</span> <span class='ocrx_word' id='word_1_132' title='bbox 1328 1235 1433 1258; x_wconf 90' lang='lat' dir='ltr'>com·</span> 
     </span>
     <span class='ocr_line' id='line_1_23' title="bbox 314 1285 1433 1337; baseline 0 -16"><span class='ocrx_word' id='word_1_133' title='bbox 314 1286 485 1322; x_wconf 89' lang='lat' dir='ltr'>munium</span> <span class='ocrx_word' id='word_1_134' title='bbox 520 1288 687 1323; x_wconf 82' lang='lat' dir='ltr'>hostium</span> <span class='ocrx_word' id='word_1_135' title='bbox 725 1295 952 1325; x_wconf 84' lang='lat' dir='ltr'>tutarentur.</span> <span class='ocrx_word' id='word_1_136' title='bbox 1008 1287 1253 1337; x_wconf 83' lang='lat' dir='ltr'>Responsum</span> <span class='ocrx_word' id='word_1_137' title='bbox 1284 1285 1433 1335; x_wconf 86' lang='lat' dir='ltr'>legatis,</span> 
     </span>
     <span class='ocr_line' id='line_1_24' title="bbox 316 1350 1437 1401; baseline 0 -14"><span class='ocrx_word' id='word_1_138' title='bbox 316 1362 410 1387; x_wconf 71' lang='lat' dir='ltr'>cu‘roe</span> <span class='ocrx_word' id='word_1_139' title='bbox 430 1352 570 1386; x_wconf 73' lang='lat' dir='ltr'>senatui</span> <span class='ocrx_word' id='word_1_140' title='bbox 585 1350 775 1399; x_wconf 79' lang='lat' dir='ltr'>futurum,</span> <span class='ocrx_word' id='word_1_141' title='bbox 803 1365 847 1388; x_wconf 80' lang='lat' dir='ltr'>ne</span> <span class='ocrx_word' id='word_1_142' title='bbox 875 1356 987 1388; x_wconf 78' lang='lat' dir='ltr'>socios</span> <span class='ocrx_word' id='word_1_143' title='bbox 1003 1354 1098 1401; x_wconf 76' lang='lat' dir='ltr'>fidei</span> <span class='ocrx_word' id='word_1_144' title='bbox 1125 1363 1198 1387; x_wconf 79' lang='lat' dir='ltr'>suoe</span> <span class='ocrx_word' id='word_1_145' title='bbox 1225 1352 1437 1399; x_wconf 75' lang='lat' dir='ltr'>poeniteret:</span> 
     </span>
     <span class='ocr_line' id='line_1_25' title="bbox 316 1414 1436 1465; baseline -0.001 -14"><span class='ocrx_word' id='word_1_146' title='bbox 316 1416 554 1453; x_wconf 75' lang='lat' dir='ltr'>Etruscorum</span> <span class='ocrx_word' id='word_1_147' title='bbox 569 1429 683 1465; x_wconf 82' lang='lat' dir='ltr'>prope</span> <span class='ocrx_word' id='word_1_148' title='bbox 698 1418 788 1453; x_wconf 77' lang='lat' dir='ltr'>diem</span> <span class='ocrx_word' id='word_1_149' title='bbox 810 1418 967 1453; x_wconf 78' lang='lat' dir='ltr'>eamdem</span> <span class='ocrx_word' id='word_1_150' title='bbox 978 1416 1189 1465; x_wconf 77' lang='lat' dir='ltr'>fortunam,</span> <span class='ocrx_word' id='word_1_151' title='bbox 1207 1427 1313 1463; x_wconf 79' lang='lat' dir='ltr'>qnam</span> <span class='ocrx_word' id='word_1_152' title='bbox 1328 1414 1436 1451; x_wconf 83' lang='lat' dir='ltr'>Sam-</span> 
     </span>
     <span class='ocr_line' id='line_1_26' title="bbox 314 1478 1436 1530; baseline -0.002 -15"><span class='ocrx_word' id='word_1_153' title='bbox 314 1481 567 1530; x_wconf 62' lang='lat' dir='ltr'>nitiwmfore.</span> <span class='ocrx_word' id='word_1_154' title='bbox 626 1481 786 1529; x_wconf 86' lang='lat' dir='ltr'>Segnius</span> <span class='ocrx_word' id='word_1_155' title='bbox 810 1487 937 1516; x_wconf 86' lang='lat' dir='ltr'>tamen</span> <span class='ocrx_word' id='word_1_156' title='bbox 958 1480 1059 1530; x_wconf 88' lang='lat' dir='ltr'>quod</span> <span class='ocrx_word' id='word_1_157' title='bbox 1086 1480 1131 1516; x_wconf 92' lang='lat' dir='ltr'>ad</span> <span class='ocrx_word' id='word_1_158' title='bbox 1151 1479 1344 1515; x_wconf 85' lang='lat' dir='ltr'>Etruriam</span> <span class='ocrx_word' id='word_1_159' title='bbox 1370 1478 1436 1514; x_wconf 90' lang='lat' dir='ltr'>ad-</span> 
     </span>
     <span class='ocr_line' id='line_1_27' title="bbox 316 1543 1436 1593; baseline -0.002 -14"><span class='ocrx_word' id='word_1_160' title='bbox 316 1543 479 1587; x_wconf 87' lang='lat' dir='ltr'>tinebat,</span> <span class='ocrx_word' id='word_1_161' title='bbox 501 1551 585 1581; x_wconf 86' lang='lat' dir='ltr'>acta</span> <span class='ocrx_word' id='word_1_162' title='bbox 612 1557 669 1580; x_wconf 89' lang='lat' dir='ltr'>res</span> <span class='ocrx_word' id='word_1_163' title='bbox 696 1551 808 1587; x_wconf 86' lang='lat' dir='ltr'>esset,</span> <span class='ocrx_word' id='word_1_164' title='bbox 836 1546 875 1580; x_wconf 91' lang='lat' dir='ltr'>ni</span> <span class='ocrx_word' id='word_1_165' title='bbox 896 1545 1064 1581; x_wconf 88' lang='lat' dir='ltr'>Faliscos</span> <span class='ocrx_word' id='word_1_166' title='bbox 1092 1555 1257 1593; x_wconf 87' lang='lat' dir='ltr'>quoque,</span> <span class='ocrx_word' id='word_1_167' title='bbox 1279 1543 1344 1591; x_wconf 88' lang='lat' dir='ltr'>qui</span> <span class='ocrx_word' id='word_1_168' title='bbox 1369 1554 1436 1592; x_wconf 87' lang='lat' dir='ltr'>per</span> 
     </span>
     <span class='ocr_line' id='line_1_28' title="bbox 317 1605 1434 1649; baseline -0.001 -7"><span class='ocrx_word' id='word_1_169' title='bbox 317 1605 458 1642; x_wconf 88' lang='lat' dir='ltr'>multos</span> <span class='ocrx_word' id='word_1_170' title='bbox 493 1619 613 1642; x_wconf 85' lang='lat' dir='ltr'>annos</span> <span class='ocrx_word' id='word_1_171' title='bbox 646 1609 684 1643; x_wconf 89' lang='lat' dir='ltr'>in</span> <span class='ocrx_word' id='word_1_172' title='bbox 722 1609 892 1643; x_wconf 88' lang='lat' dir='ltr'>amicitia</span> <span class='ocrx_word' id='word_1_173' title='bbox 920 1608 1086 1649; x_wconf 85' lang='lat' dir='ltr'>fuerant,</span> <span class='ocrx_word' id='word_1_174' title='bbox 1126 1606 1294 1642; x_wconf 87' lang='lat' dir='ltr'>adlatum</span> <span class='ocrx_word' id='word_1_175' title='bbox 1320 1605 1434 1647; x_wconf 88' lang='lat' dir='ltr'>foret,</span> 
     </span>
     <span class='ocr_line' id='line_1_29' title="bbox 319 1668 1435 1720; baseline -0.001 -15"><span class='ocrx_word' id='word_1_176' title='bbox 319 1683 425 1706; x_wconf 84' lang='lat' dir='ltr'>arma</span> <span class='ocrx_word' id='word_1_177' title='bbox 444 1670 614 1706; x_wconf 85' lang='lat' dir='ltr'>Etruscis</span> <span class='ocrx_word' id='word_1_178' title='bbox 629 1669 818 1719; x_wconf 81' lang='lat' dir='ltr'>junxisse.</span> <span class='ocrx_word' id='word_1_179' title='bbox 872 1669 1001 1720; x_wconf 85' lang='lat' dir='ltr'>Hujus</span> <span class='ocrx_word' id='word_1_180' title='bbox 1022 1669 1285 1720; x_wconf 86' lang='lat' dir='ltr'>propinquitas</span> <span class='ocrx_word' id='word_1_181' title='bbox 1306 1668 1435 1719; x_wconf 89' lang='lat' dir='ltr'>populi</span> 
     </span>
     <span class='ocr_line' id='line_1_30' title="bbox 320 1733 1434 1777; baseline -0.002 -7"><span class='ocrx_word' id='word_1_182' title='bbox 320 1734 423 1770; x_wconf 90' lang='lat' dir='ltr'>acuit</span> <span class='ocrx_word' id='word_1_183' title='bbox 453 1747 580 1770; x_wconf 88' lang='lat' dir='ltr'>curam</span> <span class='ocrx_word' id='word_1_184' title='bbox 601 1734 794 1777; x_wconf 86' lang='lat' dir='ltr'>Patribus,</span> <span class='ocrx_word' id='word_1_185' title='bbox 823 1741 864 1770; x_wconf 83' lang='lat' dir='ltr'>ut</span> <span class='ocrx_word' id='word_1_186' title='bbox 887 1734 1039 1770; x_wconf 88' lang='lat' dir='ltr'>feciales</span> <span class='ocrx_word' id='word_1_187' title='bbox 1070 1733 1277 1769; x_wconf 88' lang='lat' dir='ltr'>mittendos</span> <span class='ocrx_word' id='word_1_188' title='bbox 1308 1733 1355 1769; x_wconf 86' lang='lat' dir='ltr'>ad</span> <span class='ocrx_word' id='word_1_189' title='bbox 1377 1744 1434 1768; x_wconf 89' lang='lat' dir='ltr'>res</span> 
     </span>
     <span class='ocr_line' id='line_1_31' title="bbox 321 1798 1437 1848; baseline -0.002 -14"><span class='ocrx_word' id='word_1_190' title='bbox 321 1799 543 1848; x_wconf 88' lang='lat' dir='ltr'>repetendas</span> <span class='ocrx_word' id='word_1_191' title='bbox 560 1806 757 1835; x_wconf 88' lang='lat' dir='ltr'>censerent</span> <span class='ocrx_word' id='word_1_192' title='bbox 774 1815 780 1835; x_wconf 74' lang='grc' dir='ltr'>ε</span> <span class='ocrx_word' id='word_1_193' title='bbox 805 1799 941 1848; x_wconf 87' lang='lat' dir='ltr'>quibus</span> <span class='ocrx_word' id='word_1_194' title='bbox 958 1811 1035 1834; x_wconf 92' lang='lat' dir='ltr'>non</span> <span class='ocrx_word' id='word_1_195' title='bbox 1057 1798 1226 1840; x_wconf 82' lang='lat' dir='ltr'>redditis,</span> <span class='ocrx_word' id='word_1_196' title='bbox 1240 1810 1287 1833; x_wconf 87' lang='lat' dir='ltr'>ex</span> <span class='ocrx_word' id='word_1_197' title='bbox 1305 1802 1437 1832; x_wconf 85' lang='lat' dir='ltr'>aucto-</span> 
     </span>
     <span class='ocr_line' id='line_1_32' title="bbox 322 1861 1438 1913; baseline 0 -15"><span class='ocrx_word' id='word_1_198' title='bbox 322 1864 433 1899; x_wconf 81' lang='lat' dir='ltr'>ritate</span> <span class='ocrx_word' id='word_1_199' title='bbox 454 1863 609 1899; x_wconf 78' lang='lat' dir='ltr'>Pati-uni</span> <span class='ocrx_word' id='word_1_200' title='bbox 624 1862 734 1913; x_wconf 86' lang='lat' dir='ltr'>jussu</span> <span class='ocrx_word' id='word_1_201' title='bbox 755 1864 883 1913; x_wconf 87' lang='lat' dir='ltr'>populi</span> <span class='ocrx_word' id='word_1_202' title='bbox 908 1863 1048 1899; x_wconf 84' lang='lat' dir='ltr'>bellum</span> <span class='ocrx_word' id='word_1_203' title='bbox 1069 1862 1225 1898; x_wconf 86' lang='lat' dir='ltr'>Faliscis</span> <span class='ocrx_word' id='word_1_204' title='bbox 1254 1861 1438 1898; x_wconf 87' lang='lat' dir='ltr'>indictum</span> 
     </span>
     <span class='ocr_line' id='line_1_33' title="bbox 320 1925 1436 1975; baseline -0.002 -13"><span class='ocrx_word' id='word_1_205' title='bbox 320 1932 400 1962; x_wconf 87' lang='lat' dir='ltr'>est:</span> <span class='ocrx_word' id='word_1_206' title='bbox 428 1926 602 1975; x_wconf 82' lang='lat' dir='ltr'>jussique</span> <span class='ocrx_word' id='word_1_207' title='bbox 638 1927 810 1962; x_wconf 79' lang='lat' dir='ltr'>consules</span> <span class='ocrx_word' id='word_1_208' title='bbox 842 1927 983 1968; x_wconf 85' lang='lat' dir='ltr'>sortiri,</span> <span class='ocrx_word' id='word_1_209' title='bbox 1020 1932 1102 1961; x_wconf 89' lang='lat' dir='ltr'>uter</span> <span class='ocrx_word' id='word_1_210' title='bbox 1134 1938 1179 1961; x_wconf 91' lang='lat' dir='ltr'>ex</span> <span class='ocrx_word' id='word_1_211' title='bbox 1211 1925 1367 1960; x_wconf 85' lang='lat' dir='ltr'>Samnio</span> <span class='ocrx_word' id='word_1_212' title='bbox 1399 1925 1436 1960; x_wconf 91' lang='lat' dir='ltr'>in</span> 
     </span>
     <span class='ocr_line' id='line_1_34' title="bbox 314 1988 1436 2027; baseline -0.003 0"><span class='ocrx_word' id='word_1_213' title='bbox 314 1990 515 2027; x_wconf 81' lang='lat' dir='ltr'>Etruriam</span> <span class='ocrx_word' id='word_1_214' title='bbox 554 2003 638 2026; x_wconf 77' lang='lat' dir='ltr'>cuni</span> <span class='ocrx_word' id='word_1_215' title='bbox 676 1992 843 2027; x_wconf 83' lang='lat' dir='ltr'>exercitu</span> <span class='ocrx_word' id='word_1_216' title='bbox 881 1991 1072 2026; x_wconf 83' lang='lat' dir='ltr'>transiret.</span> <span class='ocrx_word' id='word_1_217' title='bbox 1128 1989 1216 2025; x_wconf 78' lang='lat' dir='ltr'>Jam</span> <span class='ocrx_word' id='word_1_218' title='bbox 1251 1988 1436 2025; x_wconf 85' lang='lat' dir='ltr'>Carvilius</span> 
     </span>
     <span class='ocr_line' id='line_1_35' title="bbox 322 2053 1436 2097; baseline -0.001 -7"><span class='ocrx_word' id='word_1_219' title='bbox 322 2055 526 2096; x_wconf 81' lang='lat' dir='ltr'>Volanam,</span> <span class='ocrx_word' id='word_1_220' title='bbox 547 2062 585 2091; x_wconf 90' lang='lat' dir='ltr'>et</span> <span class='ocrx_word' id='word_1_221' title='bbox 605 2055 886 2097; x_wconf 78' lang='lat' dir='ltr'>Palumbinum,</span> <span class='ocrx_word' id='word_1_222' title='bbox 902 2062 939 2090; x_wconf 83' lang='lat' dir='ltr'>et</span> <span class='ocrx_word' id='word_1_223' title='bbox 960 2053 1241 2090; x_wconf 80' lang='lat' dir='ltr'>Herculaneum</span> <span class='ocrx_word' id='word_1_224' title='bbox 1263 2066 1309 2089; x_wconf 85' lang='lat' dir='ltr'>ex</span> <span class='ocrx_word' id='word_1_225' title='bbox 1329 2053 1436 2089; x_wconf 84' lang='lat' dir='ltr'>Sam-</span> 
     </span>
     <span class='ocr_line' id='line_1_36' title="bbox 322 2117 1437 2168; baseline -0.002 -13"><span class='ocrx_word' id='word_1_226' title='bbox 322 2119 465 2156; x_wconf 76' lang='lat' dir='ltr'>nitibus</span> <span class='ocrx_word' id='word_1_227' title='bbox 483 2126 655 2168; x_wconf 83' lang='lat' dir='ltr'>ceperat:</span> <span class='ocrx_word' id='word_1_228' title='bbox 691 2119 875 2155; x_wconf 76' lang='lat' dir='ltr'>Volanani</span> <span class='ocrx_word' id='word_1_229' title='bbox 896 2121 995 2154; x_wconf 49' lang='lat' dir='ltr'>iuna</span> <span class='ocrx_word' id='word_1_230' title='bbox 1017 2131 1155 2168; x_wconf 86' lang='lat' dir='ltr'>pancos</span> <span class='ocrx_word' id='word_1_231' title='bbox 1173 2118 1264 2159; x_wconf 87' lang='lat' dir='ltr'>dies,</span> <span class='ocrx_word' id='word_1_232' title='bbox 1284 2117 1437 2153; x_wconf 86' lang='lat' dir='ltr'>Palum-</span> 
     </span>
     <span class='ocr_line' id='line_1_37' title="bbox 323 2181 1438 2232; baseline -0.004 -11"><span class='ocrx_word' id='word_1_233' title='bbox 323 2184 456 2221; x_wconf 78' lang='lat' dir='ltr'>binnni</span> <span class='ocrx_word' id='word_1_234' title='bbox 483 2184 628 2225; x_wconf 60' lang='lat' dir='ltr'>eodm,</span> <span class='ocrx_word' id='word_1_235' title='bbox 658 2198 733 2232; x_wconf 85' lang='lat' dir='ltr'>quo</span> <span class='ocrx_word' id='word_1_236' title='bbox 760 2185 805 2220; x_wconf 87' lang='lat' dir='ltr'>ad</span> <span class='ocrx_word' id='word_1_237' title='bbox 834 2197 959 2219; x_wconf 74' lang='lat' dir='ltr'>muros</span> <span class='ocrx_word' id='word_1_238' title='bbox 988 2183 1157 2218; x_wconf 79' lang='lat' dir='ltr'>accessit.</span> <span class='ocrx_word' id='word_1_239' title='bbox 1204 2182 1265 2218; x_wconf 90' lang='lat' dir='ltr'>Ad</span> <span class='ocrx_word' id='word_1_240' title='bbox 1288 2181 1438 2217; x_wconf 89' lang='lat' dir='ltr'>Hercu-</span> 
     </span>
     <span class='ocr_line' id='line_1_38' title="bbox 325 2246 1437 2297; baseline -0.004 -11"><span class='ocrx_word' id='word_1_241' title='bbox 325 2250 476 2286; x_wconf 79' lang='lat' dir='ltr'>laneum</span> <span class='ocrx_word' id='word_1_242' title='bbox 496 2249 553 2285; x_wconf 80' lang='lat' dir='ltr'>bis</span> <span class='ocrx_word' id='word_1_243' title='bbox 578 2250 692 2285; x_wconf 85' lang='lat' dir='ltr'>etiam</span> <span class='ocrx_word' id='word_1_244' title='bbox 719 2250 837 2297; x_wconf 75' lang='lat' dir='ltr'>signls</span> <span class='ocrx_word' id='word_1_245' title='bbox 859 2248 1018 2284; x_wconf 84' lang='lat' dir='ltr'>conlatis</span> <span class='ocrx_word' id='word_1_246' title='bbox 1041 2248 1197 2296; x_wconf 85' lang='lat' dir='ltr'>ancipiti</span> <span class='ocrx_word' id='word_1_247' title='bbox 1228 2246 1378 2296; x_wconf 83' lang='lat' dir='ltr'>proelio,</span> <span class='ocrx_word' id='word_1_248' title='bbox 1400 2252 1437 2281; x_wconf 90' lang='lat' dir='ltr'>et</span> 
     </span>
     <span class='ocr_line' id='line_1_39' title="bbox 327 2311 1437 2365; baseline -0.005 -14"><span class='ocrx_word' id='word_1_249' title='bbox 327 2329 410 2354; x_wconf 84' lang='lat' dir='ltr'>cum</span> <span class='ocrx_word' id='word_1_250' title='bbox 439 2314 582 2365; x_wconf 84' lang='lat' dir='ltr'>majore</span> <span class='ocrx_word' id='word_1_251' title='bbox 610 2327 689 2357; x_wconf 85' lang='lat' dir='ltr'>sua,</span> <span class='ocrx_word' id='word_1_252' title='bbox 712 2326 824 2364; x_wconf 81' lang='lat' dir='ltr'>quam</span> <span class='ocrx_word' id='word_1_253' title='bbox 854 2314 1036 2356; x_wconf 85' lang='lat' dir='ltr'>hostium,</span> <span class='ocrx_word' id='word_1_254' title='bbox 1060 2311 1214 2363; x_wconf 85' lang='lat' dir='ltr'>jactura</span> <span class='ocrx_word' id='word_1_255' title='bbox 1233 2311 1437 2348; x_wconf 85' lang='lat' dir='ltr'>dimicavit.</span> 
     </span>
    </p>
   </div>
   <div class='ocr_carea' id='block_1_6' title="bbox 1515 0 1527 1665">
    <p class='ocr_par' dir='ltr' id='par_1_6' title="bbox 1515 0 1527 1665">
     <span class='ocr_line' id='line_1_40' title="bbox 1515 0 1527 1665; baseline 0 0"><span class='ocrx_word' id='word_1_256' title='bbox 1515 0 1527 1665; x_wconf 95' lang='lat' dir='ltr'> </span> 
     </span>
    </p>
   </div>
   <div class='ocr_carea' id='block_1_7' title="bbox 1514 1614 1524 2579">
    <p class='ocr_par' dir='ltr' id='par_1_7' title="bbox 1514 1614 1524 2579">
     <span class='ocr_line' id='line_1_41' title="bbox 1514 1614 1524 2579; textangle 90"><span class='ocrx_word' id='word_1_257' title='bbox 1514 1667 1524 2579; x_wconf 55' lang='lat' dir='ltr'><em>Q———Q———ffl</em></span> <span class='ocrx_word' id='word_1_258' title='bbox 1519 1614 1521 1623; x_wconf 65' lang='grc'><strong>,</strong></span> 
     </span>
    </p>
   </div>
  </div>
 </body>
</html>
