1527 2661
345 191 499 219 LIBER
522 189 668 219 XXIV·
702 190 809 219 CAP.
834 191 906 220 VI.
1099 188 1182 233 377

70 277 217 315 cietatis
246 285 340 322 erat,
367 279 567 315 Thrasone
593 277 744 315 sublato
773 291 793 314 e
821 277 961 320 medio,
992 277 1181 327 extemplo
1197 266 1380 313 U.C.'537.

68 341 169 378 haud
188 342 299 378 dubie
318 343 364 378 ad
387 342 640 378 defectionem
662 354 720 378 res
739 341 935 392 spectabat
952 355 960 376 ε
991 340 1182 389 legatique
1197 321 1236 351 A*
1250 321 1287 350 Ο·
1305 328 1380 355 ²¹5'

69 405 115 441 ad
133 405 391 441 Hannibalem
413 406 531 448 missi,
553 418 596 441 ac
620 406 766 441 remissi
789 405 836 440 ab
857 417 903 440 eo
926 417 1012 440 cum
1031 403 1182 440 Hanni-
1197 405 1244 434 Ad
1260 405 1388 454 Harmi-

67 467 152 504 bale
167 467 286 504 nobili
302 468 541 505 adolescente
556 468 814 518 Hippocrates
832 474 870 503 et
884 468 1086 517 Epicydes,
1104 468 1183 504 nati
1196 447 1306 520 ἓίιῐξζῗ
1322 458 1372 477 m-

68 531 323 580 Karthagine,
354 533 420 568 sed
451 533 601 568 oriundi
631 532 677 568 ab
710 532 903 580 Syracusis
937 532 1065 568 exsule
1098 545 1183 575 avo,

67 596 178 632 Poeni
198 597 269 646 ipsi
288 602 460 633 materno
481 609 631 644 genere.
687 596 760 632 Per
778 597 848 632 hos
865 595 1003 646 juncta
1021 597 1184 633 societas

67 659 279 696 Hannibali
302 673 345 697 ac
366 661 602 709 Syracusano
622 667 810 709 tyranno:
844 673 913 697 nec
932 662 1053 697 invito
1073 660 1184 697 Han-

67 723 193 760 nibale
229 724 329 774 apud
371 731 574 773 tyrannum
611 732 844 762 manserunt.
900 727 973 775 Ap.
1005 725 1183 761 Claudius

66 793 219 836 praetor,
241 786 346 837 cujus
377 787 506 823 Sicilia
531 789 729 837 provincia
755 796 849 832 erat,
870 789 937 824 ubi
959 802 1003 824 ea
1023 789 1183 839 accepit,

65 850 257 900 extemplo
275 850 421 899 legatos
443 852 488 887 ad
507 851 789 902 Hieronymum
809 854 935 888 misit:
969 854 1046 901 qui,
1068 866 1181 901 quum
1197 863 1303 901 Legati
1322 862 1386 894 Ro-

65 926 146 951 sese
171 915 218 951 ad
236 916 492 952 renovandam
515 917 752 960 societatem,
775 929 858 965 quae
884 930 969 952 cum
995 930 1066 953 avo
1089 916 1181 952 fuis-
1194 907 1373 979 ffigfflrffirz

65 983 136 1022 set,
152 979 298 1015 venisse
318 979 500 1023 dicerent,
520 993 588 1030 per
606 979 810 1016 ludibrium
831 981 949 1017 auditi
965 981 1182 1029 dimissique
1195 992 1235 1020 ab
1251 1001 1288 1020 eo
1304 1000 1362 1021 au-

64 1048 153 1078 sunt
171 1042 218 1079 ab
239 1051 430 1092 quaerente
449 1055 516 1093 per
531 1043 666 1094 jocum
685 1044 940 1095 Hieronymo,
962 1057 1039 1093 quae
1051 1044 1181 1093 fortu-
1193 1034 1262 1066 diti.

64 1117 114 1141 πα
138 1107 187 1141 eis
208 1119 338 1154 pugnae
362 1108 412 1143 ad
443 1107 583 1142 Cannas
599 1107 770 1155 fuisset?
797 1111 857 1142 vix
884 1108 1068 1143 credibilia
1092 1110 1186 1144 enim

64 1170 201 1217 legatos
218 1171 435 1206 Hannibalis
452 1183 615 1206 narrare.
676 1171 786 1212 Velle,
807 1171 894 1218 quid
911 1172 986 1206 veri
1003 1173 1063 1213 sit,
1083 1173 1185 1213 scire,

64 1237 106 1269 ut
124 1245 165 1269 ex
179 1245 233 1276 eo,
254 1239 375 1269 utram
392 1246 489 1281 spem
505 1239 688 1281 sequatur,
710 1234 896 1269 consilium
915 1236 1048 1282 capiat.
1101 1233 1185 1270 Ro-

65 1297 183 1339 mani,
205 1309 320 1345 quum
341 1298 440 1333 serio
456 1297 666 1344 legationes
683 1298 811 1334 audire
831 1298 1022 1347 coepisset,
1043 1298 1185 1333 reditu-

65 1371 127 1396 ros
146 1372 186 1396 se
205 1360 253 1396 ad
272 1373 358 1396 eum
377 1361 543 1397 dicentes
564 1373 659 1404 esse,
679 1362 828 1397 monito
848 1362 969 1410 magis
991 1374 1050 1404 eo,
1071 1373 1184 1409 quam

63 1430 214 1471 rogato,
251 1436 301 1460 ne
336 1424 448 1460 fidem
484 1431 626 1461 temere
663 1431 842 1468 mutaret,
879 1424 1183 1474 proficiscuntur.

64 1485 322 1536 Hieronymus
352 1487 498 1536 legatos
527 1488 812 1537 Karthaginem
845 1488 949 1523 misit
979 1487 1026 1522 ad
1058 1486 1181 1522 foedus
1196 1489 1312 1518 Foedus
1331 1487 1399 1535 ejus

65 1561 113 1586 ex
132 1551 314 1587 societate
333 1564 419 1587 cum
442 1551 664 1588 Hannibale
682 1552 910 1588 faciendum.
949 1551 1069 1587 Paeto
1089 1563 1181 1586 con-
1195 1541 1272 1562 cum
1281 1531 1398 1561 Poems.

64 1613 180 1656 venit,
215 1620 270 1657 ut,
301 1627 418 1663 quum
450 1614 649 1651 Romanos
682 1615 812 1651 Sicilia
845 1614 1092 1663 expulissent,
1127 1613 1184 1661 (id

65 1684 192 1713 autem
221 1677 325 1713 brevi
354 1678 451 1721 fore,
479 1679 510 1713 si
535 1671 649 1715 naves
679 1687 794 1728 atque
823 1679 1030 1714 exercitum
1059 1678 1183 1713 misis-

66 1741 167 1787 sent)
190 1740 348 1777 Himera
367 1743 503 1785 amnis,
525 1743 587 1790 qui
613 1742 731 1778 ferme
750 1741 911 1777 insulam
932 1741 1078 1783 dividit,
1098 1741 1182 1776 finis

66 1805 173 1852 regni
194 1805 418 1853 Syracusani
439 1818 482 1841 ac
502 1806 637 1841 Punici
656 1805 803 1855 imperii
824 1810 934 1840 esset.
970 1802 1097 1839 Aliam
1118 1803 1183 1839 de-

66 1867 168 1910 inde,
199 1867 349 1904 inflatus
379 1863 706 1905 adsentationibus
734 1881 878 1911 corum,
899 1868 962 1916 qui
989 1880 1074 1902 eum
1103 1880 1182 1903 non

66 1930 248 1967 Hieronis
278 1938 440 1971 tantum,
470 1934 535 1969 sed
563 1933 699 1982 Pyrrhi
733 1934 847 1968 etiam
877 1932 989 1980 regiS,
1020 1931 1183 1967 materni

65 1995 138 2038 avi,
159 1993 350 2044 jubebant
379 1997 608 2039 meminisse,
628 1997 860 2045 legationem
891 1996 1008 2037 misit,
1030 2007 1104 2043 qua
1134 2008 1184 2030 ae·

65 2070 180 2106 quum
201 2059 393 2102 censebat,
414 2060 544 2096 Sicilia
562 2060 633 2096 sibi
655 2061 759 2096 omni
779 2060 859 2097 cedi
880 2075 887 2096 :
921 2058 1042 2095 Italiae
1063 2059 1183 2108 impe-

66 2121 163 2157 rium
183 2123 377 2172 proprium
393 2125 508 2172 quaeri
528 2124 844 2172 Karthaginiensi
865 2122 1020 2172 popuIO.
1069 2121 1182 2157 Hanc

67 2183 259 2222 levitatem
278 2199 322 2222 ac
334 2186 589 2236 jactationem
613 2188 728 2224 animi
748 2199 869 2236 neque
890 2186 1125 2222 mirabantur
1143 2185 1182 2220 in

59 2246 200 2297 juvene
225 2249 384 2293 furioso,
405 2264 528 2300 neque
554 2251 779 2301 arguebant,
801 2250 1008 2288 dummodo
1038 2254 1182 2286 averte·

57 2309 151 2349 ‘rent
170 2325 255 2357 eum
274 2314 321 2352 ab
342 2314 541 2353 Romanis.
