1527 2661
389 211 542 241 LIBER
566 209 709 239 xxvr.
742 206 849 237 cAP.
872 207 1013 236 xuv.
1171 197 1253 252 563

144 298 300 343 clamor,
321 313 395 350 quo
419 299 544 336 subita
563 303 736 336 vocasset
754 309 827 341 reS,
848 296 1036 333 intentam
1061 296 1108 334 ad
1127 299 1256 334 omnia
1269 307 1311 338 U.
1325 306 1362 337 C.
1378 314 1451 339 542.

142 364 342 401 obcurrere
357 363 483 415 jubet.
540 362 740 400 Patefacta
758 361 889 398 deinde
913 367 1040 411 porta,
1062 374 1141 406 eos,
1162 375 1256 411 quos
1268 352 1309 382 A·
1322 349 1356 380 C·
1373 358 1446 382 ²²⁰·

141 429 180 464 in
200 430 260 465 via
278 429 423 465 ferente
449 429 496 466 ad
515 434 638 465 castra
661 428 830 464 hostium
856 427 1101 470 instruxerat,
1126 428 1258 464 mittit.

139 492 321 536 Romani,
357 494 450 530 duce
482 494 565 543 ipso
591 492 848 543 praecipiente,
868 503 1069 541 parumper
1099 504 1258 536 cessere,

140 563 184 593 ut
202 559 397 607 propiores
428 557 603 594 subsidiis
630 558 670 592 in
689 557 896 592 certamine
915 556 999 605 ipso
1030 555 1258 592 submitten-

141 621 197 658 dis
217 629 354 659 essent.
410 623 463 659 Et
481 623 603 672 primo
618 621 720 658 haud
736 621 859 671 inpari
879 627 1017 656 stetere
1034 620 1136 656 acie:
1170 620 1260 657 sub-

141 686 235 722 sidia
255 686 401 729 deinde,
419 686 635 722 idemtidem
652 685 838 721 submissa
854 698 875 721 e
895 684 1041 727 castris,
1058 696 1135 720 non
1153 697 1260 721 aver-

142 756 271 786 terunt
291 750 411 786 solum
441 752 477 786 in
494 751 624 799 fugam
644 751 789 792 hostes,
811 749 875 785 sed
892 749 986 785 adeo
1007 748 1130 784 effusis
1150 749 1260 785 insti-

144 819 288 857 terunt,
309 822 362 858 ut,
379 816 451 850 nisi
471 815 638 864 receptui
656 814 867 856 cecinisset,
888 813 1064 863 permixti
1080 812 1261 862 fugienti-

140 875 211 913 bus
238 879 424 928 inrupturi
445 878 559 914 fuisse
579 879 618 913 in
646 878 773 914 urbem
795 877 1022 913 viderentur.
1078 876 1262 926 Trepida—

141 943 197 977 tio
217 955 307 978 vero
327 955 403 977 non
433 943 470 977 in
492 943 629 990 proelio
649 941 785 990 major,
808 953 921 988 quam
946 946 1030 976 tota
1049 939 1142 976 urbe
1161 941 1258 977 fuit:

141 1005 269 1042 multae
290 1007 474 1041 stationes
496 1018 635 1056 pavore
655 1012 768 1053 atque
787 1004 880 1053 fuga
898 1004 1055 1040 desertae
1079 1011 1181 1047 sunt,
1202 1017 1261 1041 re-

141 1068 297 1118 lictique
332 1071 452 1115 muri,
485 1083 615 1118 quum,
650 1082 723 1119 qua
753 1069 889 1117 cuique
919 1074 1000 1104 erat
1030 1070 1261 1118 proximum,

141 1133 391 1171 desiluissent.
449 1135 562 1174 Quod
583 1134 647 1170 ubi
663 1145 834 1182 egressus
852 1133 980 1182 Scipio
1000 1133 1038 1168 in
1058 1133 1261 1178 tumulum,

143 1211 255 1248 quem
273 1199 455 1235 Mercurii
474 1206 627 1242 vocant,
645 1197 925 1240 animadvertit,
944 1196 1071 1233 multis
1092 1198 1262 1248 partibus

141 1264 286 1300 nudata
317 1265 580 1302 defensoribus
613 1264 756 1300 moenia
789 1274 894 1308 esse,
927 1275 1058 1299 omnes
1080 1276 1099 1299 e
1130 1265 1262 1300 castris

142 1330 287 1365 excitos
315 1331 369 1366 ire
398 1330 444 1366 ad
464 1330 759 1380 obpugnandam
789 1327 934 1370 urbem,
958 1333 997 1363 et
1014 1327 1113 1364 ferre
1142 1328 1261 1365 scalas

136 1393 271 1443 jubet:
306 1395 398 1444 ipse,
419 1396 533 1430 trium
556 1408 632 1444 prae
652 1407 691 1429 se
710 1392 895 1442 juvenum
916 1391 1124 1428 validorum
1145 1394 1261 1429 scutis

141 1457 344 1507 obpositiS,
370 1460 519 1508 (ingens
547 1459 645 1495 enim
668 1457 749 1507 jam
772 1458 827 1493 vis
847 1458 970 1493 omnis
991 1458 1138 1506 generis
1165 1457 1263 1494 telo·

141 1535 224 1558 rum
244 1535 264 1558 e
284 1524 398 1558 muris
428 1523 599 1569 volabat)
622 1523 669 1559 ad
699 1522 831 1557 urbem
861 1521 1040 1562 succedit,
1071 1521 1261 1565 hortatur,

140 1587 314 1635 imperat,
338 1600 421 1635 quae
450 1588 488 1623 in
517 1600 596 1623 rem
625 1592 735 1622 sunt:
769 1585 948 1634 quodque
977 1585 1185 1634 plurimum
1215 1586 1263 1622 ad

142 1650 400 1686 accendendos
429 1649 592 1685 militum
619 1650 765 1685 animos
796 1650 992 1691 intererat,
1019 1649 1127 1684 testis
1155 1661 1262 1698 spec-

141 1718 318 1762 tatorque
337 1715 485 1750 virtutis
504 1721 617 1763 atque
636 1713 798 1762 ignaviae
815 1711 996 1761 cujusque
1016 1712 1133 1748 adest.
1181 1712 1261 1749 Ita-

140 1790 213 1826 que
232 1778 271 1814 in
290 1778 444 1814 vulnera
472 1792 515 1814 ac
541 1778 617 1815 tela
636 1784 774 1822 ruunt3
807 1789 930 1826 neque
950 1776 1034 1812 illos
1062 1777 1174 1820 muri,
1194 1790 1261 1813 ne·-

140 1853 214 1890 que
241 1848 497 1890 superstantes
525 1842 659 1878 armati
688 1853 815 1877 arcere
835 1846 992 1889 queunt,
1021 1840 1111 1889 quin
1139 1847 1260 1877 certa-

140 1905 208 1940 tim
231 1905 473 1942 adscendant.
531 1906 584 1942 Et
603 1905 651 1942 ab
670 1905 829 1941 navibus
851 1905 983 1940 eodem
1010 1911 1182 1954 tempore
1203 1917 1260 1948 ea,

142 1982 225 2017 quae
246 1970 340 2004 mari
366 1969 543 2013 adluitur,
563 1981 649 2018 pars
677 1968 778 2003 urbis
799 1968 1012 2017 obpugnari
1041 1975 1167 2018 coepta
1193 1975 1262 2005 est.

144 2032 323 2068 Ceterum
350 2033 534 2069 tumultus
563 2033 650 2068 inde
679 2031 815 2081 major,
846 2045 958 2080 quam
991 2033 1060 2075 vis,
1091 2032 1263 2069 adhiberi

144 2102 318 2146 poterat:
351 2097 439 2133 dum
465 2097 670 2146 adplicant,
692 2096 780 2132 dum
806 2098 943 2146 partim
965 2103 1160 2147 exponunt
1180 2109 1261 2133 sca-

141 2159 196 2196 las
223 2159 449 2209 militesque,
481 2161 583 2204 dum,
613 2172 687 2209 qua
713 2161 848 2209 cuique
876 2162 1090 2211 proximum
1120 2167 1191 2204 est,
1220 2161 1260 2197 in

142 2228 282 2258 terram
308 2224 465 2261 evadere
489 2229 709 2276 properant,
738 2225 819 2274 ipsa
843 2223 1089 2262 festinatione
1116 2230 1155 2260 et
1179 2236 1260 2261 cer-

146 2288 288 2325 tamine
307 2288 369 2327 alii
390 2290 484 2327 alios
505 2289 715 2341 inpediunt.

640 2353 675 2390 B
693 2353 717 2390 b
740 2353 762 2389 6
