1527 2661
291 173 373 226 296
739 185 785 215 T.
812 180 939 214 mvn

101 281 142 312 U.
154 281 188 312 C.
208 286 280 312 536·
292 275 410 319 lerint,
428 276 643 324 gloriatique
660 277 743 319 sint,
764 277 801 311 in
819 288 856 311 se
868 276 964 323 plus,
986 288 1090 323 quam
1107 278 1144 313 in
1161 277 1270 321 nobis,
1295 290 1386 326 prae-

100 326 137 356 Α·
155 325 190 356 C·
207 329 372 376 ²¹⁶'sidii
389 341 586 389 reipublicae
611 353 690 377 esse.
738 341 810 376 Sed
829 341 900 376 illis
921 345 955 375 et
974 340 1068 376 bonis
1086 354 1129 377 ac·
1143 340 1302 390 fortibus
1321 345 1390 380 mi-

291 405 409 442 litibus
425 407 596 441 utemini:
625 410 659 441 et
677 405 772 441 nobis
786 407 895 441 etiam
910 406 1161 453 promtioribus
1171 419 1240 454 pro
1251 408 1390 455 patria,

290 472 384 518 quod
401 469 561 518 beneficio
581 475 692 505 vestro
710 471 859 505 redemti
877 475 983 517 atque
1002 473 1038 506 in
1053 474 1211 519 patriam
1236 475 1391 509 restituti

278 534 472 583 fuerimus.
520 535 709 570 Delectum
725 546 767 569 επ
784 535 880 569 omni
894 539 998 570 aetate
1015 541 1050 571 et
1057 535 1213 584 fortuna
1232 536 1365 573 habetis
1377 554 1390 574 .-

290 603 368 634 octo
386 599 503 634 millia
520 610 697 634 servorum
725 599 834 634 audio
854 600 991 635 armari
1004 615 1016 635 .·
1044 612 1113 636 non
1130 602 1253 637 minor·
1268 613 1390 638 nume-

288 675 348 699 rus
365 667 482 698 noster
495 667 559 705 est,
576 675 639 698 nec
656 661 789 708 majore
802 665 918 710 pretio
936 665 1063 699 redimi
1076 677 1270 712 possumus,
1284 677 1390 713 quam

290 727 327 764 hi
345 732 533 763 emuntur:
560 740 643 763 nam
668 729 699 764 si
717 727 896 776 conferam
915 741 978 764 nos
1003 741 1081 764 cum
1106 730 1192 772 illis,
1220 728 1391 776 injuriam

289 794 421 828 nomini
449 791 612 828 Romano
630 792 785 842 faciam.
833 793 932 829 Illud
959 795 1066 830 etiam
1093 795 1130 829 in
1156 795 1221 830 tali
1249 795 1392 830 consilio

289 857 641 893 animadvertendum
658 858 752 894 vobis
777 869 946 901 censeam,
968 859 1097 894 Patres
1122 860 1321 906 conscripti,
1346 859 1392 906 (si

290 925 406 956 tamen
425 921 583 956 duriores
601 933 671 957 esse
685 922 810 963 velitis,
829 923 922 969 quod
938 923 1036 958 nullo
1054 927 1172 958 nostro
1185 924 1312 958 merito
1319 921 1390 971 fa-

289 984 409 1031 ciatis)
434 987 490 1020 cui
515 997 576 1021 nos
605 985 693 1021 hosti
720 987 881 1022 relicturi
908 988 994 1022 sitis.
1042 987 1182 1035 Pyrrho
1210 987 1389 1029 videlicet,

291 1049 350 1095 qui
369 1060 432 1083 nos
457 1048 634 1096 hospitum
659 1060 804 1084 numero
828 1049 950 1085 habuit
978 1052 1147 1098 captivos,
1178 1062 1225 1086 an
1243 1050 1392 1086 barbaro

290 1124 333 1147 ac
351 1110 484 1155 Poeno,·
513 1113 574 1159 qui
591 1117 712 1147 utrum
730 1114 886 1156 avarior,
906 1125 952 1148 an
971 1115 1159 1156 crudelior,
1179 1115 1238 1156 sit,
1256 1115 1314 1149 vix
1331 1101 1406 1150 εει-ν’

290 1175 442 1210 istimari
455 1179 584 1222 potest.
630 1175 674 1211 Si,
690 1177 841 1211 videatis
866 1181 1020 1219 catenas,
1039 1177 1250 1225 squalorem,
1270 1175 1391 1226 defor-

291 1240 454 1275 mitatem
479 1241 607 1276 civium
632 1244 840 1283 vestrorum,
860 1253 929 1276 non
954 1242 1068 1277 minus
1084 1239 1248 1289 profecto
1270 1253 1334 1276 vos
1350 1253 1394 1278 ea

291 1304 420 1350 species
438 1308 590 1346 moveat,
607 1315 713 1351 quam
729 1305 761 1340 si
778 1316 821 1340 ex
838 1305 956 1340 altera
969 1309 1077 1352 parte
1094 1305 1246 1341 cernatis
1261 1308 1396 1341 stratas

294 1366 530 1403 Cannensibus
554 1370 687 1416 campis
715 1369 865 1416 legiones
891 1373 1035 1406 vestras.
1086 1369 1224 1406 Intueri
1245 1369 1395 1417 potestis

291 1431 564 1466 sollicitudinem
586 1437 620 1467 et
645 1432 812 1468 lacrimas
834 1434 869 1468 in
897 1433 1065 1469 vestibulo
1090 1434 1196 1469 curiae
1221 1434 1393 1469 stantium

293 1500 523 1542 cognatorum
537 1500 747 1538 nostrorum,
765 1498 1107 1544 exspectantiumque
1119 1508 1320 1544 responsum
1332 1507 1391 1532 ve·

291 1566 428 1597 strum:
456 1573 563 1609 quum
580 1563 608 1597 ii
633 1574 699 1610 pro
726 1562 822 1598 nobis
845 1572 981 1610 proque
1009 1561 1063 1601 iis,
1084 1561 1145 1607 qui
1172 1559 1308 1602 absunt,
1338 1560 1394 1596 ita

291 1627 446 1674 suspensi
470 1639 512 1661 ac
535 1627 681 1662 solliciti
705 1628 798 1669 sint,-
827 1638 929 1674 quem
947 1626 1091 1661 censetis
1115 1625 1273 1660 animum
1298 1625 1392 1672 ipso-

291 1702 372 1725 rum
385 1702 466 1732 esse,
484 1703 632 1738 quorum
648 1692 683 1726 in
697 1693 897 1727 discrimine
909 1692 984 1726 vita
1000 1689 1208 1737 libertasque
1227 1692 1277 1724 est
1289 1689 1309 1724 ‚9
1337 1689 1391 1731 Si,

292 1767 348 1790 me
365 1755 464 1790 Dius
474 1756 600 1804 fidius,
621 1757 694 1804 ipse
712 1757 748 1791 in
766 1768 829 1791 nos
853 1757 949 1791 mitis
968 1753 1153 1789 Hannibal
1176 1757 1300 1788 contra
1326 1765 1393 1789 na-

295 1823 412 1855 turam
429 1832 530 1856 suam
555 1831 623 1856 esse
647 1821 746 1862 velit,
766 1820 857 1856 nihil
876 1825 993 1855 tumen
1011 1818 1108 1854 nobis
1124 1819 1199 1853 vita
1217 1829 1304 1865 opus
1326 1829 1396 1853 esse

295 1895 506 1926 censeamus,
529 1896 634 1932 quum
658 1885 809 1931 indigni,
829 1889 869 1920 ut
887 1896 911 1920 a
937 1883 1028 1919 vobis
1046 1883 1311 1923 redimeremur,
1331 1883 1397 1917 visi

293 1959 422 1983 sumus.
480 1948 634 1984 Rediere
662 1948 814 1984 Romam
843 1949 1017 1996 quondam
1047 1948 1182 1983 remissi
1210 1958 1232 1981 a
1255 1945 1395 1994 Pyrrho

293 2013 369 2048 sine
387 2014 503 2060 pretio
529 2014 650 2060 capti:
679 2015 741 2049 secl
769 2014 905 2049 rediere
931 2024 1009 2048 cum
1030 2013 1166 2059 legatis,
1182 2010 1395 2058 primoribus

293 2078 460 2119 civitatis,
489 2079 538 2112 ad
565 2078 784 2113 redimendos
811 2089 881 2114 sese
908 2078 1028 2112 missis,
1083 2075 1242 2111 Redeam
1269 2086 1333 2121 ego
1358 2075 1395 2110 in

291 2145 466 2190 patriam,
489 2146 651 2180 trecentis
669 2145 818 2180 nummis
842 2156 910 2180 non
929 2144 1120 2179 (estimatus
1139 2141 1221 2177 civis
1233 2142 1253 2176 ,⁹
1281 2140 1394 2176 Suum

295 2209 440 2256 quisque
460 2209 563 2244 habet
581 2211 753 2251 animum,
775 2210 904 2245 Patres
926 2208 1119 2255 conscripti.
1167 2205 1248 2241 Scio
1266 2206 1301 2240 in
1323 2206 1391 2240 clis-

295 2273 442 2308 crimine
461 2285 529 2308 esse
551 2275 659 2308 vitam
680 2285 872 2321 corpusque
890 2284 1015 2307 meum.
1071 2270 1190 2317 Magis
1208 2282 1262 2305 me
1276 2268 1394 2318 fama>

291 2337 491 2382 periculum
519 2342 646 2381 movet,
665 2349 709 2374 ne
737 2350 760 2373 a
776 2337 869 2374 vobis
887 2337 1048 2373 damnata·
1066 2347 1108 2372 ac
1131 2335 1262 2383 repulsi
1287 2334 1391 2370 abea-
