1527 2661
352 135 508 170 Lim-:R
533 139 602 168 IX.
637 138 742 168 CAP·
764 136 905 166 xxvl.
1132 134 1184 176 41

75 236 122 273 ad
153 236 351 279 honorem,
384 234 449 271 sed
477 233 678 270 hominum
708 243 920 268 novorum:
958 231 1059 280 ipsos
1091 229 1187 266 adeo

67 300 299 336 dictatorem
318 299 616 347 magistrumque
632 297 801 346 equitum
821 308 904 332 reos
921 295 1056 343 magis,
1072 307 1187 343 quam

66 364 292 413 quaesitores
326 363 484 399 idoneos
514 361 595 412 ejus
630 361 795 397 criminis
826 372 930 396 esse:
970 358 1187 395 intellectu-

72 440 210 477 rosque
230 428 282 464 ita
302 428 339 463 id
359 439 453 469 esse,
475 426 587 462 simul
613 426 838 474 magistratu
858 424 1038 460 abissent.
1085 422 1186 459 Tum

67 492 268 528 ¹enimvero
288 491 468 533 Maenius,
493 489 577 540 jam
604 489 714 525 famae
735 489 868 537 magis,
889 500 1002 537 quam
1023 488 1186 536 imperii,

69 566 231 599 memor,
266 567 486 605 progressus
519 555 561 590 in
593 554 817 589 concionem
846 553 901 588 ita
929 551 1044 587 verba
1068 551 1183 587 fecit:

72 619 125 654 Et
149 631 268 654 omnes
293 623 469 655 anteactae
496 619 578 654 vitae
601 630 661 653 vos
690 618 844 653 conscios
870 616 992 658 habeo,
1017 616 1185 659 Quirites,

69 686 106 717 et
124 682 181 717 lzz'c
199 683 272 730 ipse
287 682 408 723 honos,
434 682 575 717 delatus
604 682 653 716 ad
680 692 748 722 me,
779 682 877 715 testis
903 685 953 715 est
978 681 1188 716 innocentiae

64 757 180 782 mccc:
209 757 319 793 neque
337 747 445 787 enim,
468 746 562 793 quod
589 756 679 792 scepe
702 745 808 785 altas,
836 745 921 790 quia
946 745 1000 778 ita
1026 748 1188 790 tempora

65 811 300 859 postulabant
317 810 536 858 reipublicoe‚
564 811 625 858 qui
649 809 740 845 bello
767 810 982 844 clarissimus
1007 813 1106 850 esset,
1125 809 1188 844 sed

70 876 132 922 qui
149 875 304 910 maxime
320 875 447 922 procul
465 873 508 909 ab
524 873 577 909 his
595 872 804 909 coitionibus
818 873 930 908 vitam
950 873 1088 919 egisset,
1110 873 1186 908 clic-

64 942 167 975 ‘tator
182 940 387 987 deligendus
406 939 606 974 exercendis
625 935 974 986 quaestionibusfuit.
1005 936 1079 971 Sed
1099 948 1186 984 quo-

66 1004 167 1039 niam
193 1005 340 1052 quidam
366 1004 497 1040 nobiles
523 1003 680 1038 hanzines
712 1005 801 1050 (qua
825 1003 869 1037 de
889 1013 1025 1043 caussa,
1046 1013 1107 1037 vos
1126 1013 1185 1036 ex-

67 1067 241 1111 istimare,
269 1081 376 1117 quam
404 1081 460 1104 me
484 1081 554 1116 pro
583 1069 799 1115 magistratu
825 1067 1020 1114 quidquam
1049 1067 1186 1101 incom-

64 1137 209 1180 percum
239 1133 368 1175 dicere,
402 1133 526 1168 meiius
560 1132 626 1177 est)
661 1133 820 1179 primum
851 1132 946 1178 ipsas
979 1142 1185 1178 expugnare

69 1197 276 1243 quaestiones
304 1198 398 1232 omni
427 1209 493 1244 ope
521 1197 637 1232 adnisi
661 1200 767 1231 sunt:
797 1197 891 1237 dein,
919 1200 1109 1243 postquam
1135 1193 1186 1231 ad

66 1261 107 1295 id
126 1271 259 1307 parum
274 1264 437 1307 potentes
456 1265 573 1301 erant,
596 1271 640 1294 ne
659 1271 820 1294 caussam
840 1260 1010 1301 dicerent,
1032 1261 1069 1294 in
1088 1271 1184 1307 prae-

55 1324 160 1359 ‘sidia
179 1325 478 1366 adversariorum,
504 1324 782 1371 atlpetlationem
809 1327 845 1358 et
872 1323 1098 1359 tribunicium
1117 1335 1186 1360 au-

64 1387 204 1429 xilium,
239 1389 388 1435 patricii
424 1386 686 1436 confugerunt:
722 1392 903 1435 postremo
935 1388 1069 1435 repulsi
1101 1389 1185 1425 inde

60 1452 176 1497 (aclea
194 1453 314 1488 omnia
334 1453 484 1494 tutiora,
506 1464 614 1500 quam
641 1456 680 1487 ut
703 1453 938 1487 innocentiam
964 1464 1067 1487 suam
1092 1465 1183 1500 pur-

62 1520 204 1562 garent,
234 1516 327 1561 visa)
358 1519 395 1553 in
419 1529 483 1553 nos
511 1519 708 1558 inruerunt,
737 1521 772 1552 et
796 1517 950 1563 privatis
969 1517 1185 1553 dictatorcm

61 1589 207 1627 poscere
227 1592 329 1616 reum
351 1582 571 1616 verecundiae
600 1592 669 1615 non
687 1579 771 1627 fuit
787 1595 798 1615 .·
827 1584 868 1615 ut
893 1591 1011 1615 omnes
1035 1581 1099 1615 Dii
1120 1580 1183 1616 ho-

64 1645 245 1691 minesque
268 1646 396 1686 sciant,
428 1645 472 1680 ab
497 1646 583 1686 illis,
605 1646 715 1680 etiam
735 1656 812 1692 quae
837 1656 907 1679 non
932 1645 1082 1692 possint,
1105 1649 1183 1680 ten-

64 1709 149 1749 tari,
170 1719 213 1743 ne
230 1710 408 1744 rationem
427 1711 510 1745 ritae
527 1710 681 1744 reddant
691 1726 702 1751 ,·
731 1720 786 1743 me
805 1709 941 1743 obviam
956 1710 1009 1744 ire
1028 1710 1181 1751 crimini,

64 1775 99 1806 et
115 1770 252 1819 obferre
270 1784 325 1807 me
345 1774 499 1808 inimicis
518 1784 630 1814 reum,
653 1773 837 1807 dictatura
855 1784 910 1807 nie
929 1772 1064 1808 abdica.
1114 1773 1182 1809 Vos

66 1847 192 1882 quaeso,
214 1836 383 1878 consules,
400 1837 430 1871 si
448 1836 544 1872 vobis
563 1837 687 1872 clatum
707 1836 751 1871 ab
769 1840 892 1871 senatu
912 1838 1093 1883 negotium
1109 1836 1180 1885 fu-

66 1899 148 1940 erit,
168 1900 205 1933 in
225 1911 281 1934 me
303 1901 461 1947 primum
481 1904 516 1935 et
535 1900 627 1935 hunc
647 1900 700 1935 M.
722 1900 873 1935 Foslium
896 1901 1103 1948 quastiones
1121 1912 1180 1936 ex-

66 1963 215 1997 erceatis
230 1978 241 2004 ,·
272 1967 311 1997 ut
331 1964 522 2010 adpareat,
550 1965 752 1998 innocentia
776 1968 897 1998 nostra
915 1975 989 2005 nos,
1010 1976 1081 1998 non
1102 1976 1179 2000 ma-

56 2023 190 2070 jestate
210 2025 364 2069 honoris,
387 2032 482 2063 tutos
500 2040 522 2063 a
541 2028 846 2063 criminationibus
872 2029 946 2062 istis
969 2039 1049 2063 esse.
1097 2027 1178 2063 Ab—

66 2088 168 2124 dicat
187 2089 273 2124 inde
293 2102 332 2125 se
352 2090 553 2132 dictatura,
579 2097 617 2126 et
646 2098 733 2140 post
757 2103 841 2126 cum
862 2090 1063 2126 confestim
1082 2090 1178 2126 Fos-

68 2151 138 2187 lius
169 2153 390 2201 magistcrio
420 2155 615 2203 equitum:
656 2156 841 2205 primique
875 2157 975 2205 apud
1004 2155 1179 2191 consules

71 2215 134 2262 (iis
155 2216 256 2251 enim
283 2216 330 2252 ab
357 2224 491 2253 senatu
517 2219 693 2254 mandata
719 2231 775 2254 res
803 2221 877 2266 est)
910 2220 960 2255 rci
986 2219 1092 2262 facti,
1113 2219 1179 2255 ad-

64 2289 194 2314 versus
242 2279 427 2317 nobilium
473 2282 694 2318 testimonia
730 2284 880 2332 egregie
919 2274 1177 2321 absolvuntur.

1205 227 1246 257 U.
1259 228 1295 258 C.
1311 234 1386 259 440.

1201 271 1241 301 A.
1255 271 1291 302 C.
1308 277 1385 303 812.

1194 1776 1329 1806 Abdicat
1344 1787 1378 1808 se

1194 1819 1362 1851 dictatura.

1192 2032 1277 2062 Reus
1294 2031 1398 2063 factus

1191 2075 1377 2106 absolvitur.
