1527 2661
111 264 152 294 U.
165 264 199 293 C.
220 271 291 295 540.

108 308 148 339 A.
165 307 201 338 C.
219 314 293 338 212.

111 1366 287 1398 Marcellus

111 1411 269 1442 Achradi-

113 1463 190 1483 nam
199 1454 284 1484 obsi-

110 1497 175 1528 det.

115 1624 290 1664 Hippocra-

111 1674 159 1698 tes
175 1675 206 1698 et
226 1669 282 1698 Hi-

84 1724 88 1728 ·
114 1711 214 1742 mileo
229 1722 281 1741 ve-

114 1754 210 1785 niunt
227 1756 285 1795 Sy-

115 1806 253 1829 racusas.

300 174 387 216 474
761 175 807 203 T.
831 174 964 203 mvn

304 264 433 300 omnia
465 264 642 300 diuturna
666 262 848 300 felicitate
878 261 1068 299 cumulata
1102 262 1204 300 bona
1234 275 1416 313 egesscra

307 327 411 363 Inter
438 328 519 363 haec
548 334 586 363 et
605 327 865 370 Philodemus,
895 339 1011 375 quum
1040 339 1123 376 spes
1155 327 1286 364 auxilii
1315 327 1421 365 null-a

304 398 416 435 esset,
437 392 507 428 fide
527 398 696 442 accepta,
719 399 760 427 ut
786 391 988 428 inviolatus
1015 391 1061 427 ad
1076 392 1291 442 Epicydem
1321 392 1420 428 redi-

303 464 374 500 ret,
402 457 564 493 deducto
598 456 786 506 praesidio,
818 456 975 494 tradidit
1003 456 1191 493 tumulum
1220 456 1420 494 Romanis.

303 521 456 558 Aversis
477 521 653 557 omnibus
674 521 722 557 ad
740 521 944 556 tumultum
965 535 1011 557 ex
1036 527 1143 571 parte
1164 527 1283 571 captae
1303 520 1420 564 urbis,

303 584 510 628 Bomilcar,
527 591 680 621 noctem
697 597 779 620 eam
799 591 947 628 nactus,
966 598 1039 634 qua
1059 590 1215 635 propter
1231 585 1305 620 vim
1324 590 1421 621 teln-

304 650 461 700 pestatis
489 654 588 685 stare
608 649 654 685 ad
683 648 888 684 anchoram
908 649 948 684 in
978 648 1058 685 salo
1085 648 1263 684 Romana
1292 647 1421 684 classis

303 725 383 749 non
402 720 545 764 posset,
567 726 652 749 cum
677 713 837 762 triginta
855 713 1021 762 quinque
1049 712 1208 749 navibus
1233 725 1280 749 ex
1308 719 1422 763 portu

304 778 543 828 Syracusano
563 778 770 828 profectus,
791 778 912 815 libero
932 778 1027 814 mari
1049 777 1133 814 vela
1151 778 1191 814 in
1219 777 1337 814 altum
1356 777 1423 814 de-

303 842 374 885 dit,
405 843 570 891 quinque
600 848 637 879 et
666 843 944 892 quinquaginta
978 842 1137 879 navibus
1166 841 1346 892 Epicydae
1384 848 1424 880 et

304 906 548 955 Syracusanis
564 905 704 942 relictis
720 921 728 944 ε
752 907 970 956 edoctisque
982 906 1373 955 Karthaginiensibus<
1384 907 1425 945 in

303 977 448 1020 quanto
468 984 525 1007 res
544 972 781 1021 Syracusana
796 972 1014 1008 discrimine
1034 977 1146 1015 esset,
1163 984 1250 1007 cum
1268 977 1422 1009 centum

303 1036 462 1072 navibus
486 1042 574 1086 post
600 1049 742 1086 paucos
764 1036 842 1073 dies
862 1037 974 1080 redit,
995 1036 1122 1072 multis
1146 1037 1207 1084 (ut
1225 1035 1328 1072 fama
1345 1036 1421 1085 est)

303 1101 412 1137 donis
434 1114 481 1138 ex
500 1101 685 1137 Hieronis
706 1114 803 1150 gaza
822 1101 869 1138 ab
889 1102 1060 1152 Epicyde
1080 1102 1254 1139 donatus.

356 1164 512 1202 XXVI.
541 1165 762 1209 Marcellus,
788 1165 960 1216 Euryalo
990 1171 1144 1215 recepto
1173 1158 1424 1215 prae'sidioque

305 1229 447 1273 addito,
469 1243 545 1266 una
564 1243 654 1266 cura
673 1236 754 1266 erat
773 1229 882 1273 liber,
902 1243 950 1266 ne
966 1243 1041 1279 qua
1060 1229 1107 1266 ab
1127 1235 1238 1278 tergo
1257 1230 1312 1266 vis
1331 1230 1424 1266 hos-

305 1295 402 1330 tium
422 1295 461 1331 in
482 1308 606 1331 arcem
629 1301 785 1346 accepta
806 1294 971 1331 inclusos
998 1294 1266 1345 inpeditosque
1285 1295 1424 1331 moeni·

305 1358 376 1395 bus
397 1372 484 1396 suos
504 1359 688 1397 turbaret.
744 1360 1003 1396 Achradinam
1024 1359 1128 1402 inde,
1150 1359 1260 1395 trinis
1290 1359 1422 1397 castris

306 1435 374 1473 per
400 1423 535 1460 idonea
554 1424 746 1474 dispositis
776 1423 875 1467 loca,
897 1436 963 1474 spe
989 1424 1036 1460 ad
1064 1423 1231 1473 inopiam
1252 1424 1423 1460 omnium

305 1500 430 1524 rerum
449 1488 614 1525 inclusos
635 1489 887 1532 redacturum,
906 1488 1156 1525 circumsedit.
1213 1488 1342 1527 Quum
1357 1500 1424 1538 per

307 1553 453 1602 aliquot
478 1554 554 1590 dies
574 1555 710 1603 quietae
740 1555 923 1590 stationes
951 1554 1140 1601 utrimque
1159 1552 1334 1595 fuissent,
1364 1566 1423 1589 re-

308 1623 422 1667 pente
442 1618 621 1653 adventus
649 1617 898 1667 Hippocratis
926 1622 963 1653 et
982 1616 1228 1659 Himilconis,
1255 1622 1296 1652 ut
1324 1616 1425 1652 ultro

311 1680 475 1728 undique
495 1679 808 1729 obpugnarentur
824 1679 1007 1722 Romani,
1027 1679 1141 1715 fecit:
1162 1691 1251 1714 nam
1268 1684 1306 1713 et
1324 1677 1424 1728 Hip-

310 1750 498 1794 pocrates,
530 1744 661 1780 castris
692 1744 739 1780 ad
767 1756 946 1792 magnum
984 1749 1137 1793 portum
1166 1743 1423 1786 communitis,

309 1809 495 1857 signoque
521 1809 566 1844 iis
587 1809 691 1851 dato,
713 1809 776 1858 qui
796 1808 1053 1845 Achradinam
1085 1807 1280 1851 tenebant,
1302 1813 1426 1844 castra

308 1879 437 1910 vetera
473 1874 737 1910 Romanorum
771 1874 925 1911 adortus
960 1880 1030 1916 est,
1062 1872 1197 1922 quibus
1228 1872 1424 1922 Crispinus

307 1946 491 1989 praeerat3
525 1946 562 1975 et
580 1939 768 1989 Epicydes
789 1941 1027 1990 eruptionem
1049 1941 1085 1976 in
1116 1940 1299 1976 stationes
1318 1938 1426 1976 RIar-

308 2003 393 2039 celli
412 2003 503 2039 fecit
519 2018 526 2038 :
559 2010 597 2040 et
612 2004 741 2040 classis
762 2005 906 2041 Punica
921 2005 1039 2048 litori,
1058 2004 1159 2053 quod
1178 2005 1278 2040 inter
1294 2003 1425 2040 urbem

308 2074 346 2103 et
370 2075 493 2104 castra
521 2068 700 2104 Romana
731 2076 825 2112 erat,
846 2069 1003 2119 adpulsa
1031 2076 1111 2114 est3
1145 2082 1192 2105 ne
1210 2068 1299 2117 quid
1328 2081 1424 2117 prae-

307 2131 392 2168 sidii
414 2132 592 2182 Crispino
613 2133 786 2169 submitti
811 2147 833 2170 a
851 2134 1037 2170 Marcello
1068 2139 1208 2184 posset.
1265 2132 1424 2168 Tumul-

307 2202 389 2231 tum
409 2202 537 2232 tamen
557 2195 741 2246 majorem
770 2197 898 2233 hostes
925 2197 1183 2247 praebuerunt,
1205 2209 1317 2244 quam
1343 2208 1424 2233 cer-

307 2266 459 2296 tamen:
491 2273 580 2297 nam
606 2269 644 2296 et
665 2262 861 2311 Crispinus
883 2262 1158 2312 Hippocratem
1188 2272 1265 2295 non
1286 2259 1424 2309 repulit

307 2330 456 2361 tantum
476 2327 735 2369 munimentiS,
757 2327 821 2363 sed
848 2328 1038 2363 insecutus
1060 2326 1174 2363 etiam
1193 2331 1249 2360 est
1275 2324 1420 2375 trepide
