1527 2661
125 221 215 254 U.C.
234 232 307 256 458.

124 266 163 296 A.
178 267 213 297 C.
232 275 304 301 294.

326 140 405 181 124
676 175 680 179 ,
779 143 823 171 Τ.
848 144 983 173 mvn

373 230 570 269 XXXVI.
601 230 646 266 In
674 231 798 268 medio
825 234 989 270 sarcinas
1017 233 1252 285 conjiciunt3
1293 235 1428 272 armati

319 295 394 331 suis
419 296 577 344 quisque
607 296 803 331 ordinibus
832 297 1025 333 instruunt
1052 300 1182 335 aciem.
1229 300 1318 336 Jam
1347 300 1428 336 exi-

317 373 433 408 guum
453 360 551 396 inter
571 360 661 396 duas
689 361 787 396 acies
814 367 894 396 erat
913 363 1092 411 spatium,
1114 369 1151 399 et
1180 363 1335 400 stabant
1360 376 1426 399 ex-

314 430 544 476 spectantes,
573 424 662 459 dum
696 424 742 460 ab
777 424 951 461 hostibus
988 427 1090 474 prius
1124 428 1289 476 inpetus,
1320 428 1424 478 prius

313 492 456 527 clamor
491 490 695 538 inciperet:
729 489 871 524 neutris
903 490 1050 525 animus
1081 497 1139 526 est
1171 492 1218 527 ad
1251 505 1426 542 pugnan-

312 558 412 593 dum.
470 554 695 602 Diversique
718 554 856 602 integri
877 560 991 603 atque
1016 555 1151 591 intacti
1179 556 1360 600 abissent,
1383 557 1424 593 ni

311 620 459 657 cedenti
480 620 709 654 instaturum
736 617 896 653 alterum
922 619 1160 656 timuissent:
1194 632 1262 656 sua
1288 626 1425 670 sponte

309 686 409 720 inter
441 684 580 718 invitos
612 681 978 731 tergiversantesque
1009 683 1134 731 segnis
1168 696 1310 733 pugna,
1346 684 1423 720 cla-

307 761 414 786 more
433 749 579 784 incerto
599 753 712 796 atque
733 746 869 796 inpari,
884 747 1000 796 coepit
1016 761 1023 782 :
1055 760 1125 783 nec
1144 748 1306 797 vestigio
1319 749 1421 798 quis-

306 827 420 864 quam
439 812 674 850 movebatur.
703 811 801 847 Tum
820 811 952 848 consul
966 811 1179 855 Romanus,
1198 818 1239 848 ut
1254 825 1333 849 rem
1353 825 1419 849 ex—

308 880 458 921 citaret,
480 877 650 927 equitum
678 889 817 927 paucas
848 883 991 912 turmas
1023 883 1131 913 extra
1159 877 1330 913 ordinem
1360 878 1420 914 in-

306 945 433 981 misit:
466 955 627 992 quorum
654 954 769 991 quum
796 941 966 992 plerique
992 941 1135 991 delapsi
1161 954 1207 977 ex
1229 942 1332 991 equis
1359 955 1418 978 es-

306 1014 405 1052 sent,
427 1014 465 1043 et
491 1006 554 1043 alii
580 1005 747 1051 turbati3
781 1011 819 1041 et
845 1004 892 1041 ab
913 1005 1142 1041 Samnitium
1169 1007 1249 1042 acie
1283 1007 1330 1043 ad
1348 1006 1418 1043 ob-

304 1073 520 1124 primendos
551 1084 631 1115 eos,
653 1071 716 1120 qui
747 1070 974 1113 ceciderant,
1004 1077 1041 1106 et
1071 1070 1118 1106 ad
1138 1083 1224 1106 suos
1256 1072 1417 1108 tuendos

304 1138 353 1175 ab
372 1137 559 1174 Romanis
580 1148 802 1186 procursum
829 1140 897 1172 est.
944 1134 1039 1171 Inde
1059 1134 1267 1184 paullulum
1292 1137 1418 1173 irrita-

302 1212 342 1242 ta
362 1217 491 1256 pugna
511 1210 580 1246 est,
599 1203 663 1239 sed
683 1202 880 1252 aliquanto
900 1208 938 1237 et
958 1202 1105 1252 inpigre
1124 1203 1260 1252 magis,
1278 1210 1316 1239 et
1333 1203 1418 1254 plu-

301 1283 360 1307 res
392 1273 659 1320 procurrerant
689 1268 901 1303 Samnites:
935 1272 973 1302 et
1002 1266 1175 1304 turbatus
1206 1280 1318 1317 eques
1340 1281 1417 1307 ,sua

302 1335 382 1386 ipse
412 1332 580 1370 subsidia
613 1332 752 1367 territis
784 1331 888 1379 equis
919 1331 1175 1380 proculcavit:
1207 1332 1297 1368 hinc
1325 1333 1418 1382 fuga

301 1405 429 1450 coepta
454 1404 575 1434 totam
603 1396 738 1432 avertit
765 1396 883 1432 aciem
909 1394 1137 1432 Romanam.
1181 1395 1343 1445 Jamque
1373 1399 1413 1434 in

300 1472 409 1514 terga
430 1463 658 1512 fugientium
690 1461 877 1497 Samnites
908 1460 1145 1511 pugnabant,
1176 1474 1292 1510 quum
1322 1475 1414 1499 con-

302 1529 374 1572 sul,
396 1541 493 1577 equo
523 1531 731 1576 praevectus
762 1524 809 1560 ad
837 1530 988 1576 portam
1018 1531 1242 1568 castrorum,
1264 1539 1307 1562 ac
1337 1533 1414 1563 sta-

301 1594 407 1630 tione
438 1592 607 1641 eqnitnm
636 1589 690 1625 ibi
720 1588 911 1638 obposita,
934 1589 1147 1638 edictoque,
1178 1595 1232 1632 ut,
1253 1592 1413 1638 quicum-

301 1672 370 1708 que
389 1659 438 1694 acl
462 1658 600 1693 vallum
628 1655 798 1696 tenderet,
818 1655 889 1690 sive
915 1655 978 1691 ille
998 1655 1196 1696 Romanus,
1216 1656 1288 1690 sive
1307 1656 1413 1691 Sam-

301 1728 357 1762 nis
379 1728 477 1765 esset,
496 1734 565 1770 pro
585 1721 681 1756 hoste
699 1719 866 1755 haberent
877 1737 889 1763 ,-
918 1720 999 1755 haec
1020 1720 1102 1769 ipsa
1127 1719 1322 1762 minitans,
1344 1719 1413 1756 ob-

300 1790 400 1826 stitit
419 1787 572 1838 profuse
590 1784 835 1821 tendentibus
852 1785 927 1820 suis
948 1785 986 1820 in
1004 1791 1137 1820 castra.
1184 1785 1262 1825 Quo
1276 1787 1412 1833 pergis,

300 1854 439 1902 inquit,
462 1852 562 1887 miles
575 1852 595 1886 ,9
624 1854 659 1885 et
679 1849 734 1884 hic
748 1862 851 1884 arma
871 1854 906 1884 et
924 1851 1016 1903 viros
1036 1850 1212 1885 invenies:
1238 1861 1315 1893 nec,
1335 1851 1414 1886 vivo

299 1919 442 1955 consule
462 1921 536 1957 tuo,
557 1915 626 1950 nisi
647 1916 761 1949 victor
786 1917 904 1948 castra
925 1913 1081 1948 intrabis.
1131 1913 1292 1948 Proinde
1309 1914 1412 1961 elige,

243 1970 253 1984 ¹¹
299 1996 380 2021 cum
400 1983 485 2023 cive,
508 1993 554 2015 an
571 1980 681 2021 hoste,
699 1990 862 2026 pugnare
878 1979 991 2012 malis.
1039 1977 1135 2012 Haec
1151 1977 1300 2012 dicente
1319 1990 1411 2014 con-

299 2047 393 2088 sule,
413 2045 556 2093 equites
578 2042 724 2078 infestis
743 2040 959 2091 cuspidibus
981 2040 1347 2084 circumfunduntur,
1369 2054 1413 2078 ac

299 2111 465 2163 peditem
480 2109 519 2144 in
536 2118 701 2157 pugnam
717 2106 838 2141 redire
850 2104 1003 2155 jubent.
1043 2104 1135 2140 Non
1154 2105 1270 2140 virtus
1287 2105 1410 2141 solum

299 2174 509 2216 consulem,
534 2172 599 2208 sed
617 2171 696 2207 fors
723 2171 839 2206 etiam
865 2169 1008 2220 adjuvit
1023 2186 1033 2215 3
1067 2169 1168 2218 quod
1196 2181 1273 2205 non
1300 2170 1410 2206 insti-

297 2245 428 2276 terunt
462 2237 665 2278 Samnites,
701 2236 942 2285 spatiumque
976 2233 1256 2281 circumagendi
1286 2234 1408 2282 signa,

298 2303 544 2351 vertendique
575 2301 696 2337 aciem
723 2313 744 2335 a
770 2300 901 2335 castris
932 2300 971 2335 in
998 2299 1148 2335 hostem
1171 2297 1255 2334 fuit.
1311 2298 1410 2334 Tum
