1527 2661
426 178 581 206 LIBER
605 177 654 206 x.
688 176 795 205 CAP.
817 176 914 206 v11.
1175 168 1226 224 83

111 267 324 318 legionibus
339 267 526 303 Romanis
544 266 755 303 devovisset
771 280 777 300 :
812 270 887 301 tum
904 266 949 302 P.
966 265 1123 302 Decium
1145 280 1226 304 con·
1241 274 1283 304 U.
1298 273 1334 303 C.
1348 281 1423 306 452.

108 335 221 371 sulem
243 345 376 382 purum
400 334 570 380 piumque
588 333 680 367 Deis
705 330 954 368 inmortalibus
977 332 1103 374 visum,
1131 346 1228 381 (eque

1240 317 1279 348 A.
1293 318 1329 348 C.
1344 324 1419 349 300.

1239 371 1331 402 Decii
1347 372 1445 402 oratio

108 411 151 434 ac
167 400 198 434 si
225 399 264 434 T.
286 398 447 434 Manlius
467 398 604 444 collega
622 394 696 442 ejus
715 397 946 432 devoveretur
959 412 971 432 .·
999 397 1160 433 eumdem
1181 399 1225 434 P.
1239 416 1277 445 de
1292 415 1436 445 sacerdo-

109 463 279 506 Decium,
301 464 362 511 qui
379 475 483 498 sacra
498 461 646 510 publica
661 462 790 510 populi
811 461 970 496 Romani
977 459 1138 510 faceret,
1159 463 1227 511 legi
1241 459 1289 488 ‘1³⁵
1306 467 1384 488 cum

1239 501 1329 540 plebe
1346 510 1436 530 com-

106 529 176 564 rite
193 540 263 564 non
278 529 436 576 potuisse
449 528 469 563 ..0
497 528 537 563 id
552 538 622 563 esse
637 527 851 575 periculum,
867 538 910 561 ne
923 538 1006 562 suas
1020 539 1144 574 preces
1158 530 1226 564 rni-
1241 544 1412 574 muniam-

106 605 173 628 nus
191 594 360 628 audirent
379 593 462 634 Dii,
484 604 592 640 quam
610 592 682 638 Ap.
706 591 884 626 Claudii?
912 592 1043 627 castius
1062 603 1141 628 eum
1168 605 1226 628 sa·
1239 588 1298 619 dis.

107 670 168 693 cra
190 659 337 705 privata
358 656 503 705 fizcere,
535 661 570 692 ct
598 657 799 703 religiosius
830 656 932 691 Deos
964 657 1090 699 colere,
1122 669 1230 705 quam

102 723 172 758 se?
200 734 303 770 quem
329 723 500 770 paenitere
526 726 701 762 votorum,
730 733 806 768 quce
831 732 899 767 pro
927 721 1110 768 republica
1138 733 1230 757 nun-

105 790 315 837 cupaverint
345 793 396 824 tot
425 789 584 824 consules
608 787 753 835 plebeii,
786 791 839 823 tot
859 788 1064 830 dictatores,
1089 793 1154 824 aut
1182 789 1232 824 ad

105 854 277 891 exercitus
303 857 436 895 euntes,
464 857 529 888 aut
559 854 652 888 inter
681 853 759 900 ipsa
788 851 915 887 bella?
943 852 1232 889 Numerarentur

106 919 211 954 duces
229 929 351 954 eorum
371 929 564 960 annorum,
586 916 709 964 quibus
725 915 945 964 plebeiorum
965 917 1074 952 ductu
1094 921 1129 952 et
1147 929 1230 953 aas·

103 983 201 1031 picio
233 994 288 1018 res
317 982 395 1029 geri
429 985 549 1029 coeptoe
580 985 662 1016 sunt
676 997 687 1016 .·
720 985 997 1016 numerarentur
1032 982 1231 1030 triumphi:

96 1045 179 1093 J'am
207 1058 249 1082 ne
277 1046 475 1082 nobilitatis
494 1046 636 1094 quidem
664 1057 737 1081 suae
762 1045 917 1093 plebeios
941 1047 1113 1094 paenitere
1126 1063 1138 1083 .·
1162 1059 1232 1095 pro

107 1117 204 1147 certo
234 1111 373 1153 habere,
393 1112 424 1146 si
444 1111 539 1158 quod
567 1122 692 1158 repens
721 1110 847 1145 bellum
878 1111 1032 1153 oriatur,
1054 1123 1123 1146 non
1144 1113 1230 1159 plus

107 1177 180 1224 spei
190 1175 277 1224 fore
294 1177 435 1211 senatui
451 1176 654 1223 populoque
675 1175 841 1210 Romano
866 1175 903 1210 in
919 1177 1099 1222 patriciis,
1120 1189 1227 1224 quarn

109 1242 143 1275 in
162 1239 307 1287 plebeiis
326 1239 482 1274 ducibus.
516 1238 620 1278 Quod
640 1250 749 1286 quum
775 1239 827 1272 ita
852 1249 887 1272 se
908 1237 1048 1281 habeat,
1070 1241 1127 1275 cui
1146 1240 1226 1275 De-

108 1298 209 1339 orum
234 1303 458 1339 hominumve
488 1304 675 1350 indignum
701 1303 814 1337 videri
842 1306 970 1349 potest,
1002 1302 1138 1351 inquit,
1170 1315 1228 1339 eos

105 1370 211 1411 viros,
233 1380 319 1416 quos
347 1380 407 1403 vos
433 1369 531 1403 sellis
560 1367 751 1409 curulibus,
774 1372 859 1414 toga
883 1371 1073 1414 praetexta,
1106 1370 1227 1404 tunica

101 1434 283 1480 palmata,
304 1436 339 1468 et
359 1437 443 1480 toga
458 1433 575 1479 picta,
596 1436 631 1467 et
649 1443 778 1467 corona
799 1430 1011 1478 triumphali
1032 1432 1226 1480 lazcreaque

106 1498 333 1539 honoraritis,
358 1509 508 1545 quorum
538 1497 659 1532 domos
685 1496 809 1543 spoliis
837 1495 990 1530 hostium
1018 1496 1065 1530 ad
1083 1496 1143 1531 ‘xis
1172 1498 1225 1532 in-

103 1557 217 1610 signes
238 1563 330 1597 inter
349 1562 441 1597 alias
455 1560 634 1609 feceritis,
651 1560 879 1609 pontificalia
904 1564 1012 1607 atque
1031 1562 1226 1608 auguralia

104 1628 260 1674 insignia
279 1623 435 1671 adjicere
448 1627 469 1661 9
487 1628 561 1674 qui,
582 1626 685 1662 Jovis
704 1627 831 1674 optimi
850 1627 998 1661 maximi
1016 1631 1145 1662 ornatu
1163 1628 1222 1662 de-

105 1696 258 1732 coratus,
280 1702 387 1726 curru
417 1695 546 1726 aurato
561 1703 628 1738 per
655 1691 777 1727 urbem
807 1695 924 1726 vectus
942 1692 979 1726 in
1001 1690 1222 1739 Capitolium

104 1756 340 1796 adscenderit,
359 1757 389 1790 si
408 1756 648 1803 conspiciatur
669 1768 747 1790 cum
774 1755 898 1802 capide
918 1767 960 1790 ac
980 1756 1083 1798 lituo,
1104 1758 1222 1803 capite

101 1820 219 1855 velato
248 1820 431 1854 victimam
464 1821 590 1862 ccedat,
622 1821 854 1867 auguriumve
882 1832 924 1855 ex
955 1832 1037 1855 arce
1065 1823 1221 1868 capiat.9

107 1881 214 1927 Cujus
234 1885 398 1930 imaginis
418 1885 524 1920 titulo
550 1885 765 1926 consulatus,
787 1896 1015 1932 censuraque,
1036 1889 1069 1920 et
1090 1887 1218 1921 trium-

100 1948 205 1995 phus,
226 1959 326 1995 cequo
354 1949 474 1983 animo
505 1949 663 1996 legetur,·
692 1951 721 1984 si
740 1954 959 1995 auguratum
989 1954 1052 1984 aut
1071 1952 1217 1999 pontifi-

102 2018 221 2047 catum
255 2010 466 2057 adjeceritis,
503 2026 574 2048 non
609 2013 830 2049 sustinebunt
863 2014 1055 2061 legentium
1091 2016 1219 2050 oculi?

102 2077 277 2124 Equidem
310 2078 425 2124 (pace
456 2080 603 2114 dixerim
635 2078 776 2123 Deum)
805 2090 862 2114 eos
893 2090 956 2113 nos
979 2077 1059 2123 jam
1089 2080 1217 2127 populi

100 2140 256 2176 Romani
275 2141 437 2190 beneficio
457 2154 527 2177 esse
554 2154 670 2190 spero,
692 2144 753 2190 qui
781 2143 989 2177 sacerdotiis
1012 2154 1080 2177 non
1102 2143 1219 2178 minus

98 2205 289 2241 reddamus
319 2207 528 2253 dignatione
556 2211 681 2242 nostra
715 2207 871 2248 honoris,
902 2219 1009 2254 quam
1038 2209 1220 2254 acceperi-

99 2281 198 2313 rnus;
228 2274 262 2305 et
282 2270 445 2306 Deorum
478 2273 601 2318 magis,
630 2283 738 2319 quam
766 2277 888 2307 nostra
918 2283 1042 2306 caussa
1071 2276 1228 2319 expetan-

98 2344 186 2375 mus,
208 2337 260 2376 ut,
283 2346 368 2381 quos
384 2336 556 2382 privatim
577 2336 737 2377 colimus,
755 2335 898 2383 publice
917 2335 1083 2371 colamusv

618 2398 695 2435 Ee
