1527 2661
134 261 224 292 U.C.
243 268 316 298 537.

132 305 173 335 A.
189 305 226 335 C.
243 312 316 336 ⁴215.

145 1537 254 1575 Legati

142 1579 280 1618 Philippi

141 1629 173 1652 et
190 1621 281 1652 Han-

143 1665 258 1695 nibalis

145 1707 286 1738 Romam

141 1750 318 1781 ducuntur.

325 178 412 223 354
783 183 827 210 T.
854 183 986 216 Ltvu

329 269 389 305 Ti.
412 270 670 319 Sempronius,
709 272 768 306 cui
798 271 938 319 Longo
972 284 1186 319 cognomen
1222 280 1316 314 erat,
1355 285 1438 308 cum

330 333 524 369 Hannone
553 334 673 369 Poeno
697 348 874 384 prospere
901 342 1057 384 pugnat.
1115 336 1235 385 Supra
1255 336 1330 371 duo
1355 335 1440 371 mil-

328 396 380 433 lia
412 398 579 432 hostium
612 399 764 440 occidit,
796 405 834 434 et
863 399 1045 435 ducentos
1076 400 1274 447 octoginta
1301 399 1440 435 milites

330 461 478 496 amisit:
513 462 621 507 signa
649 461 828 497 militaria
854 463 899 497 ad
919 463 1168 510 quadraginta
1195 475 1308 498 unum
1329 463 1442 512 cepit.

329 526 464 561 Pulsus
487 525 623 561 finibus
644 527 810 562 Lucanis
828 527 971 562 Hanno
993 532 1094 561 retro
1114 526 1152 560 in
1169 526 1341 561 Bruttios
1363 538 1444 562 sese

330 591 484 638 recepit.
541 590 593 625 ,Et
613 603 657 626 ex
686 590 859 640 Hirpinis
880 590 1019 640 oppida
1044 591 1132 631 tria,
1154 602 1235 638 quae
1256 602 1278 625 a
1302 590 1446 639 populo

329 652 509 690 Romano
525 654 754 698 defecerant,
773 657 807 690 vi
823 662 974 704 recepta
990 667 1056 704 per
1075 652 1131 689 M.
1146 653 1337 689 Valerium
1350 667 1445 704 prae-

330 725 465 756 torem.
522 720 556 754 V
559 721 728 756 ercellius
754 721 991 770 Siciliusque,
1013 726 1186 756 auctores
1207 719 1446 764 defectionis,

332 783 452 818 securi
483 785 671 832 percussi:
705 796 817 831 supra
846 784 947 820 mille
977 784 1212 832 captivorum
1241 783 1309 819 sub
1336 783 1447 820 hasta

332 848 530 882 venierunt
546 862 553 882 ε
586 849 711 897 praeda
730 848 803 884 alia
822 848 933 884 militi
950 860 1143 891 concessa,
1165 848 1350 883 exercitus
1366 847 1446 883 Lu-

333 910 471 945 ceriam
492 910 680 947 reductus.

389 973 627 1010 XXXVIII.
676 975 779 1010 Dum
800 976 880 1011 hoec
910 976 948 1012 in
968 975 1134 1012 Lucanis
1156 981 1268 1024 atque
1287 976 1326 1011 in
1356 974 1449 1010 Hir-

334 1037 433 1086 pinis
454 1044 650 1084 geruntur‚
672 1039 837 1086 quinque
860 1051 988 1081 naveS,
1010 1052 1095 1087 quae
1113 1038 1370 1074 Macedonum
1391 1045 1449 1074 at-

335 1113 408 1149 que
428 1100 634 1136 Poenorum
656 1110 785 1151 captos
807 1102 954 1150 legatos
976 1103 1141 1139 Romam
1161 1102 1380 1151 portabant,
1402 1102 1450 1138 ab

338 1176 474 1213 supero
502 1165 596 1199 mari
625 1165 671 1200 ad
692 1165 854 1201 inferum
874 1167 1133 1202 circumvectae
1163 1178 1281 1215 prope
1301 1178 1452 1201 omnem

338 1227 460 1263 Italiae
480 1241 598 1271 oram,
614 1242 729 1277 quum
748 1237 884 1278 praeter
899 1230 1036 1266 Cumas
1057 1229 1148 1265 velis
1168 1229 1368 1274 ferrentur,
1385 1242 1453 1265 ne-

337 1305 423 1340 que,
455 1293 623 1328 hostium
660 1306 708 1329 an
745 1296 935 1330 sociorum
972 1300 1111 1336 essent,
1151 1294 1241 1329 satis
1279 1294 1451 1338 sciretur,

337 1356 531 1392 Gracchus
553 1357 705 1395 obviam
725 1372 771 1394 ex
792 1358 910 1395 classe
931 1371 1001 1395 sua
1019 1371 1133 1395 naves
1153 1359 1266 1394 misit.
1324 1359 1453 1397 Quum

335 1422 619 1470 percunctando
656 1423 694 1457 in
728 1424 847 1458 vicem
882 1424 1079 1471 cognitum
1113 1428 1224 1464 esset,
1259 1421 1453 1458 consulem

339 1485 469 1520 Cumis
503 1498 606 1530 esse3
639 1499 752 1521 naves
785 1487 922 1522 Cumas
953 1486 1133 1536 adpuls'ae,
1164 1485 1377 1535 captivique
1407 1485 1454 1521 ad

340 1547 535 1583 consulem
565 1549 729 1591 deducti,
761 1556 799 1584 et
832 1549 949 1585 literae
980 1550 1090 1585 datae.
1148 1547 1306 1591 Consul,
1337 1548 1454 1584 literis

341 1611 509 1661 Philippi
529 1605 641 1661 atque
662 1613 891 1649 Hannibalis
919 1613 1107 1662 perlectis,
1129 1613 1355 1661 consignata
1373 1625 1455 1648 om-

342 1676 406 1712 nia
425 1677 471 1712 ad
495 1684 668 1712 senatum
698 1678 832 1713 itinere
861 1678 1029 1713 terrestri
1056 1677 1180 1712 misit:
1213 1675 1370 1712 navibus
1391 1676 1455 1712 de-

344 1741 427 1776 vehi
448 1739 593 1788 legatos
607 1740 735 1790 jussit.
793 1742 920 1779 Quum
942 1741 1074 1776 eodem
1091 1739 1168 1775 fere
1188 1740 1247 1775 die
1266 1739 1384 1775 literae
1404 1739 1458 1776 le-

342 1804 496 1853 gatique
515 1804 680 1841 Romam
704 1806 909 1847 venissent,
932 1811 982 1847 et,
1010 1804 1322 1853 percunctatione
1342 1803 1457 1848 facta,

341 1868 444 1904 dicta
469 1881 551 1905 cum
589 1870 737 1919 scriptis
768 1875 1034 1918 congruerent,
1064 1869 1187 1918 primo
1217 1869 1339 1916 gravis
1369 1881 1459 1904 cura

340 1933 472 1968 Patres
504 1934 672 1976 incessit,
705 1940 915 1975 cernentes,
946 1940 1089 1981 quanta
1119 1933 1180 1968 vix
1208 1932 1459 1968 tolerantibus

340 1996 527 2032 Punicum
556 1996 698 2032 bellum
726 1997 969 2032 Macedonici
1005 1995 1095 2032 belli
1128 1995 1246 2032 moles
1276 1997 1458 2031 instaret:

341 2061 401 2096 cui
422 2068 546 2096 tamen
568 2061 662 2096 adeo
682 2074 760 2096 non
787 2061 1085 2103 subcubuerunt,
1108 2066 1148 2095 ut
1169 2059 1359 2109 extemplo
1379 2060 1459 2107 agi-

341 2130 499 2166 taretur,
530 2124 846 2172 quemadmodum
876 2123 975 2159 ultro
1004 2123 1201 2159 inferendo
1225 2123 1326 2159 bello
1355 2136 1460 2158 aver-

341 2193 467 2222 terent
487 2186 533 2223 ab
556 2186 669 2222 Italia
694 2187 855 2222 hostem.
918 2187 1088 2236 Captivis
1118 2187 1157 2222 in
1178 2185 1327 2222 vincula
1349 2186 1462 2221 condi

338 2249 471 2299 jussis,
501 2250 780 2298 comitibusque
810 2263 941 2285 eorum
972 2250 1041 2286 sub
1072 2250 1179 2285 hasta
1211 2249 1384 2291 venditis,
1416 2249 1462 2285 ad

342 2327 459 2350 naves
499 2314 632 2361 viginti
664 2314 843 2362 quinque,
875 2313 1010 2362 quibus
1039 2313 1083 2350 P.
1103 2312 1274 2349 Valerius
1304 2312 1461 2348 Flaccus
