1527 2661
303 212 389 266 556
762 222 809 251 Τ.
837 223 972 253 mvn

112 312 154 343 U.
164 313 201 344 C.
216 313 414 349 542.sitam
436 310 643 348 habebant.
699 311 774 348 Per
798 318 921 349 totam
942 312 1109 350 Siciliam
1129 326 1247 363 vagus
1273 317 1418 366 praedas

109 356 287 390 A'C'mo'
300 377 441 427 agebat
459 390 506 414 ex
535 377 647 413 sociis
677 376 967 415 Romanorum·
999 390 1122 428 neque
1151 379 1352 418 intercludi
1368 381 1418 419 ab

290 443 514 492 -Agrigento
533 443 569 478 vi
588 447 655 479 aut
675 448 754 478 arte
774 442 864 485 ulla,
886 455 970 486 nec,
991 444 1083 492 quin
1102 452 1328 495 erumperet,
1353 445 1420 484 ubi

291 508 424 552 vellet,
445 507 639 558 prohiberi
659 514 821 558 poterat.
870 507 965 544 Haec
985 507 1065 557 ejus
1081 508 1216 558 gloria,
1234 512 1324 559 quia
1335 510 1419 562 jam

289 572 537 623 imperatoris
554 584 704 622 quoque
723 572 834 608 famae
853 571 1073 616 obficiebat,
1089 580 1284 623 postremo
1299 575 1339 612 in
1358 575 1418 612 in-

293 637 436 674 vidiam
462 637 599 681 vertit3
633 642 675 672 ut
707 649 756 673 ne
787 635 885 673 bene
915 643 1032 684 gestae
1064 637 1216 686 quidem
1244 650 1303 674 res
1333 637 1418 689 jam

295 701 483 739 Hannoni
503 707 659 752 propter
677 706 872 737 auctorem
893 701 983 736 satis
1004 700 1100 737 laetae
1119 708 1270 739 essent:
1302 714 1418 754 prop-

291 774 352 803 ·ter
370 780 455 816 quae
481 772 675 817 postremo
701 765 966 816 praefecturam
993 765 1072 816 ejus
1099 765 1178 803 filio
1205 779 1278 805 suo*
1300 766 1418 811 dedit,

292 837 412 875 ratus,
445 844 531 868 cum
562 831 724 881 imperio
761 831 1030 867 auctoritatem
1059 843 1212 880 quoque
1247 831 1283 867 ei
1318 831 1419 868 inter

290 897 479 935 Numidas
496 902 713 946 erepturum
728 910 735 932 ε
769 895 871 944 quod
890 894 1004 945 longe
1019 895 1129 932 aliter
1146 895 1286 934 evenit.
1313 895 1418 932 Nam

290 968 457 998 veterem
476 961 646 997 favorem
663 958 742 1009 ejus
763 971 831 994 sua
850 959 1004 1009 insuper
1023 960 1166 996 invidia
1185 959 1315 996 auxit:
1347 972 1416 997 ne-

290 1042 364 1080 que
383 1028 447 1065 ille
474 1027 744 1075 indignitatem
763 1024 912 1075 injuriae
941 1025 1042 1068 tulit,
1064 1025 1342 1075 confestimque
1367 1026 1415 1063 ad

292 1093 492 1131 Laevinum
512 1089 684 1127 occultos
711 1089 874 1125 nuncios
902 1089 1005 1125 misit
1024 1089 1070 1125 de
1095 1089 1281 1126 tradendo
1299 1090 1414 1138 Agri-

97 1162 251 1202 Agrigen-
291 1164 422 1208 gento.
469 1155 544 1192 Per
557 1167 651 1203 quos
669 1160 711 1189 ut
730 1159 788 1190 est
800 1153 903 1190 facta
915 1153 1021 1197 fides,
1035 1153 1346 1203 compositusque
1360 1153 1415 1190 rei

95 1206 279 1280 ξξξῐζίξῗὲᾶ-
292 1222 466 1273 gerendae
492 1220 641 1263 modus,
663 1224 813 1269 portam
841 1218 888 1254 ad
907 1231 1011 1254 mare
1025 1217 1211 1254 ferentem
1236 1217 1415 1254 Numidae

93 1294 212 1324 ditum.
291 1300 407 1338 quum
428 1289 693 1335 occupassent,
715 1282 831 1333 pulsis
849 1283 936 1319 inde
956 1282 1191 1326 custodibus,
1208 1287 1274 1318 aut
1292 1282 1413 1326 caesis,

289 1353 489 1390 Romanos
511 1351 557 1386 ad
577 1349 614 1385 id
641 1349 764 1399 ipsum
790 1348 924 1384 missos
951 1349 989 1383 in
1015 1347 1146 1384 urbem
1173 1352 1414 1398 acceperunt.

285 1419 340 1456 Et
352 1429 468 1466 quum
484 1414 636 1463 agmine
649 1412 732 1463 jam
752 1413 791 1449 in
808 1413 932 1449 media
952 1412 1053 1449 urbis
1075 1425 1118 1449 ac
1131 1412 1257 1448 forum
1272 1425 1414 1461 magno

285 1481 453 1520 tumultu
474 1481 605 1521 iretur,
624 1484 726 1515 ratus
744 1478 888 1514 Hanno
908 1490 988 1514 non
1008 1476 1124 1520 aliud,
1138 1490 1251 1526 quam
1270 1476 1411 1513 tumul-

285 1553 369 1584 tum
388 1559 432 1582 ac
459 1544 711 1581 secessionem
733 1544 789 1591 (id
809 1542 910 1591 quod
930 1548 967 1578 et
993 1547 1081 1577 ante
1101 1542 1305 1589 acciderat)
1326 1541 1413 1578 Nu·

287 1612 476 1648 midarum
496 1621 590 1651 esse,
607 1608 655 1644 ad
671 1606 995 1658 comprimendam
1011 1606 1236 1642 seditionem
1257 1618 1411 1656 proces-

289 1677 350 1713 sit.
407 1676 535 1723 Atque
571 1672 649 1715 ille,
680 1684 797 1720 quum
826 1672 860 1707 ei
897 1670 1102 1706 multitudo
1131 1669 1268 1720 major,
1299 1682 1412 1719 quam

286 1739 558 1780 Numidarum,
580 1735 713 1786 procul
732 1736 825 1777 visa,
847 1740 886 1771 et
911 1735 1055 1770 clamor
1072 1733 1272 1770 Romanus
1292 1734 1412 1771 haud-

286 1816 478 1853 quaquam
499 1803 653 1850 iguotus
673 1801 719 1836 ad
739 1812 847 1836 aures
868 1800 1080 1842 accidisset,
1097 1799 1214 1849 prius,
1232 1811 1346 1847 quam
1363 1798 1413 1836 ad

285 1868 405 1904 ictum
426 1865 492 1902 teli
512 1865 671 1906 veniret,
689 1864 852 1915 capessit
866 1863 1019 1912 fugam:
1052 1875 1118 1913 per
1134 1875 1302 1899 aversam
1321 1875 1412 1913 por-

287 1937 366 1968 tam
392 1930 566 1972 emissus,
589 1929 764 1964 adsumto
794 1928 934 1964 comite
958 1927 1143 1977 Epicyde,
1168 1940 1255 1964 cum
1280 1927 1410 1977 pauois

286 1996 335 2032 ad
360 2007 463 2031 mare
491 1993 687 2044 pervenit:
720 1992 899 2041 nactique
918 1998 1134 2041 opportune
1158 2003 1317 2042 parvum
1341 2003 1412 2027 na·

88 2064 199 2096 Sicilia
212 2063 266 2094 de·
286 2060 444 2109 vigium,
462 2057 596 2095 relicta
613 2055 788 2092 hostibus
810 2055 953 2098 Sicilia,
968 2056 1013 2092 de
1032 2067 1107 2104 qua
1124 2067 1191 2105 per
1209 2061 1270 2091 tot
1288 2066 1410 2092 annos

87 2116 207 2187 {2¹35}
285 2130 473 2162 certatum
499 2127 595 2165 erat,
615 2122 655 2157 in
675 2121 847 2157 Africam
871 2120 1116 2171 trajecerunt.
1172 2119 1262 2156 Alia
1278 2119 1410 2156 multi-

283 2189 378 2226 tudo
414 2188 623 2225 Poenorum
661 2185 964 2235 Siculorumque,
1002 2199 1050 2222 ne
1077 2191 1228 2221 tentato
1256 2185 1408 2234 quidem

284 2254 505 2297 certamine,
533 2265 648 2302 quum
676 2253 766 2288 caeci
795 2252 835 2288 in
861 2251 993 2300 fugam
1018 2256 1184 2293 ruerent,
1215 2249 1409 2298 clausique

283 2320 406 2355 exitus
442 2323 582 2361 essent,
610 2317 712 2353 circa
740 2322 869 2367 portas
900 2328 1009 2352 caesa.
1067 2314 1222 2365 Oppido
1250 2319 1406 2362 recepto

284 2382 476 2426 Laevinus,
508 2384 573 2432 qui
603 2383 730 2433 capita
757 2394 884 2418 rerum
906 2379 1110 2430 Agrigenti
1139 2383 1261 2422 erant,
1291 2377 1408 2426 virgis

1519 1638 1526 1691 ..ιω
1519 1562 1527 1628 μ,
1520 1342 1527 1555 φΡ»-ῃ.“.-,
