1527 2661
119 295 159 324 U.
174 295 209 325 C.
224 303 293 333 ⁵37.

309 180 393 231 366
766 193 809 221 T.
833 194 967 223 L1v11

310 295 392 330 quae
409 295 480 318 vox·
499 282 536 318 in
553 284 732 319 rusticum
751 285 835 320 iude
854 285 1094 334 proverbium
1112 287 1273 335 prodita.
1306 286 1420 324 Clau*

119 338 152 368 A·
172 341 208 370 C·
224 345 407 389 21⁵-dius,
429 359 543 394 quum
573 360 618 382 ex
641 348 698 382 viu
728 347 841 395 longe
871 350 1157 398 perequitasset,
1184 350 1286 386 nullo
1307 351 1421 387 obvio

107 1899 217 1928 Literae
233 1907 272 1929 ex

105 1940 270 1981 Hispania.

309 410 433 454 hoste,
465 412 501 446 in
524 424 697 461 campum
727 425 875 448 rursum
899 419 1062 455 evectus,
1085 414 1281 464 increpans
1312 416 1419 463 igna-

306 477 407 512 viam
427 477 564 519 hostis,
587 490 669 512 cum
691 489 831 524 magno
852 479 991 526 gaudio
1012 486 1049 514 et
1069 480 1323 527 gratulatione
1342 482 1421 516 vic-

307 546 368 576 tor
389 541 426 576 in
442 547 566 576 castra
580 541 688 576 redit.
736 541 839 576 Huic
860 555 995 591 pugnae
1013 543 1176 591 equestri
1193 556 1269 578 rem
1290 544 1420 592 (quam

307 605 397 640 satis
429 611 584 647 certam,
616 606 826 640 communis
852 606 1083 642 existimatio
1114 606 1187 652 est)
1209 607 1421 643 mirabilem

306 675 421 710 certe,
443 668 628 718 adjiciunt
648 669 798 717 quidam
819 669 996 706 annales:
1029 683 1144 719 quum
1171 671 1422 719 refugientem.

306 732 352 768 ad
371 732 502 768 urbem
518 733 706 769 Tauream
723 733 902 770 Claudius
919 741 1150 783 sequeretur,
1164 736 1310 785 patenti
1329 735 1419 771 hos-

304 797 400 832 tium
426 803 545 847 portae
572 799 776 839 invectum,
797 811 863 847 per
889 798 1061 841 alteram,
1082 798 1321 850 stupentibus
1348 800 1419 835 mi-

303 862 432 897 raculo
453 861 641 905 hostibus,
663 863 848 898 intactum
869 863 1042 900 evasisse.

357 925 548 962 XLVIII.
577 925 719 964 Quieta
735 925 820 961 inde
836 927 973 963 stativa
987 926 1107 970 fuere,
1125 940 1168 963 ac
1184 932 1285 964 retro
1301 927 1417 964 etiam

303 990 437 1027 consul
466 990 586 1026 movit
618 997 756 1034 castra,
787 999 844 1035 ut,
871 998 1078 1028 sementem
1109 992 1295 1043 Campani
1315 992 1418 1029 face-

301 1061 409 1092 rent:
442 1067 513 1092 nec
550 1060 638 1092 ante
666 1054 822 1092 violavit
859 1068 991 1104 agrum
1022 1057 1274 1107 Campanum,
1304 1068 1418 1105 quam

295 1119 378 1169 jam
398 1118 484 1155 altae
504 1120 543 1155 in
563 1119 752 1168 segetibus
773 1119 899 1155 herbae
919 1119 1100 1169 pabulum
1120 1119 1287 1169 praebere
1307 1125 1418 1169 pote-

301 1190 387 1220 rant
406 1198 412 1219 :
446 1184 483 1220 id
504 1184 680 1220 convexit
700 1185 738 1219 in
757 1183 968 1220 Claudiana
988 1191 1111 1220 castra
1127 1196 1238 1234 super
1258 1183 1418 1223 Suessu÷

300 1247 399 1293 lam,
432 1248 560 1296 ibique
595 1247 756 1283 hiberna
793 1247 1003 1284 aedificavit.
1059 1247 1115 1284 M.
1138 1246 1298 1283 Claudio
1327 1259 1417 1296 pro-

301 1311 449 1348 consuli
485 1312 697 1360 imperavit,
729 1319 784 1353 ut,
815 1317 964 1346 retento
984 1311 1095 1347 Nolae
1126 1310 1339 1347 necessario
1369 1309 1419 1345 ad

299 1375 479 1411 tuendum
508 1374 640 1411 urbem
669 1375 858 1426 praesidio,
880 1382 1024 1411 ceteros
1055 1374 1192 1411 milites
1212 1375 1419 1410 dimitteret

298 1437 479 1482 Romam,
508 1452 554 1475 ne
584 1440 690 1475 oneri
721 1440 847 1481 sociis,
871 1446 909 1474 et
939 1439 1078 1475 sumtui
1112 1437 1328 1488 reipublicae
1359 1449 1419 1472 es·

300 1510 396 1540 sent.
452 1503 504 1539 Et
522 1503 789 1540 Ti.G1·aeehus
820 1517 841 1539 a
861 1503 990 1539 Cumis
1019 1502 1220 1539 Luceriam
1249 1503 1289 1537 in
1307 1502 1417 1551 Apu·

300 1568 389 1604 liam
410 1567 578 1616 legiones
597 1581 712 1617 quum
732 1568 914 1610 duxisset,
934 1567 991 1603 M.
1005 1567 1198 1603 Valerium
1215 1566 1301 1602 inde
1319 1579 1416 1615 prae-

300 1638 422 1667 torem
438 1632 699 1674 Brundisium,
718 1645 802 1667 cum
824 1644 883 1675 eo,
902 1644 1013 1680 quem
1028 1630 1200 1666 Luceriae
1215 1630 1414 1673 habuerat,

301 1697 469 1732 exercitu
489 1697 604 1738 misit,
622 1697 793 1744 tuerique
810 1708 916 1731 oram
936 1696 1016 1743 agri
1039 1694 1252 1736 Sallentini,
1270 1700 1308 1729 et
1327 1707 1415 1743 pro-

299 1761 439 1803 videre,
461 1761 562 1809 quod
582 1760 628 1796 ad
647 1760 866 1809 Philippum
885 1760 1101 1808 bellumque
1120 1758 1414 1794 Macedonicum

300 1826 500 1867 adtineret,
515 1825 644 1874 jussit.
700 1826 818 1861 Exitu
839 1825 979 1861 aestatis
1000 1823 1094 1873 ejus,
1116 1836 1187 1872 qua
1206 1823 1286 1859 haec
1307 1829 1415 1870 gesta

299 1890 596 1939 perscripsimus,
628 1889 744 1925 literze
775 1903 796 1925 a
816 1890 857 1925 P.
879 1896 917 1925 et
947 1887 1271 1938 Cn.Scipionibus
1303 1899 1414 1922 vene-

298 1958 400 1995 runt,
425 1960 598 2001 quanta&
631 1965 818 2001 quamque
848 1964 1046 2002 prosperas
1068 1952 1106 1986 in
1137 1951 1326 1999 Hispania
1354 1962 1412 1985 res

297 2017 519 2067 gessissent:
545 2017 609 2052 sed
630 2017 827 2066 pecuniam
848 2017 884 2051 in
907 2017 1150 2065 stipendium,
1169 2015 1412 2050 vestimenta-

297 2096 383 2133 que,
404 2091 442 2118 et
460 2083 689 2118 frumentum
709 2083 904 2124 exercitui,
927 2088 964 2117 et
984 2082 1096 2116 sociis
1114 2079 1309 2115 navalibus
1330 2091 1412 2114 om-

297 2149 362 2184 nia
379 2148 519 2183 deesse.
576 2146 689 2185 Quod
719 2147 763 2182 ad
795 2147 1023 2195 stipendium
1053 2145 1233 2184 adtineat‚
1258 2143 1287 2177 si
1320 2155 1411 2178 εει-ει-

296 2212 522 2260 riuminops
544 2216 654 2252 esset,
677 2222 716 2245 se
745 2210 909 2257 aliquam
929 2210 1115 2244 rationem
1138 2208 1313 2245 inituros,
1336 2219 1412 2255 quo

294 2275 409 2311 modo
429 2274 476 2310 ab
498 2274 679 2323 Hispanis
701 2281 852 2309 sumant
869 2290 879 2312 ;,
910 2280 1037 2309 cetera
1067 2273 1195 2320 utique
1216 2270 1262 2305 ab
1284 2270 1411 2306 Roma

291 2338 478 2374 mittenda
497 2351 598 2374 esse:
634 2351 700 2374 nee
722 2337 831 2373 aliter
851 2344 915 2372 aut
938 2337 1145 2373 exercitum
1170 2342 1232 2370 aut
1256 2334 1410 2383 provin-
