1527 2661
375 196 529 226 Lmen
551 195 671 224 xxv.
705 194 905 223 CAP.X1.
1112 194 1195 238 449

85 300 197 338 quam
216 285 281 323 lux
309 288 447 323 certior
476 291 570 329 erat,
592 291 630 321 et
648 284 830 327 Romani,
851 284 915 333 qui
942 282 1106 320 caedibus
1132 297 1194 320 su-
1206 285 1300 358 Ηυξ
1315 293 1388 317 540.

85 351 314 401 perfuerunt,
334 351 374 386 in
404 363 528 387 arcem
554 349 818 398 confugerant,
840 347 1194 397 conticescebatque
1208 336 1398 413 Rom'affiffn

85 418 280 468 paullatim
310 417 509 460 tumultus,
531 422 611 453 tum
641 415 839 452 Hannibal
858 415 1087 451 Tarentinos
1114 416 1194 451 sine
1206 433 1313 472 arcem
1325 434 1404 456 con-

84 483 194 518 armis
215 493 424 518 convocare
443 480 569 530 jubet.
626 481 848 516 Convenere
874 491 1019 520 omneS,
1040 486 1195 529 praeter-
1208 467 1347 507 fugmnt.

83 558 195 595 quam
215 546 293 594 qui,
314 546 488 582 cedentes
515 546 553 581 in
583 557 721 588 arcem,
741 542 939 580 Romanos
970 543 1016 579 ad
1043 556 1196 581 omnem

83 610 293 646 adeundam
326 609 437 646 simul
464 609 658 646 fortunam
694 608 885 659 prosecuti
914 607 1076 645 fuerant.
1133 607 1195 644 Ibi

82 672 293 718 Hannibal,
323 674 489 722 benigne
513 673 710 710 adlocutus
739 673 983 715 Tarentinos,
1013 678 1193 709 testatus-

81 750 169 786 que,
190 751 272 787 quae
292 739 529 789 praestitisset
553 737 696 775 civibus
717 750 860 779 eorum,
883 749 977 786 quos
997 737 1045 773 ad
1063 736 1192 774 Trasi-

80 813 233 838 menum
253 810 318 838 aut
337 803 383 839 ad
404 803 555 838 Cannas
576 803 749 852 cepisset,
771 800 882 837 simul
904 802 942 837 in
963 802 1192 838 dominatio-

79 877 165 901 nem
189 865 390 915 superbam
408 864 673 902 Romanorum
698 865 882 907 invectus,
903 865 1068 914 recipere
1088 878 1128 902 se
1152 867 1193 903 in

79 928 213 964 domos
241 941 325 965 suas
345 941 530 978 quemque
543 927 674 979 jussit,
694 934 734 964 et
751 927 897 964 foribus
923 940 1062 964 nomen
1083 941 1193 966 suum

78 991 307 1029 inscribere:
340 1005 379 1029 se
398 993 531 1029 domos
552 1004 628 1036 eas,
645 1006 728 1042 quae
748 992 937 1042 inscriptae
952 1005 1031 1029 non
1052 998 1192 1036 essent,

79 1055 190 1103 signo
223 1055 415 1106 extemplo
437 1056 542 1099 dato,
572 1055 684 1106 diripi
706 1054 913 1106 jussurum.
971 1056 1011 1092 Si
1040 1057 1123 1106 quis
1152 1057 1193 1094 in

78 1119 247 1170 hospitio
273 1121 364 1156 civis
389 1120 558 1157 Romani
580 1122 734 1169 (vacuas
763 1127 890 1157 autem
919 1119 1103 1157 tenebant
1122 1121 1192 1158 do-

77 1184 180 1232 mos)
201 1196 342 1221 nomen
364 1186 629 1236 inscripsisset,
650 1197 735 1221 eum
755 1197 794 1221 se
811 1197 882 1235 pro
907 1184 1018 1221 hoste
1036 1185 1190 1222 habitu-

78 1259 173 1286 rum.
231 1249 427 1287 concione
445 1250 612 1294 dimissa,
636 1262 753 1300 quum
778 1248 899 1285 titulis
925 1254 1069 1286 notatae
1088 1249 1190 1286 fores

77 1311 278 1349 discrimen
308 1319 452 1364 pacatae
480 1313 528 1351 ab
557 1313 688 1350 hostili
716 1314 829 1350 domo
856 1312 1048 1358 fecissent,
1079 1314 1192 1363 signo

77 1373 182 1418 dato,
204 1376 251 1412 ad
269 1376 481 1427 diripienda
505 1377 673 1427 hospitia
691 1377 869 1414 Romana
887 1378 1028 1428 passim
1047 1377 1191 1415 discur-

75 1450 159 1475 sum
178 1445 258 1476 est:
290 1446 329 1477 et
346 1440 420 1477 fuit
437 1441 572 1491 praedae
592 1440 839 1490 aliquantum.

130 1502 205 1539 XI.
234 1502 395 1540 Postero
423 1504 484 1540 die
512 1505 560 1541 ad
585 1504 879 1555 obpugnandam
908 1517 1032 1542 arcem
1060 1505 1189 1543 ducit:

76 1578 191 1615 quam
209 1580 325 1617 quum
344 1574 383 1604 et
402 1569 510 1612 mari,
532 1581 607 1618 quo
623 1569 664 1605 in
682 1568 890 1620 peninsulae
920 1570 1075 1606 modum
1102 1582 1188 1620 pars

77 1629 200 1680 major
214 1631 486 1676 circumluitur,
503 1633 666 1683 praealtis
686 1633 857 1683 rupibus,
875 1640 912 1669 et
932 1633 979 1669 ab
995 1635 1077 1684 ipsa
1096 1633 1189 1672 urbe

74 1705 184 1730 muro
203 1701 241 1730 et
259 1695 364 1731 fossa
388 1697 535 1745 ingenti
563 1703 708 1746 septam
727 1697 884 1740 videret,
905 1710 1025 1747 eoque
1047 1711 1118 1734 nec
1137 1699 1187 1743 vi,

75 1770 146 1794 nec
166 1758 342 1809 operibus
372 1760 664 1810 expugnabilem
693 1773 797 1806 esse3
830 1773 878 1797 ne
902 1769 967 1797 aut
996 1774 1035 1797 se
1064 1763 1188 1812 ipsum

76 1834 167 1858 cura
191 1823 322 1859 tuendi
340 1824 569 1860 Tarentinos
599 1838 622 1860 a
646 1824 852 1874 majoribus
882 1825 992 1861 rebus
1021 1838 1188 1863 morare-

75 1891 161 1931 tur3
194 1893 259 1922 aut
278 1887 316 1922 in
337 1887 487 1924 relictos
514 1889 594 1924 sine
613 1888 737 1925 valido
763 1889 937 1939 praesidio
958 1889 1187 1927 Tarentinos

77 1949 248 1998 inpetum
279 1963 325 1987 ex
354 1964 452 1995 arce,
481 1965 594 2001 quum
625 1952 777 1995 vellent,
808 1952 976 1989 Romani
1003 1953 1185 1997 facerent,

77 2012 176 2049 vallo
204 2014 335 2051 urbem
364 2015 411 2051 ab
441 2029 525 2052 arce
554 2017 774 2066 intersepire
807 2018 962 2053 statuit:
995 2030 1073 2055 non
1106 2020 1186 2055 sine

76 2076 141 2112 illa
168 2078 283 2114 etiam
317 2091 396 2129 spe,
431 2093 515 2116 cum
548 2080 836 2130 prohibentibus
867 2094 961 2131 opus
998 2081 1185 2119 Romanis

75 2153 227 2177 manum
258 2155 368 2192 posse
399 2145 568 2190 conscri3
602 2152 652 2188 et,
679 2146 710 2180 si
738 2145 900 2181 ferocius
928 2148 1184 2195 procucurris-

77 2212 174 2247 sent,
205 2217 344 2255 magna
372 2208 472 2244 caede
500 2209 553 2245 ita
582 2210 776 2245 adtenuari
809 2210 972 2259 praesidii
1002 2211 1112 2253 vires,
1144 2218 1183 2246 ut

75 2267 185 2304 facile
207 2281 273 2319 per
292 2282 331 2306 se
361 2271 430 2321 ipsi
450 2271 648 2308 Tarentini
676 2272 807 2309 urbem
828 2273 874 2309 ab
896 2274 939 2309 iis
968 2275 1065 2309 tueri
1095 2286 1184 2323 pos-

75 2338 170 2368 sent.
220 2332 295 2369 Ubi
309 2342 476 2386 coeptum
491 2347 584 2387 opus
597 2343 666 2380 est,
683 2338 873 2388 patefacta
887 2344 1040 2390 repente
1056 2343 1180 2389 porta,
