1527 2661
305 162 383 213 176
753 172 797 200 T.
824 173 954 201 L1v11

115 272 417 310 U.C.534.seque
445 273 523 296 non
552 261 685 297 ducem
714 261 850 304 solum,
882 262 946 297 sed
975 261 1089 297 etiam
1119 274 1287 297 caussam
1324 273 1404 297 esse

112 314 199 346 A'C·
219 318 406 368 218'belh',
444 325 591 374 partitis
622 325 895 374 divenditisque
932 326 1096 374 reliquiis
1130 326 1278 375 praedae,
1311 325 1407 361 nihil

303 389 402 425 ultra
417 390 659 426 differendum
675 396 792 433 ratus,
809 390 972 439 Hispani
992 392 1138 438 generis
1159 390 1295 426 milites
1313 403 1406 426 con-

113 463 278 493 Hanniba·
301 461 434 498 vocat:
469 454 582 489 Credo
601 466 663 501 ego
691 466 762 496 v03,
793 454 929 503 inquit,
959 456 1057 496 socii,
1078 460 1112 490 et
1140 456 1232 502 ipsos
1251 466 1403 496 cernere,

109 507 146 579 ΣΞ
162 508 276 583 Ξῧῑὶῑῐίδ
296 519 439 565 pacatis
457 517 615 552 omnibus
633 518 819 564 Hispania?
832 519 991 565 populis,
1012 522 1075 553 aut
1087 518 1291 566 finiendam
1306 517 1405 553 nobi-s

280 575 481 623 'militianm
512 583 750 629 exercitusque
778 582 1007 617 dimittendos
1034 593 1128 617 esse:
1156 586 1220 617 aut
1250 583 1285 616 in
1313 581 1406 616 alim·

300 649 414 680 terras
442 643 725 692 transferendum
744 643 898 679 bellum.-
925 646 978 680 ita
996 645 1087 680 enim
1117 644 1169 680 hoe
1184 648 1306 691 gentes
1333 656 1405 679 non

293 709 398 755 pacis
416 709 545 749 solum,
565 708 626 743 sed
654 708 760 742 etiam
789 709 958 750 victoriae,
980 708 1075 743 bonis
1088 708 1284 757 florebunt,
1304 709 1334 742 si
1361 719 1404 742 ex·

296 772 379 807 aliis
394 772 554 819 gentibus
577 772 739 819 praedam
768 776 802 806 et
818 772 974 818 gloriam
1002 783 1204 819 quaeremus.
1261 771 1403 818 Itaque,

297 848 406 883 quum
434 837 627 882 longinqua
654 835 697 870 ab
726 835 828 870 domo
857 836 961 870 instet
987 835 1134 877 militia,
1163 836 1404 881 incertumque

294 900 355 941 sit,
375 900 516 946 quando
535 900 655 939 domos
669 903 814 940 vestras,
834 903 868 934 et
886 911 963 946 quae
981 900 1105 946 cuique
1133 898 1180 934 ibi
1199 910 1284 933 cara
1301 902 1396 940 sunt,

293 963 405 997 visuri
421 963 511 1005 sitis,
530 963 560 997 si
578 963 656 1009 quis
673 966 826 997 vestrum
850 973 930 997 suos
948 963 1096 998 invisere
1113 962 1203 1004 vult,
1225 973 1399 997 commea-

295 1030 372 1062 tum
391 1027 448 1061 do.
500 1026 625 1061 Primo
642 1037 733 1067 vere,
753 1026 865 1067 edico,
884 1027 1009 1062 adsitis
1020 1042 1032 1069 ‚·
1060 1030 1114 1068 ut,
1135 1025 1223 1060 Diis
1241 1025 1324 1060 bene
1334 1022 1400 1069 ju-

295 1089 470 1131 vantibus,
503 1089 634 1124 bellum
668 1089 821 1135 ingentis
853 1089 979 1135 gloriae
1007 1089 1206 1136 proedaeque
1226 1086 1403 1135 futurum

296 1155 519 1201 incipiamus.
575 1150 763 1187 Omnibus
784 1150 862 1187 fere
880 1152 1024 1188 visendi
1043 1151 1175 1187 domos
1196 1150 1325 1186 oblata
1344 1149 1402 1185 ul·.·

296 1222 356 1253 tro
376 1223 543 1266 potestas
563 1221 672 1264 grata
697 1222 791 1258 erat,
813 1221 850 1251 et
871 1214 955 1265 jam
974 1213 1271 1251 desiderantibus
1298 1226 1399 1257 suos,

294 1286 334 1316 et
368 1279 519 1327 longius
558 1279 598 1314 in
633 1278 802 1314 futurum
844 1278 1127 1328 providentibus
1164 1276 1402 1314 desiderium.

294 1344 368 1380 Per
392 1349 516 1379 totum
544 1349 691 1393 tempus
720 1343 854 1379 hiemis
884 1343 988 1392 quies
1017 1343 1116 1378 inter
1143 1341 1306 1384 labores,
1335 1346 1403 1377 aut

288 1405 371 1457 jam
400 1407 619 1448 exhaustos,
659 1412 724 1441 aut
759 1418 850 1442 mox
883 1405 1171 1447 exhauriendos,
1205 1404 1401 1439 renovavit

294 1484 454 1521 corpora
481 1472 702 1520 animosque
730 1471 778 1507 ad
806 1471 934 1506 omnia
962 1471 1007 1506 de
1035 1471 1184 1518 integro
1212 1469 1401 1518 patienda.

80 1541 83 1545 ’
102 1542 278 1589 Λάραςαῑυς
294 1535 393 1570 Vere
408 1536 529 1585 primo
546 1535 592 1571 ad
609 1535 773 1571 edictum
789 1546 1009 1570 convenere.
1057 1531 1267 1575 Hannibal,
1285 1545 1399 1581 quum

100 1584 273 1657 ξξζέξέἰζ
294 1600 542 1635 recensuisset
572 1600 741 1635 omnium
773 1598 913 1634 auxilia
941 1598 1124 1646 gentium,
1155 1596 1279 1632 Gades
1312 1609 1400 1645 pro-

102 1671 184 1701 lum.
293 1662 414 1699 fectus
444 1663 603 1699 Herculi
632 1670 721 1699 vota
753 1662 936 1699 exsolvit:
969 1662 1153 1709 novisque
1189 1672 1228 1696 se
1257 1659 1403 1708 obligat

295 1728 406 1769 votis,
429 1728 459 1762 si
481 1732 606 1763 cetera
636 1740 814 1776 prospera
835 1727 1058 1762 evenissent.
1115 1724 1209 1760 Inde
1236 1724 1402 1772 partiens

293 1803 399 1825 curas
421 1790 532 1826 simul
562 1792 599 1827 in
621 1791 855 1827 inferendum
886 1796 999 1839 atque
1028 1788 1228 1825 arcendum
1245 1786 1400 1830 bellum,

291 1866 353 1896 ne,
375 1855 462 1889 dum
482 1856 562 1903 ipse
581 1855 748 1890 terrestri
769 1867 834 1904 per
853 1854 1081 1904 Hispaniam
1100 1851 1317 1900 Galliasque
1337 1851 1400 1885 iti-

292 1930 380 1952 nere
418 1918 568 1953 Italiam
594 1924 751 1966 peteret,
786 1918 886 1953 nuda
912 1923 1115 1967 apertaque
1140 1915 1325 1951 Romanis
1345 1914 1399 1949 A·

291 1980 385 2016 frica
413 1981 459 2016 ab
491 1980 618 2016 Sicilia
647 1988 757 2023 esset,
791 1981 912 2016 valido
945 1980 1119 2030 praesidio
1139 1979 1288 2015 firmare
1317 1989 1400 2012 eam

292 2047 436 2082 statuit.
480 2045 555 2081 Pro
576 2057 620 2081 eo
641 2046 942 2095 supplementum
961 2045 1040 2095 ipse
1060 2056 1107 2079 ex
1125 2042 1270 2084 Africa,
1294 2054 1399 2077 max—

291 2111 365 2145 ime
386 2109 655 2159 jaculatorum,
686 2109 822 2145 levium
857 2109 981 2152 armis,
1015 2108 1147 2156 petiit3
1180 2112 1220 2142 ut
1245 2105 1329 2141 Afri
1359 2106 1399 2141 in

292 2173 493 2222 Hispania,
515 2173 553 2207 in
576 2172 706 2207 Africa
727 2172 904 2221 Hispani,
922 2171 1054 2207 melior
1069 2168 1201 2220 procul
1221 2168 1268 2205 ab
1284 2168 1397 2204 domo

292 2237 438 2273 futurus
459 2242 615 2285 uterque
644 2236 765 2278 miles,
786 2236 888 2271 velut
917 2236 1056 2271 mutuis
1089 2232 1309 2284 pignoribus
1330 2231 1398 2267 ob-

292 2301 412 2348 ligati,
443 2299 629 2350 stipendia
663 2298 844 2336 facerent.
900 2297 1099 2334 Tredecim
1128 2295 1245 2333 millia
1273 2296 1398 2331 octin-

1503 311 1512 321 ι
