1527 2661
322 234 608 265 Lllsssnxxl.
640 232 920 263 cAP.LV111.
1090 228 1167 271 217

66 327 176 364 mixti
196 326 358 376 undique
377 338 423 362 ex
439 324 607 361 finitimis
625 321 794 373 populis3
817 327 855 357 et
870 327 950 356 tum
965 325 1086 355 terror
1100 332 1168 369 po-
1182 326 1226 356 U.
1236 325 1272 356 C.
1288 331 1361 357 534

66 390 302 441 pulationum
322 402 366 425 eo
386 388 583 438 plerosque
602 400 649 422 ex
674 387 772 434 agris
793 384 1036 434 compulerat.
1083 369 1221 420 Hu-A‘
1234 368 1275 401 C‘
1284 374 1356 400 2¹⁸·

57 453 122 504 jus
142 455 287 502 generis
307 453 522 494 multitudo,
543 451 644 487 fama
672 450 819 499 inpigre
847 447 989 484 defensi
1016 447 1062 483 ad
1082 447 1169 484 Pla-

63 518 225 554 centiam
261 517 424 568 praesidii
461 527 631 557 accensa,
671 514 782 550 armis
820 512 981 562 adreptis
1019 511 1169 548 obviam

0 600 1 629 y
63 580 272 618 Hannibali
291 581 472 632 procedit.
526 579 651 628 Magis
675 577 840 626 agmina,
861 589 973 624 quam
995 577 1108 619 acies,
1129 577 1168 613 in

0 638 1 681 l
62 646 123 682 via
151 652 442 690 concurrerunt;
478 650 530 687 et,
562 655 676 691 quum
705 654 751 677 ex
778 640 896 677 altera
924 646 1030 690 parte
1058 640 1167 684 nihil,

0 687 2 758 i
59 714 196 759 praeter
223 709 456 745 inconditam
484 705 649 749 turbam,
678 710 789 747 esset,
817 703 856 739 in
882 703 1000 740 altera
1028 710 1065 739 et
1093 704 1170 740 dux

1 764 2 801 ἶ
58 771 184 815 militi,
205 778 242 808 et
261 773 346 808 duci
365 772 480 808 fidens
500 770 621 811 miles,
651 769 697 805 ad
725 768 883 816 triginta
901 769 1064 816 quinque
1083 767 1167 804 mil-

0 825 3 871 ¹:
59 834 111 871 lia
128 835 324 871 hominum
343 847 366 870 a
386 833 514 884 paucis
540 832 635 868 fusa.
692 831 852 867 Postero
875 831 948 873 die,
976 831 1167 867 deditione

2 888 3 931 l
57 902 172 945 facta,
203 902 418 952 praesidium
450 901 550 936 intra
581 898 723 935 moenia
755 909 954 947 accepere:
992 895 1167 946 jussique

59 978 163 1003 arma
181 966 326 1003 tradere
345 977 460 1014 quum
478 964 580 1000 dicto
595 962 821 1014 paruissent,
842 961 992 1009 signum
1011 967 1166 1011 repente

58 1031 263 1068 victoribus
293 1031 416 1074 datur,
446 1036 489 1066 ut
508 1035 702 1078 tamquam
720 1027 756 1062 vi
776 1032 925 1077 captam
951 1024 1082 1062 urbem
1107 1025 1164 1061 di-

0 1092 5 1167 i
56 1097 245 1147 riperent:
284 1108 405 1145 neque
436 1094 526 1138 ulla,
556 1107 639 1143 quae
670 1093 710 1129 in
742 1091 809 1129 tali
841 1104 881 1127 re
909 1089 1163 1128 memorabilis

5 1156 6 1198 Ξ
57 1159 305 1197 scribentibus
338 1159 455 1195 videri
490 1157 599 1201 solet,
635 1156 887 1208 praetermissa
921 1154 1043 1192 clades
1077 1161 1160 1191 est:

0 1172 6 1278 i
57 1224 151 1260 adeo
177 1224 298 1260 omnis
327 1222 505 1266 libidinis,
533 1220 851 1269 crudelitatisque,
882 1226 920 1254 et
948 1218 1163 1254 inhumanae

6 1324 7 1333 ἶ
56 1288 239 1337 superbiae
259 1280 399 1323 editum
418 1286 458 1322 in
477 1286 632 1322 miseros
653 1290 709 1321 est
729 1282 953 1333 exemplum.
1000 1282 1074 1318 Hae
1102 1282 1162 1319 fu-

55 1364 116 1388 ere
134 1350 300 1388 hibernae
320 1349 576 1400 expeditiones
600 1346 841 1385 Hannibalis.

8 1463 9 1466 Ἴ
107 1414 255 1452 LVIII.
285 1414 400 1451 Haud
421 1413 545 1461 longis
571 1413 658 1449 inde
682 1410 930 1461 temporibuS,
951 1409 1040 1446 dum
1058 1410 1160 1446 into·

8 1470 9 1474 Ἰ
53 1479 224 1516 lerabilia
247 1479 390 1528 frigora
414 1483 535 1520 erant,
556 1477 660 1526 quies
686 1475 797 1512 militi
823 1476 911 1512 data
936 1480 1015 1511 est:
1048 1482 1086 1513 et
1112 1476 1159 1512 ad

52 1544 174 1594 prima
201 1554 244 1578 ac
273 1541 387 1578 dubia
414 1542 522 1589 signa
550 1541 645 1576 veris
674 1539 865 1590 profectus
897 1553 943 1576 ex
976 1539 1157 1583 hibernis,

9 1599 10 1636 ἕ
52 1608 92 1644 in
109 1607 302 1644 Etruriam
328 1605 445 1648 ducit,
469 1618 552 1641 eam
571 1617 720 1654 quoque
744 1610 909 1653 gentem,
940 1604 1037 1640 sicut
1066 1603 1157 1640 Gal-

10 1675 11 1682 *
50 1671 107 1707 los
135 1670 383 1719 Liguresque,
414 1675 480 1705 aut
509 1669 547 1704 vi
579 1674 645 1704 aut
673 1667 868 1704 voluntate
900 1667 1156 1718 adjuncturus.

48 1734 324 1770 Transeuntem
356 1732 601 1782 Apenninum
632 1730 726 1767 adeo
759 1737 869 1767 atrox
901 1731 1032 1767 adorta
1059 1735 1352 1768 tem-'lransitum

6 1779 9 1842 ἰ
50 1804 174 1848 pestas
194 1803 264 1840 est,
294 1802 335 1832 ut
363 1795 518 1846 Alpium
541 1794 753 1831 foeditatem
777 1807 894 1845 prope
913 1796 1154 1845 superaverit.
1165 1779 1365 1854 ἓρῗὲῗέξῃ-

49 1862 177 1897 Vento
196 1861 334 1896 mixtus
354 1859 474 1896 imber
492 1872 606 1908 quum
625 1859 785 1895 ferretur
810 1859 849 1894 in
871 1859 952 1908 ipsa
976 1871 1056 1902 ora,
1077 1861 1153 1909 pri·
1166 1865 1264 1897 nibal.

7 1936 11 1962 ι’
50 1938 127 1968 mo,
147 1925 235 1973 quia
253 1929 319 1960 aut
338 1936 441 1959 arma
460 1922 670 1958 omittenda
694 1934 733 1957 el
735 1927 814 1964 ant
837 1927 902 1957 aut
920 1928 1052 1958 contra
1071 1924 1151 1960 eni-

48 1994 169 2024 tentes
190 1987 331 2023 vortice
350 1987 481 2021 intorti
501 1985 788 2034 adfligebantur‚
805 1985 1027 2021 constiter:e
1050 1986 1150 2031 dein,

9 2059 16 2133 i
47 2063 162 2101 quum
183 2049 266 2100 jam
285 2050 457 2099 spiritum
476 2048 697 2091 includeret,
722 2060 792 2084 nec
817 2049 1050 2098 reciprocare
1069 2052 1151 2087 ani-

10 2119 15 2165 ξ
48 2128 147 2153 mam
175 2115 327 2157 sineret,
361 2115 480 2150 aversi
509 2127 531 2149 a
558 2119 672 2150 vento
703 2125 903 2163 parumper
935 2115 1150 2154 consedere.

11 2177 17 2222 A
46 2178 145 2215 Tum
159 2191 247 2215 vero
265 2179 409 2227 ingenti
424 2190 520 2214 sono
538 2177 676 2214 coelum
695 2184 873 2228 strepere,
890 2184 927 2214 et
942 2179 1040 2215 intel
1058 2180 1148 2216 hor·

11 2249 14 2278 1
47 2242 180 2278 rendos
198 2242 366 2291 fragores
386 2241 524 2278 micare
542 2242 672 2290 ignes:
705 2242 804 2292 capti
831 2242 982 2278 auribus
1002 2248 1040 2279 et
1058 2256 1149 2280 ocu-

13 2319 19 2351 ζ
47 2304 91 2341 lis
127 2312 230 2341 metu
265 2318 395 2342 omnes
428 2311 590 2355 torpere.
643 2304 829 2350 Tandem,
867 2306 984 2343 effuso
1015 2306 1149 2352 imbre,

14 2356 19 2434 ξ
49 2380 165 2418 quum
182 2381 228 2406 eo
246 2370 365 2418 magis
385 2381 543 2407 accensa
556 2369 610 2405 vis
625 2369 729 2406 venti
747 2376 858 2414 esset,
878 2370 961 2423 ipso
978 2368 1059 2416 illo,
1074 2383 1150 2421 quo

99 2430 205 2470 Vm..
226 2432 279 2470 11.
601 2433 636 2470 L
