1527 2661
313 190 467 218 LIBER
492 189 637 218 xx1v.
671 189 761 218 cAP
786 191 903 219 VIII.
1085 189 1169 234 379

9 324 11 330 ,
59 279 154 314 suit:
191 278 277 314 inde
305 278 471 314 Romam
500 278 741 314 comitiorum
771 291 902 314 caussa
930 279 1098 321 veniens,
1128 280 1167 314 in
1185 283 1223 312 U.
1238 283 1274 313 C.
1290 288 1363 318 537.

10 372 11 375 ,
57 354 155 384 eum,
177 354 288 390 quem
315 342 478 390 primum
504 342 601 377 diem
624 341 854 377 comitialem
880 341 1028 384 habuit,
1050 343 1167 377 comi·
1180 327 1219 355 Α·
1236 326 1273 385 εξ
1290 332 1363 385 ‚²¹⁵¹

9 411 10 433 ἱ
55 405 108 440 tia
126 405 267 448 edixit5
301 411 413 452 atque
441 418 486 440 ex
514 406 648 441 itinere
674 411 810 454 praeter
839 405 967 441 urbem
998 406 1038 440 in
1067 418 1167 441 cam-
1181 381 1372 453 §33:13¹ngae

8 482 9 489 ¹
55 480 144 517 pum
173 468 378 504 descendit.
424 469 485 505 Eo
508 469 568 504 die
587 481 702 517 quum
728 480 808 504 sors
834 470 1093 518 praerogativae
1112 470 1167 504 A-

7 566 8 569 ,
54 530 388 581 niensijuuiorum
408 533 559 574 exisset,
582 544 699 580 eaque
718 531 763 567 T.
778 531 1000 575 Otacilium,
1021 531 1078 568 ΞΜ.
1095 531 1167 567 AE-

55 594 201 630 milium
223 595 417 644 Regillum
447 595 619 632 consules
649 596 803 638 diceret,
834 601 915 632 tum
944 597 992 635 Q.
1012 596 1167 639 Fabius,

5 704 6 713 ἵ
54 658 206 694 silentio
226 659 344 702 facto,
366 659 433 695 tali
453 660 626 695 oratione
647 664 703 694 est
723 672 810 695 usus
827 675 834 695 ε

106 721 220 758 VIII.
253 722 296 757 Si
321 728 385 758 aut
409 735 538 771 pacem
563 725 599 758 in
628 724 755 765 Italia,
786 728 850 759 aut
874 724 1003 759 bellum
1029 736 1108 759 cum
1131 736 1169 760 eo
1182 726 1269 775 Fabij
1286 734 1350 755 cos,

4 801 5 808 ¹
52 786 148 821 hoste
173 786 390 827 haberemus,
413 789 447 822 in
468 799 535 834 quo
560 788 784 834 negligentiae
809 787 923 823 laxior
949 789 1044 823 locus
1069 793 1168 830 esset,
1181 769 1356 850 ἓὲῗξὲίἒὲε

53 850 114 897 qui
132 851 256 884 vestris
271 850 412 892 studiis,
435 862 512 897 quae
531 852 566 885 in
583 862 747 898 campum
766 852 815 886 ad
832 851 1069 892 mandandos,
1091 854 1168 898 qui·
1183 863 1301 892 magna
1311 859 1387 882 cura

51 912 112 948 bus
133 913 261 955 velitis,
282 912 430 949 honores
454 913 618 961 adfertis,
647 926 785 950 moram
807 915 920 950 ullam
949 914 1115 963 obferret,
1142 917 1172 950 'is
1183 907 1263 928 ⁰⁰⁵⁵·

51 979 140 1015 mihi
163 991 296 1027 parum
319 981 515 1015 meminisse
538 981 720 1016 videretur
743 985 865 1016 vestrae
888 981 1085 1016 libertatis:
1113 982 1174 1016 sed

0 1052 1 1071 1
51 1055 161 1092 quum
181 1044 216 1078 in
235 1043 300 1078 hoc
319 1042 423 1085 bello,
445 1045 482 1078 in
502 1043 567 1080 hoc
585 1044 696 1088 hoste,
714 1055 911 1092 numquam
929 1044 972 1079 ab
990 1044 1065 1079 ullo
1085 1044 1174 1079 duce

52 1108 128 1142 sine
152 1108 286 1153 ingenti
309 1111 432 1142 nostra
457 1108 559 1142 clade
579 1113 738 1143 erratum
762 1109 822 1149 sit,
846 1108 964 1142 eadem
989 1119 1049 1143 vos
1071 1119 1171 1150 cura,

52 1181 125 1217 qua
153 1171 190 1204 in
219 1171 330 1205 aciem
360 1172 492 1206 armati
521 1172 743 1213 descenditis,
770 1173 861 1206 inire
887 1172 1100 1220 szffragiurri
1125 1172 1174 1206 ad

54 1234 223 1269 creandos
256 1234 413 1269 consules
445 1235 556 1276 decet,
587 1239 623 1269 et
657 1234 722 1269 sibi
752 1236 803 1269 sic
830 1246 1002 1282 quemque
1034 1236 1173 1278 (licere,-

53 1296 255 1332 Hannibali
282 1298 493 1344 imperatori
518 1309 647 1345 parem
678 1298 853 1333 consulem
881 1299 1036 1333 nomino.
1093 1298 1175 1333 Hoc

54 1373 149 1398 anno
177 1363 226 1398 ad
261 1362 422 1410 Capuam
451 1363 608 1400 Jubellio
645 1364 792 1399 Taurea>
823 1363 1008 1409 Campano
1037 1374 1173 1397 summo

53 1427 164 1473 equiti
177 1429 389 1474 provocanti
405 1439 562 1463 summus
578 1427 763 1463 Romanus
782 1437 885 1474 eques
903 1426 1044 1461 Asellus
1062 1425 1171 1460 Clau-

53 1489 135 1524 dius
153 1494 204 1525 est
222 1490 409 1537 obpositus.
456 1492 633 1526 Adversus
658 1490 819 1531 Gallum,
844 1490 1024 1536 quondam
1040 1500 1172 1536 provo-

52 1558 192 1589 cantem
210 1556 248 1589 in
271 1559 380 1601 ponte
394 1555 552 1596 Anienis,
580 1555 620 1590 T.
637 1553 833 1595 IIIanlium,
842 1553 1020 1601 fidentem
1039 1556 1074 1587 et
1092 1553 1172 1586 ani-

53 1629 112 1652 mo
131 1623 165 1652 et
182 1618 326 1660 viribus,
344 1620 467 1654 misere
485 1617 636 1664 majores
653 1619 777 1653 nostri.
823 1616 874 1651 Ob
893 1617 1051 1651 eamdem
1070 1627 1173 1650 caus-

53 1692 131 1715 sam
153 1680 251 1716 haud
275 1682 397 1716 multis
415 1683 519 1716 annis
538 1685 618 1728 post
636 1680 755 1728 fuisse
780 1691 850 1715 non
875 1680 1090 1726 negaverim,
1112 1689 1174 1713 cur

55 1744 109 1779 M.
135 1743 276 1778 Valerio
304 1756 375 1779 non
404 1745 639 1791 diffideretur,
661 1745 829 1779 adversus
852 1744 1016 1778 similiter
1040 1754 1174 1790 provo-

53 1812 195 1842 cantem
215 1818 317 1842 arma
337 1809 490 1854 capienti
515 1808 661 1842 Gallum
682 1808 731 1842 ad
753 1811 940 1841 certamen.
992 1805 1173 1855 Quemadf

54 1871 199 1905 ‘modum
212 1871 350 1917 pedites
367 1872 566 1918 equitesque
585 1875 761 1917 optamus,
781 1874 822 1905 ut
836 1869 1037 1909 validiores,
1057 1869 1088 1903 si
1106 1869 1173 1903 mi-

56 1945 135 1974 nus,
156 1937 197 1968 ut
219 1945 325 1980 pares
344 1933 435 1969 hosti
455 1934 641 1969 habeamus
653 1949 663 1977 3
696 1935 750 1969 ita
769 1934 852 1968 eluci
871 1932 1024 1968 hostium
1044 1943 1174 1979 parem

56 1998 307 2044 imperatorem
327 2009 535 2044 quaerumus.
592 1997 722 2039 Quum,
744 1999 803 2044 qui
823 2001 874 2032 est
891 2007 1048 2032 summus
1066 1996 1103 2030 in
1123 1995 1172 2029 ci-

56 2063 168 2096 vitate
196 2062 280 2102 dux,
312 2073 392 2096 eum
423 2062 632 2108 legerimus5
667 2066 785 2096 tamen
813 2064 955 2108 repente
983 2060 1104 2099 lectus,
1135 2059 1174 2094 in

56 2137 188 2160 annum
207 2129 360 2166 creatus,
378 2126 544 2160 adversus
560 2130 711 2160 veterem
730 2137 772 2161 ac
789 2129 1000 2172 perpetuum
1018 2124 1172 2169 impera-

57 2193 168 2224 torem
194 2189 473 2235 comparabitur,
500 2189 611 2224 nullis
634 2200 746 2236 neque
770 2189 950 2235 temporis,
978 2197 1088 2232 neque
1107 2184 1172 2231 ju-

4 2241 8 2244 ’
58 2253 106 2286 ris
126 2252 294 2287 inclusum
325 2254 509 2299 angustiis,
532 2264 599 2300 quo
627 2254 741 2288 minus
767 2254 819 2287 ita
838 2252 959 2286 omnia
982 2254 1086 2296 gerat
1105 2250 1170 2283 ud-

57 2313 311 2365 ministretque,
339 2320 378 2352 ut
407 2320 567 2364 tempora
591 2315 826 2365 postulabunt
851 2314 956 2351 belli:
984 2312 1078 2350 nobis
1107 2323 1171 2348 au-
