1527 2661
114 282 202 313 U.C.
221 289 292 314 535.

110 326 151 356 A.
166 326 202 356 C.
220 333 292 361 217.

112 382 266 422 Prodigia.

120 1823 196 1854 Proc
202 1828 297 1853 urata.

306 175 386 219 228
751 187 797 216 T.
823 187 955 216 L1v11

305 277 486 324 concipere
499 287 612 324 posse.
654 275 858 324 Augebant
877 281 1018 312 metum
1037 273 1210 324 prodigia
1227 286 1274 311 ex
1290 274 1408 325 pluri-

304 339 373 376 bus
403 340 512 376 simul
540 340 632 376 locis
662 341 866 376 nunciata:
907 340 946 375 in
976 338 1103 375 Sicilia
1130 338 1312 375 militibus
1339 339 1407 376 ali-

304 410 397 453 quot
430 403 585 453 spicula,
617 404 655 438 in
690 404 861 439 Sardinia
891 409 1015 439 autem
1044 403 1083 437 in
1111 414 1219 438 muro
1249 403 1409 440 circum-

303 468 406 503 eunti
426 466 572 514 vigilias
593 467 709 515 equiti
730 467 950 516 scipionem,
967 478 1077 514 quem
1092 478 1206 501 manu
1220 471 1407 510 tenuerat,

302 532 450 573 arsisse,
483 537 519 565 et
550 530 663 565 litora
693 530 831 566 crebris
864 529 1015 578 ignibus
1044 528 1206 571 fulsisse,
1236 535 1274 564 et
1301 536 1409 566 scuta

303 595 377 630 duo
397 594 579 642 sanguine
605 594 770 637 sudasse,
798 599 835 629 et
854 593 990 629 milites
1019 593 1200 642 quosdam
1218 593 1314 628 ictos
1334 593 1409 630 ful-

302 658 480 701 minibus,
509 664 545 693 et
572 658 659 694 solis
688 658 818 694 orbem
844 658 962 693 minui
985 657 1125 692 visum:
1162 662 1200 692 et
1218 657 1409 693 Praeneste

303 723 474 758 ardentes
495 722 636 772 lapides
664 722 762 758 coelo
785 722 980 757 cecidisse:
1015 728 1052 756 et
1070 721 1182 770 Arpis
1202 733 1349 770 parmas
1369 722 1410 756 in

304 786 402 822 coelo
421 786 534 830 visas,
554 793 860 836 pugnantemque
879 798 963 822 cum
991 784 1081 821 luna
1101 784 1218 820 solem
1236 798 1243 820 :
1275 790 1312 820 et
1336 785 1410 821 Ca-

301 863 408 901 penae
435 851 523 887 duas
554 852 716 887 interdiu
744 850 851 886 lunas
881 857 1009 886 ortas:
1042 855 1079 885 et
1105 861 1220 897 aquas
1247 849 1411 885 Caeretes

302 915 486 964 sanguine
506 916 641 950 mixtas
668 915 818 951 fluxisse
836 930 845 959 3
878 914 1097 962 fontemque
1116 913 1239 962 ipsum
1262 912 1412 949 Hercu-

302 978 348 1014 lis
371 979 532 1014 cruentis
554 991 725 1014 manasse
745 990 914 1028 sparsum
933 976 1089 1013 maculis
1106 990 1113 1011 :
1146 983 1183 1012 et
1201 976 1241 1011 in
1264 976 1413 1012 Antiati

305 1042 532 1079 metentibus
554 1049 727 1077 cruentas
754 1043 792 1077 in
815 1041 967 1077 corbem
993 1042 1113 1091 spicas
1139 1040 1343 1076 cecidisse:
1375 1045 1414 1076 et

304 1106 460 1143 Faleriis
482 1105 619 1142 coelum
639 1105 728 1141 findi
748 1106 849 1141 velut
870 1118 1008 1154 magno
1025 1105 1132 1140 hiatu
1146 1105 1287 1150 visum;
1320 1117 1414 1153 qua-

305 1187 377 1223 que
411 1174 588 1223 patuerit,
627 1173 759 1220 ingens
792 1172 918 1208 lumen
953 1172 1157 1208 effulsisse:
1198 1178 1317 1207 sortes
1347 1184 1416 1208 sua

304 1245 441 1288 sponte
461 1237 698 1279 adtenuatas,
718 1249 906 1285 unamque
927 1236 1122 1279 excidisse,
1143 1236 1197 1271 ita
1215 1236 1413 1286 scriptam:

302 1302 478 1340 RIAVORS
500 1313 640 1337 TELUM
665 1313 777 1336 SUUM
801 1312 1033 1336 CONCUTJT:
1063 1306 1100 1336 et
1117 1312 1183 1350 per
1201 1300 1301 1335 idem
1319 1306 1416 1336 tem-

304 1379 374 1416 pus
404 1365 539 1401 Romae
566 1365 716 1412 signum
745 1364 883 1399 Martis
909 1365 1035 1414 Appia
1059 1364 1120 1399 via
1145 1364 1193 1399 ad
1218 1362 1417 1400 simulacra

306 1429 481 1479 luporum
505 1428 682 1464 sudasse:
716 1434 753 1462 et
780 1428 919 1477 Capuae
947 1427 1110 1476 speciem
1137 1426 1224 1462 coeli
1250 1426 1415 1463 ardentis

305 1494 436 1535 fuisse,
456 1492 628 1540 lunaeque
647 1492 746 1526 inter
764 1490 922 1526 imbrem
942 1490 1121 1525 cadentis.
1177 1489 1272 1525 Inde
1292 1491 1418 1527 mino-

307 1560 410 1596 ribus
439 1559 552 1594 etiam
579 1558 681 1593 dictu
706 1556 887 1606 prodigiis
912 1556 1001 1591 fides
1024 1555 1172 1590 habita:
1206 1568 1336 1604 capras
1361 1556 1416 1592 la-

308 1630 416 1660 natas
437 1621 660 1670 quibusdam
679 1620 813 1662 factas,
841 1626 877 1655 et
903 1619 1082 1668 gallinam
1101 1620 1140 1654 in
1160 1632 1314 1662 marem,
1336 1620 1417 1669 gal-

309 1686 387 1722 lum
407 1687 445 1721 in
464 1685 645 1720 feminam
665 1696 744 1719 sese
764 1684 929 1719 vertisse.
970 1682 1058 1725 His,
1078 1684 1176 1719 sicut
1194 1690 1301 1719 erant
1319 1697 1418 1720 nun-

311 1752 422 1793 ciata,
442 1749 636 1798 expositis,
654 1747 945 1796 auctoribusque
963 1748 1002 1782 in
1018 1748 1159 1783 curiam
1177 1747 1417 1791 introductis,

312 1813 443 1851 consul
463 1813 507 1848 de
528 1812 710 1860 religione
736 1811 866 1846 Patres
889 1810 1089 1847 consuluit.
1136 1810 1356 1854 Decretum,
1377 1817 1419 1847 ut

312 1891 356 1914 ea
384 1876 570 1926 prodigia,
600 1875 736 1924 partim
766 1873 972 1924 majoribus
997 1874 1146 1917 hostiis,
1176 1875 1314 1923 partim
1342 1874 1420 1911 lac—

311 1940 494 1981 tentibus,
524 1944 837 1988 procurarentur:
877 1944 914 1972 et
941 1938 995 1972 uti
1022 1937 1247 1986 supplicatio
1266 1951 1332 1987 per
1350 1939 1419 1974 tri-

313 2005 426 2040 duum
448 2003 495 2038 ad
514 2002 642 2036 onmia
661 2000 870 2049 pulvinaria
888 2000 1101 2036 haberetur.
1134 2001 1283 2043 Cetera,
1304 2014 1420 2049 quum

315 2067 514 2104 decemviri
541 2065 656 2101 libros
680 2064 945 2114 inspexissent,
972 2071 1013 2099 ut
1038 2065 1093 2099 ita
1117 2063 1263 2106 fierent,
1289 2077 1420 2113 quem—

317 2131 518 2169 admodum
549 2129 652 2165 cordi
682 2141 762 2164 esse
788 2128 879 2164 Divi
910 2128 1137 2164 carminibus
1160 2128 1420 2177 praefarentur.

315 2195 627 2232 Decemvirorum
656 2193 803 2228 monitu
830 2192 1018 2227 decretum
1048 2198 1118 2234 est,
1145 2191 1233 2227 ,lovi
1259 2192 1422 2240 primum

318 2260 458 2296 donum
485 2257 628 2294 fulmen
657 2269 810 2293 aureum
838 2256 966 2306 pondo
991 2256 1265 2305 quinquaginta
1289 2255 1419 2301 fieret3

318 2324 462 2360 Junoni
486 2323 743 2372 Minervaeque
772 2334 819 2358 ex
845 2327 1004 2369 argento
1031 2320 1131 2357 dona
1156 2320 1352 2357 darentur:
1384 2326 1421 2356 et

1500 0 1511 80 -r-z-z.

1519 275 1524 298 Α,
1507 113 1525 265 ,»ᾼ»«ι“α·ὒ“’
