1527 2661
306 198 465 228 LIBER
491 195 638 226 XXVI.
671 193 778 224 CAP.
802 193 934 223 xxu.
1092 191 1172 235 531

55 286 179 338 Super
203 287 284 323 haec
309 286 494 323 exercitus
520 283 718 320 Romanus
742 282 874 324 iratus,
906 281 1044 330 partim
1075 279 1177 329 quod
1192 287 1280 317 U.C.
1299 294 1369 318 541.

56 365 143 388 cum
171 352 397 402 imperatore
432 362 512 386 non
540 349 713 385 devectus
750 360 797 383 ex
833 345 1027 396 provincia
1064 351 1176 388 esset,
1190 332 1229 361 Α·
1245 330 1282 362 C·
1299 338 1374 362 ²¹¹·

58 417 196 467 partim
215 416 317 465 quod
343 416 380 452 in
401 413 549 465 oppidis
574 412 776 449 hibernare
794 410 902 446 vet-iti
928 416 1050 452 erant,
1071 410 1179 458 segni

55 480 316 530 fungebantur
331 479 489 516 militia:
520 478 716 527 magisque
732 476 785 512 cis
806 480 939 512 auctor
958 474 1006 510 ad
1021 474 1177 510 seditio·

55 558 158 588 nem,
179 558 293 594 quam
321 546 482 587 animus,
513 544 651 580 deerat.
708 540 815 577 Inter
844 539 911 575 has
938 537 1176 576 difficultates

57 608 114 646 M.
129 608 327 646 Cornelius
357 614 498 659 praetor
516 613 554 643 et
582 605 746 642 militnm
775 604 938 646 animos,
958 615 1060 639 nunc
1086 615 1178 639 con·

57 673 233 717 solando,
248 686 356 710 nunc
385 672 622 721 castigando,
647 670 805 712 sedavit,
827 675 865 705 et
894 667 1066 705 civitates
1096 680 1177 704 οῐῐι-ε

59 750 141 782 neS‚
162 751 244 788 quae
265 737 494 780 defecerant,
522 736 561 772 in
581 735 766 772 ditionem
792 732 959 782 redegit:
993 738 1106 781 atque
1127 744 1179 768 ex

56 802 117 838 his
136 801 398 852 Murgantiam
426 799 626 849 Hispanis,
646 798 782 848 quibus
812 796 901 833 urbs
931 807 1096 846 agerque
1115 795 1177 832 de-

58 865 234 908 bebatur,
255 878 302 901 ex
316 862 652 901 senatusconsulto
672 860 867 898 adtribuit.

114 930 253 967 XXII.
274 928 473 972 Consules,
490 940 607 977 quum
622 926 736 963 ambo
751 924 931 975 Apuliam
946 925 1180 975 provinciam

60 993 259 1038 haberent,
280 994 478 1042 minusque
496 991 581 1042 jam
599 990 754 1027 terroris
780 1002 802 1026 a
821 988 950 1025 Poenis
971 994 1010 1025 et
1029 988 1182 1025 Hanni-

58 1057 146 1095 bale
161 1064 273 1101 esset,
290 1057 416 1094 sortiri
425 1055 523 1107 jussi
538 1054 719 1105 Apuliam
732 1052 1077 1104 Macedoniamque
1091 1066 1180 1106 pro-

59 1123 216 1159 vincias.
273 1120 441 1171 Sulpicio
466 1118 698 1156 Macedonia
726 1118 867 1160 evenit,
895 1118 1003 1167 isque
1021 1117 1183 1156 Laevino

61 1186 257 1223 successit.
309 1183 481 1227 Ful-vius,
501 1183 667 1220 Romam
695 1182 940 1218 comitiorum
952 1195 1094 1224 caussa
1119 1195 1180 1219 ar-

65 1250 237 1293 cessitus,
258 1261 374 1298 quum
393 1247 549 1284 comitia
567 1245 787 1282 consulibus
808 1245 989 1295 rogandis
1009 1246 1181 1291 haberet,

58 1314 317 1366 ,praerogativa
332 1312 490 1349 Veturia
498 1310 696 1362 juniorum
712 1310 917 1348 declaravit
932 1310 978 1348 T.
991 1310 1182 1349 Manlium

65 1378 303 1428 Torquatum
326 1384 364 1413 et
385 1376 431 1413 Τ.
445 1375 665 1412 Otacilium.
722 1374 906 1418 Manlius,
927 1375 991 1424 qui
1017 1387 1181 1426 praesens
1193 1377 1340 1409 Manlius

64 1450 160 1486 erat,
181 1441 396 1492 gratulandi
426 1453 558 1477 caussa
577 1453 692 1489 quum
719 1439 832 1476 turba
860 1439 994 1483 coiret,
1024 1453 1093 1477 nec
1112 1440 1182 1477 du.-
1195 1421 1345 1496 ξὲἓῗῗὲῒ

64 1507 149 1544 bius
166 1512 264 1542 esset
276 1517 481 1542 consensus
498 1503 796 1554 populi,-magna
808 1503 1056 1540 circumfusus
1073 1505 1185 1543 turba
1196 1514 1297 1539 cusat.

66 1572 113 1610 ad
141 1570 308 1608 tribunal
337 1568 501 1606 consulis
531 1569 657 1614 venit3
691 1569 876 1619 petitque,
897 1575 940 1605 ut
967 1582 1090 1620 pauca
1117 1582 1186 1607 sua

62 1637 181 1675 verba
194 1636 354 1678 audiret,
371 1634 667 1683 centuriamque,
686 1646 768 1683 quae
785 1633 934 1671 tulisset
943 1634 1186 1684 suffragium,

64 1702 234 1740 revocari
263 1699 429 1750 juberet.
485 1698 633 1734 Erectis
670 1698 847 1735 omnibus
885 1701 1185 1749 exspectatione,

58 1765 246 1816 >quidnam
274 1762 532 1813 postulaturus
561 1768 672 1805 esset,
699 1762 902 1798 oculorum
929 1763 1186 1801 valetudinem

58 1828 269 1867 excusavit.
318 1827 553 1875 Inpudentem
579 1831 614 1862 et
632 1827 907 1875 gubernatorem
929 1833 965 1863 et
991 1829 1185 1877 imperato-

65 1908 141 1933 rem
160 1906 243 1937 esse,
265 1894 337 1941 qui,
359 1905 466 1941 quum
481 1893 609 1929 alienis
627 1893 738 1929 oculis
756 1894 789 1929 ei
807 1895 927 1930 onmia
941 1896 1081 1942 agenda
1097 1898 1184 1939 sint,

62 1960 222 2011 postulet
238 1958 305 1994 sibi
319 1959 473 1994 altorum
490 1960 613 2006 capita
631 1971 674 1995 ac
685 1958 866 2007 fortunas
884 1962 1083 1998 committi:
1096 1974 1184 2010 pro-

66 2026 163 2067 inde,
183 2025 214 2060 si
230 2023 427 2065 videretur,
447 2027 483 2058 et
501 2023 619 2058 redire
636 2024 675 2058 z'n
692 2024 904 2073 suffragium
925 2024 1109 2061 Veturiam
1118 2024 1185 2072 ju-

65 2092 210 2126 niorum
219 2086 376 2135 juberet,
392 2092 427 2123 et
440 2089 653 2125 meminisset
672 2090 709 2124 in
724 2089 921 2125 consulibus
935 2091 1098 2127 creandis
1111 2091 1184 2128 bel-

69 2156 110 2199 li,
131 2155 226 2203 quod
250 2156 286 2190 in
307 2153 419 2189 Italia
444 2155 504 2196 sit,
534 2158 800 2202 temporumque
820 2155 1038 2203 reipublicae.
1095 2156 1183 2192 Vix-

69 2220 155 2255 dum
172 2219 346 2267 requiesse
363 2229 467 2253 aures
484 2230 507 2253 a
533 2219 684 2266 strepitu
707 2223 748 2254 et
778 2220 934 2255 tumultu
962 2219 1096 2262 hostili,
1118 2233 1186 2269 quo

66 2294 203 2333 paucos
224 2287 307 2319 ante
334 2294 466 2318 menses
493 2283 695 2319 adsederint
722 2295 833 2332 prope
860 2286 987 2321 moenia
1006 2285 1186 2321 Romana.

66 2347 163 2384 Post
183 2347 265 2384 haec
284 2359 399 2397 quum
428 2347 598 2383 centuria
616 2346 791 2397 frequens
818 2347 1103 2393 subclamasset,
1123 2351 1177 2384 ni-

570 2411 604 2447 A
624 2423 646 2448 a
662 2411 688 2447 2
