1527 2661
280 142 367 195 560
744 155 791 184 T.
815 156 948 185 1,1v11

89 240 130 269 U.
142 240 177 270 C-
197 248 271 274 542.
283 242 534 290 discrepantes,
549 254 664 290 prope
681 247 722 279 ut
742 242 936 292 defecerint
954 245 1021 281 alii
1039 245 1083 282 ab
1101 246 1197 290 aliis,
1218 247 1408 297 trifariam

87 285 126 314 A.
141 283 178 315 C.
196 292 270 320 210.

79 1938 243 1977 Karthago

75 1982 170 2012 Nova
184 1982 241 2012 ob-

78 2032 231 2066 pugnata.

281 307 474 343 exercitum
495 308 530 342 in
550 307 808 343 diversissimas
824 310 983 355 regiones
1002 310 1210 347 distraxere.
1267 313 1409 350 Eadem

280 373 317 407 in
337 372 417 407 illos
445 372 582 419 ingruit
599 371 773 420 fortuna,
794 385 873 420 quae
900 385 1015 422 nuper
1041 387 1104 411 nos
1129 376 1295 426 adflixit:
1321 388 1407 415 nam

279 440 314 471 et
331 436 543 472 deseruntur
571 435 615 470 ab
642 437 758 479 sociis,
779 441 820 473 ut
845 439 949 484 prius
977 438 1022 474 ab
1052 438 1234 476 Celtiberis
1257 453 1344 478 nos:
1369 446 1408 478 et

279 501 497 536 diduxerunt
516 502 689 537 exercitus
699 518 712 545 ,-
743 514 820 549 quae
834 504 937 550 patri
960 508 1167 552 patruoque
1184 517 1263 542 meo
1281 517 1407 542 caussa

276 567 378 602 exitii
395 565 491 614 fuit.
536 566 612 601 Nec
632 567 810 603 discordia
837 568 1010 604 intestina
1028 571 1122 605 coire
1140 581 1197 605 eos
1225 571 1263 606 in
1293 582 1407 607 unum

273 631 380 673 sinet,
402 643 514 679 neque
540 632 673 678 singuli
698 632 796 668 nobis
814 634 976 669 resistere
997 638 1182 681 poterunt.
1244 634 1312 671 Vos
1327 647 1405 672 mo-

275 696 336 738 do,
356 697 501 739 milites,
519 695 651 745 fitz-ete
670 699 805 734 nomini
825 697 1049 746 Scipionum,
1069 699 1182 736 soboli
1206 700 1404 748 imperato-

271 773 354 796 rum
366 766 576 804 vestrorum,
591 764 689 799 velut
701 764 833 800 adcisis
846 765 1056 803 recrescenti
1067 764 1248 813 stirpibus.
1278 766 1402 814 Agite,

272 827 406 863 milites
424 833 569 870 veteres,
591 840 724 865 novum
748 831 941 865 exercitum
959 842 1160 879 novumque
1177 831 1302 867 ducem
1324 835 1403 867 tra·

273 891 393 928 ducite
413 892 568 935 Iberum,
591 894 769 929 traducite
793 895 832 929 in
859 898 974 930 terras
991 906 1072 931 cum
1099 895 1225 931 multis
1241 893 1406 943 fortibus

264 954 385 1004 factis
397 969 491 1005 soepe
509 970 532 993 α
547 958 643 993 vobis
654 961 883 1005 peragratas.
922 957 1032 992 Brevi
1036 958 1197 1005 faciam,
1212 963 1268 1001 ut,
1282 972 1404 1007 quem-

274 1022 469 1057 admodum
503 1033 599 1057 nunc
626 1021 810 1056 noscitatis
834 1022 872 1056 in
900 1032 956 1056 me
980 1022 1100 1067 patris
1124 1024 1320 1070 patruique
1353 1026 1404 1060 si-

272 1086 514 1122 militudinem
534 1088 606 1122 oris
623 1086 827 1133 vultusque,
848 1089 884 1121 et
904 1085 1121 1122 lineamenta
1139 1088 1323 1135 corporis‚·
1351 1089 1406 1124 ita

273 1150 420 1197 ingenii,
429 1150 539 1199 fidei,
558 1151 774 1198 virtutisque
798 1150 1000 1198 exemplum
1025 1161 1224 1199 expressam
1251 1152 1301 1187 ad
1324 1150 1404 1201 effi-

268 1215 365 1262 giem
382 1215 478 1250 vobis
496 1216 661 1258 reddam,
683 1219 724 1250 ut
748 1215 924 1258 remisse,
946 1219 1011 1251 aut
1035 1220 1203 1252 renatum
1218 1215 1287 1252 sibi
1304 1217 1402 1265 quis-

273 1291 340 1326 que
359 1279 564 1327 Scipionem
584 1281 838 1328 imperatorem
857 1280 970 1315 dicat.

327 1342 461 1380 XLII.
491 1343 580 1380 Hac
599 1344 776 1380 oratione
795 1343 964 1380 accensis
982 1342 1147 1380 militum
1166 1343 1318 1388 animis,
1338 1356 1400 1381 re-

271 1405 365 1442 licto
385 1407 433 1443 ad
453 1407 670 1456 praesidium
696 1407 864 1456 regionis
885 1406 966 1457 ejus
985 1407 1043 1444 M.
1057 1407 1203 1452 Silano,
1224 1421 1310 1445 cum
1328 1409 1400 1445 tri-

272 1470 343 1508 bus
363 1471 530 1508 millibus
557 1472 728 1522 peditum
749 1479 788 1508 et
816 1473 998 1508 trecentis
1027 1472 1232 1521 equitibus,
1254 1479 1400 1510 ceteras

273 1547 405 1572 omnes
440 1536 569 1586 copias
603 1537 732 1583 (erant
762 1541 889 1571 autem
920 1536 1055 1584 viginti
1085 1537 1251 1585 quinque
1279 1536 1400 1573 millia

271 1600 457 1651 peditum,
491 1601 567 1637 duo
596 1600 716 1637 millia
744 1608 782 1637 et
811 1601 1011 1651 quingenti
1048 1603 1212 1651 equites)
1245 1602 1400 1639 Iberum

271 1665 435 1717 trajecit.
492 1666 552 1703 Ibi
583 1665 808 1715 quibusdam
837 1665 1098 1709 suadentibus,
1131 1672 1186 1709 ut,
1216 1667 1398 1715 quoniam

271 1731 310 1768 in
329 1738 406 1768 tres
427 1739 505 1768 tam
526 1732 690 1768 diversas
710 1732 885 1779 regiones
902 1731 1163 1767 discessissent
1177 1730 1313 1768 Punici
1333 1743 1399 1768 ex-

272 1796 425 1839 ercitus,
449 1797 667 1846 proximum
693 1796 976 1845 adgrederetur,
996 1794 1204 1846 periculum
1231 1807 1312 1832 esse
1338 1808 1399 1832 ra-

271 1866 347 1903 tus,
368 1873 416 1896 ne
436 1873 481 1896 eo
501 1859 605 1896 facto
626 1861 664 1896 in
682 1872 798 1896 unum
814 1872 945 1896 omnes
967 1859 1224 1902 contraheret,
1241 1871 1311 1895 nec
1330 1871 1398 1910 par

273 1931 372 1961 esset
392 1937 488 1960 unus
509 1931 569 1960 tot
594 1924 837 1966 exercitibus,
858 1923 1141 1972 Karthaginem
1159 1923 1313 1959 Novam
1337 1924 1398 1960 in·

275 1990 384 2026 terim
411 1989 634 2039 obpugnare
662 1989 819 2034 statuit3
853 1988 986 2025 urbem
1006 2001 1121 2037 quum
1150 1989 1271 2038 ipsam
1300 2000 1397 2038 opu·

273 2054 418 2091 lentam
437 2055 513 2090 suis
535 2053 685 2104 opibus,
709 2061 789 2089 tum
810 2054 978 2089 hostium
998 2053 1103 2089 omni
1121 2051 1260 2088 bellico
1280 2052 1396 2102 adpa-

273 2125 358 2154 ratu
377 2117 553 2169 plenam3
591 2117 660 2165 (ibi
681 2130 799 2159 arma,
822 2117 874 2153 ibi
895 2117 1069 2167 pecunia,
1090 2115 1145 2152 ibi
1163 2116 1282 2152 totius
1302 2115 1396 2151 His-

272 2183 396 2233 paniae
423 2182 573 2218 obsides
604 2183 730 2228 eraut)
764 2183 875 2218 sitam
902 2188 1085 2232 praeterea
1113 2193 1228 2230 quum
1255 2192 1396 2230 oppor-

274 2254 365 2284 tune
387 2248 434 2284 ad
453 2246 721 2297 trajiciendum
741 2247 779 2282 in
800 2247 985 2289 Africam,
1012 2253 1094 2282 tum
1113 2257 1225 2295 super
1244 2251 1396 2294 portum

275 2313 364 2349 satis
385 2312 555 2363 amplum
575 2312 784 2362 quantaevis
805 2311 930 2356 classi,
952 2317 989 2348 et
1010 2310 1138 2348 nescio
1154 2322 1202 2347 an
1224 2321 1339 2346 unum
1357 2309 1397 2345 in
