1527 2661
35 357 37 364 Ι
84 323 147 346 mo
167 311 259 360 eripi
273 316 397 360 coepta
418 309 631 358 signiferis3
665 309 799 345 deinde
818 309 890 358 ipsi
910 307 1081 357 signiferi
1101 309 1199 344 trahi

34 415 35 425 ἵ
84 374 129 410 ad
159 374 367 417 consulem,
403 374 613 420 armatique
642 373 781 409 milites
816 386 864 409 ex
897 373 977 408 acie
1011 372 1049 408 in
1079 373 1199 409 aciem

376 155 527 184 LIBER
554 154 624 184 1x.
657 155 764 184 CAP.
790 155 918 184 xmx.
1149 143 1202 198 65

85 253 150 282 aut
170 251 334 282 armatos
353 246 551 282 incurrunt
567 261 573 282 :
601 243 807 293 (mirabilia
826 244 927 280 dictu
942 242 972 288 ἶ)
995 244 1104 292 signa
1122 245 1199 294 pri-
1213 248 1306 323 {mg
1322 256 1398 279 445.

1246 315 1252 322 .
1297 299 1392 327 -807-

31 477 34 486 ¹
81 438 299 474 transferri:
334 444 385 482 et,
420 438 541 474 sicubi
578 445 635 474 est
672 444 879 480 certamen,
912 437 1027 472 scutis
1061 438 1196 485 magis,

80 514 193 550 quam
224 502 371 551 gladiis,
403 503 548 551 geritur
580 515 652 539 res.
696 501 939 539 Umbonibus
972 502 1199 550 incussaque

81 565 140 602 ala
159 572 379 602 sternuntur
398 567 530 602 hostes
547 580 553 601 :
586 565 669 616 plus
688 567 836 616 capitur
850 565 1064 608 hominum,
1085 577 1199 614 quam

81 629 258 665 caeditur:
292 636 405 678 atque
425 643 501 666 una
519 643 595 666 vox
614 642 756 679 ponere
776 642 880 666 arma
893 628 1114 679 jubentium
1133 642 1200 679 per

79 698 202 729 totam
230 693 351 729 fertur
380 694 512 730 aciem.
556 694 693 743 Itaque
721 695 822 730 inter
854 694 978 744 ipsum
1007 699 1199 729 certamen

77 756 180 794 facta
199 757 342 794 deditio
367 765 424 795 est
444 771 466 795 a
487 758 619 808 primis
649 757 867 794 auctoribus
897 756 1010 793 belli:
1043 763 1198 807 postero

76 821 440 870 insequentibusque
460 821 589 858 diebus
614 827 652 858 et
672 821 788 857 ceteri
807 820 1041 857 Umbrorum
1067 820 1196 870 populi

78 884 277 922 deduntur.
322 884 543 922 Ocriculani
575 886 782 936 sponsione
819 886 859 921 in
893 885 1099 921 amicitiam
1133 897 1195 921 ac-

21 966 23 974 i
73 950 188 1001 cepti.

128 1012 261 1051 XLII.
290 1013 445 1058 Fabius,
467 1014 598 1051 alienae
623 1015 735 1051 sortis
755 1014 878 1051 victor
896 1013 1000 1056 belli,
1021 1013 1059 1049 in
1089 1026 1195 1049 suam

75 1079 310 1127 provinciam
326 1079 534 1115 exercitum
552 1080 725 1116 reduxit:
749 1079 878 1128 itaque
897 1079 946 1122 ei,
967 1078 1017 1114 ob
1038 1091 1095 1114 res
1115 1086 1194 1115 tam

16 1152 17 1179 1
74 1141 236 1179 feliciter
265 1148 406 1191 gestas,
441 1143 539 1179 sicut
573 1144 700 1193 priore
738 1155 839 1179 anno
870 1143 1030 1193 populus
1069 1144 1194 1179 conti-

75 1211 259 1242 nuaverat
284 1205 549 1249 consulatum,
588 1207 644 1242 ita
675 1212 827 1242 senatus
861 1207 900 1241 in
930 1207 1193 1255 insequentem

76 1280 230 1310 annum,
258 1281 334 1317 quo
365 1269 440 1319 Ap.
464 1269 660 1313 Claudius,
688 1269 736 1306 L.
761 1269 986 1305 Volumnius
1017 1270 1191 1305 consules
1207 1274 1298 1304 U.C.
1315 1281 1388 1305 446.

73 1331 242 1375 fuerunt,
261 1334 496 1382 prorogavit,
518 1335 682 1370 maxime
702 1335 829 1384 Appio
858 1335 1093 1378 adversante,
1123 1335 1192 1371 im·
1205 1318 1244 1347 A·
1258 1318 1294 1347 C.
1313 1322 1388 1349 ‘³⁰⁶‘

73 1395 232 1445 perium.
271 1396 439 1446 Appium
466 1409 663 1433 censorem
690 1398 829 1447 petisse
853 1398 1106 1441 consulatum,
1128 1411 1193 1434 co-

73 1458 255 1507 mitiaque
281 1458 361 1509 ejus
392 1459 439 1496 ab
458 1459 506 1496 L.
527 1459 644 1496 Furio
673 1461 831 1497 tribuno
861 1461 982 1511 plebis
1014 1461 1194 1512 interpel-

72 1521 164 1565 lata,
187 1523 307 1559 donec
335 1537 374 1560 se
401 1537 561 1561 censura
586 1524 789 1568 abdicavit,
810 1526 849 1561 in
870 1525 1094 1574 quibusdam
1126 1539 1194 1562 an·

72 1585 221 1622 nalibus
243 1588 410 1624 invenio.
451 1589 610 1625 Creatus
640 1590 786 1632 consul,
809 1603 923 1639 quum
944 1589 1100 1638 collegae
1123 1602 1194 1625 no-

72 1662 160 1685 vum
190 1649 345 1694 bellum,
385 1652 585 1689 Sallentini
618 1654 745 1689 hostes
776 1654 1080 1697 decernerentur,
1110 1653 1192 1689 Ro·
1206 1658 1374 1707 Sallentini

72 1726 144 1749 mae
163 1715 316 1758 mansit,
338 1722 381 1751 ut
400 1716 554 1752 urbanis
575 1717 719 1753 artibus
741 1729 831 1766 opes
849 1723 1019 1765 augeret,
1041 1717 1193 1766 quando
1205 1709 1293 1733 men·

71 1776 162 1813 belli
182 1778 293 1814 decus
314 1792 428 1829 penes
451 1780 544 1816 alios
565 1788 675 1817 esset.
721 1781 969 1817 Volumnium
989 1782 1194 1832 provinciae

73 1841 174 1877 haud
193 1843 396 1892 poenitui't:
429 1844 550 1881 multa
565 1845 729 1882 secunda
749 1845 886 1896 proelia
901 1845 1014 1881 fecit:
1048 1845 1194 1895 aliquot

72 1905 183 1942 urbes
203 1907 371 1944 hostium
400 1909 437 1944 vi
460 1910 583 1959 cepit:
615 1910 748 1960 praedae
766 1919 847 1946 erat
873 1910 1046 1959 largitor,
1068 1917 1106 1946 et
1125 1910 1194 1946 be·

72 1969 301 2018 nignitatem
327 1984 395 2021 per
421 1985 460 2008 se
487 1980 635 2021 gratam
655 1975 836 2010 comitate
863 1974 1088 2024 adjuvabat:
1121 1975 1192 2010 mi-

71 2032 254 2083 litemque
285 2035 330 2070 iis
364 2035 508 2072 artibus
538 2036 679 2074 fecerat
715 2045 752 2074 et
784 2038 942 2088 periculi
976 2044 1014 2073 et
1051 2037 1191 2074 laboris

72 2097 235 2134 avidum.
279 2098 327 2137 Q.
347 2098 486 2135 Fabius
503 2101 707 2150 proconsul
726 2102 772 2138 ad
794 2103 925 2139 urbem
946 2102 1082 2138 Allifas
1105 2114 1191 2137 cum

73 2161 300 2198 Samnitium
326 2165 493 2200 exercitu
520 2166 637 2214 signis
666 2166 828 2203 conlatis
849 2167 1043 2215 confligit:
1076 2166 1189 2202 mini-
1202 2170 1362 2218 Samnites

71 2237 130 2261 me
156 2226 334 2275 ambigua
359 2241 417 2264 res
445 2229 530 2266 fuit.
573 2230 664 2267 Fusi
694 2231 838 2274 hostes,
860 2238 973 2280 atque
1000 2232 1038 2267 in
1065 2221 1287 2266 castrameu’

69 2290 276 2342 compulsi:
309 2305 378 2329 nec
399 2300 521 2331 castra
540 2295 667 2332 forent
688 2304 847 2340 retenta,
866 2297 905 2332 ni
926 2296 1103 2344 exiguum
1123 2306 1186 2331 su-
