1527 2661
479 154 633 183 LIBER
657 154 706 183 x.
739 154 846 183 cAP.
870 151 939 182 vr.
1213 139 1263 180 81

150 242 249 278 riore
268 241 354 278 loco
383 243 479 278 tueri
510 254 563 285 se,
585 249 650 278 aut
680 254 855 292 superare
885 241 1012 289 aliqua
1040 245 1078 275 et
1106 239 1263 276 evadere
1275 242 1365 272 U.C.
1382 249 1455 273 451.

148 312 316 356 possent.
358 305 473 341 Forte
503 306 666 354 quodam
696 305 782 341 loco
811 304 909 340 male
939 304 1116 339 densatus
1146 286 1364 352 agger‘A’C·
1382 292 1455 317 ³⁰²'

147 369 314 419 pondere
343 370 638 418 superstantium
662 370 701 404 in
720 368 862 404 fossam
890 366 1116 417 procubuit:
1150 374 1263 416 atque

147 445 192 469 ea
217 446 331 482 quum
361 433 465 469 Deos
496 434 659 483 pandere
689 433 787 469 viam
816 432 915 480 fugae
946 430 1261 475 conclamassent,

146 497 271 547 plures
298 498 474 540 inermes,
495 511 608 547 quam
628 497 777 540 armati,
799 497 973 533 evadunt.
1018 495 1106 532 Hoc
1126 495 1262 545 proelio

145 562 275 598 fractae
306 563 442 598 iterum
472 563 721 599 Etruscorum
753 563 871 598 vires:
907 568 958 605 et,
986 567 1100 612 pacto
1133 574 1261 597 annuo

146 627 349 677 stipendio,
380 633 418 663 et
446 628 562 663 dufim
592 628 778 663 mensium
801 627 1007 669 frumento,
1037 626 1260 675 permissum

145 691 191 727 ab
213 691 412 733 dictatore,
440 698 482 727 ut
502 691 546 726 de
572 704 664 741 pace
690 691 836 740 legatos
864 692 1058 726 mitterent
1084 689 1261 727 Romam.

143 755 225 791 Pax
245 762 406 804 negata:
439 755 600 791 induciae
620 755 764 791 biennii
784 756 905 791 datae:
938 755 1102 790 dictator
1126 754 1261 790 trium-

142 819 263 869 phans
292 819 331 854 in
360 817 492 855 urbem
527 818 649 855 rediit.
692 818 833 855 Habeo
865 824 1052 860 auctores,
1073 818 1153 853 sine
1184 817 1261 854 ullo

143 881 381 919 memorabili
409 882 546 933 proelio
574 888 751 932 pacatam
780 882 827 918 ab
852 882 1037 918 dictatore
1065 880 1260 918 Etruriam

143 959 239 990 esse,
270 946 520 983 seditionibus
552 953 701 982 tantum
728 947 992 982 Arretinorum
1021 946 1257 996 compositis,

141 1017 180 1046 et
199 1010 326 1047 Cilnio
342 1024 479 1060 genere
495 1025 581 1047 cum
600 1011 709 1061 plebe
729 1012 768 1046 in
784 1011 946 1060 gratiam
962 1010 1131 1047 reducto.
1153 1010 1256 1046 Con·

143 1075 200 1111 sul
227 1088 271 1111 ex
291 1076 478 1112 dictatura
496 1076 617 1112 factus
638 1074 694 1112 M.
715 1075 888 1111 Valerius
905 1089 912 1110 :
944 1087 1023 1110 non
1049 1080 1255 1124 petentem,

143 1146 255 1188 atque
275 1141 369 1176 adeo
396 1141 510 1176 etiam
538 1140 747 1183 absentem,
770 1146 938 1176 creatum
965 1139 1153 1176 credidere
1173 1140 1259 1189 qui-

142 1205 252 1250 dam,
285 1211 322 1240 et
340 1217 406 1254 per
431 1206 659 1253 interregem
687 1218 731 1240 ea
750 1206 905 1240 comitia
923 1204 1047 1240 facta:
1082 1204 1118 1239 id
1140 1216 1258 1239 unum

143 1280 219 1303 non
259 1267 476 1317 ambigitur,
516 1267 754 1304 consulatum
793 1280 877 1303 cum
911 1267 1101 1317 Appuleio
1132 1267 1259 1304 Pansa

137 1332 308 1379 gessisse.

190 1396 258 1433 VI.
288 1396 343 1433 M.
364 1396 519 1432 Valerio
552 1402 590 1432 et
611 1397 659 1436 Q.
679 1397 870 1447 Appuleio
901 1396 1134 1440 consulibus,
1163 1398 1252 1434 satis
1269 1407 1309 1437 U.
1325 1407 1360 1436 C,
1376 1414 1447 1437 45⁴2.

134 1468 277 1511 pacatae
297 1461 388 1497 foris
418 1474 475 1497 res
502 1461 618 1498 fuere.
661 1462 865 1498 Etruscum
895 1463 1049 1498 adversa
1078 1461 1165 1498 belli
1196 1450 1356 1498 1·esA·C⁴
1374 1457 1448 1481 ³⁰⁰·

137 1530 175 1560 et
194 1525 352 1561 induciae
369 1526 535 1574 quietum
556 1526 762 1562 tenebant:
798 1527 1019 1569 Samnitem,
1044 1526 1249 1563 multorum

137 1601 322 1624 annorum
352 1588 520 1625 cladibus
541 1590 741 1634 domitum,
768 1590 961 1626 hauddum
980 1590 1132 1626 foederis
1162 1592 1251 1626 novi

135 1653 359 1703 poenitebat.
401 1653 537 1690 Romae
557 1667 707 1703 quoque
733 1654 883 1704 plebem
903 1655 1069 1703 quietam
1096 1661 1134 1690 et
1161 1668 1251 1691 exo-

137 1723 307 1753 neratam
330 1717 490 1754 deducta
519 1719 556 1753 in
588 1718 756 1754 colonias
787 1719 991 1754 multitudo
1021 1719 1249 1768 praestabat:

136 1787 277 1824 tamen,
298 1794 345 1817 ne
375 1782 539 1831 undique
568 1782 781 1831 tranquillae
812 1795 868 1818 res
899 1789 1039 1826 essent,
1061 1790 1250 1820 certamen

134 1844 316 1895 injectum
336 1846 435 1882 inter
454 1848 636 1896 primores
657 1848 835 1890 civitatis,
857 1848 1035 1897 patricios
1060 1848 1250 1897 plebeios-

134 1921 220 1957 que,
241 1910 288 1946 ab
308 1910 469 1947 tribunis
489 1911 608 1962 plebis
630 1912 677 1950 Q.
699 1919 735 1947 et
756 1911 825 1948 Cn.
847 1911 1023 1960 Ogulniis
1041 1926 1047 1946 ε
1081 1913 1163 1960 qui..
1181 1925 1247 1948 un-
1263 1915 1432 1947 Certamen

1264 1967 1343 1989 mter
1359 1962 1452 1999 patri—

1261 2003 1326 2032 cios
1344 2010 1374 2032 et
1390 2003 1454 2041 ple·

130 2038 241 2074 nibus
262 2040 443 2088 quaesiti„
464 2047 665 2090 postquam
695 2040 769 2076 alia
784 2040 925 2077 frustra
952 2047 1100 2077 tentata
1127 2048 1247 2085 erant,
1262 2045 1360 2081 beios,
1376 2047 1414 2075 de

1261 2090 1439 2119 sacerdotiis
1450 2114 1451 2117 ,

134 1974 245 2022 dique
272 1975 593 2012 criminandorum
613 1977 770 2012 Patrum
791 1977 890 2026 apud
910 1976 1058 2025 plebem
1080 1977 1248 2013 occasio-

132 2114 214 2137 eam
234 2103 422 2139 actionem
444 2111 703 2154 susceperunt,
725 2117 799 2153 qua
818 2117 895 2140 non
915 2104 1082 2140 infimam
1103 2105 1251 2154 plebem

131 2166 391 2209 accenderent,
409 2168 473 2203 sed
487 2168 569 2217 ipsa
586 2168 712 2216 capita
727 2167 863 2217 plebis,
880 2167 1098 2203 consulares
1116 2169 1162 2203 tri
1170 2182 1250 2204 um-

131 2229 334 2278 phalesque
354 2229 546 2280 plebeios:
571 2243 731 2279 quorum
750 2231 961 2267 honoribus
984 2231 1091 2275 nihil,
1114 2239 1250 2281 preeter

131 2293 466 2353 sacerdotia,.quae
496 2295 665 2331 nondum
692 2296 906 2344 promiscua
936 2304 1058 2339 erant,
1090 2296 1247 2332 deesset„

654 2358 728 2394 E5
