1527 2661
295 169 375 210 114
749 171 795 198 T.
821 170 953 199 mvn

99 268 140 297 U.
153 267 188 297 C.
207 273 280 301 4⁵7-
290 261 438 308 piacula
457 262 574 309 simus.
616 259 703 295 Jam
730 271 793 306 ego
812 273 949 296 mecum
969 260 1119 296 hostium
1142 260 1296 308 legiones
1314 270 1412 297 mae-

104 311 188 340 A’C·
207 317 423 360 29⁵·tandas
457 325 594 360 Telluri
624 336 666 359 cre
691 324 779 359 Diis·
805 324 972 359 Ilffcmz'bus
995 324 1094 360 dabo.
1136 324 1231 361 Haec
1261 325 1410 360 locutus

290 389 347 425 M.
368 389 520 424 Livium
547 388 780 437 pontificem,
802 401 928 436 quem,
954 388 1182 424 descendens
1212 390 1248 424 in
1276 389 1410 431 aciem,

291 453 436 501 digredi
465 458 636 487 vetuerat
665 450 711 486 ab
739 463 791 493 se,
817 452 949 500 praeire
971 450 1089 500 jussit
1116 450 1243 494 >verba,
1275 451 1410 500 quibus

292 529 330 552 se
351 516 595 564 legionesque
614 515 783 550 hostium
810 527 880 563 pro
909 515 1077 550 exercitu
1095 514 1226 564 populi
1246 514 1414 550 Romani

294 580 501 625 Quiritium
536 579 747 613 devoveret.
791 576 964 613 Devotus
1004 577 1091 613 inde
1121 578 1251 613 eadem
1283 590 1414 627 preca-

295 644 401 679 tione
423 642 630 690 eodemque
654 641 802 683 habitu,
825 654 900 690 quo
926 648 1034 691 pater
1052 641 1095 678 P.
1112 641 1253 678 Decius
1274 642 1321 678 ad
1341 641 1416 678 Ve-

296 709 408 744 serim
434 707 535 743 bello
557 707 698 743 Latino
729 719 768 741 se
790 705 959 756 jusserat
979 707 1166 743 devoveri.
1203 708 1331 746 Quum
1358 719 1418 743 se-

296 773 460 810 cundum
481 772 681 808 sollemnes
703 772 939 821 precationes
956 771 1169 820 adjecisset,
1186 785 1264 820 prce
1281 784 1322 808 se
1332 784 1418 819 age·

296 851 333 875 re
349 837 672 887 seseformiclinem
701 850 744 872 ac
761 836 912 885 jiegam,
944 838 1141 885 caedemque
1170 850 1213 872 ac
1242 848 1416 879 cruorem,

298 905 500 944 coelestinm,
522 901 720 950 inferorum
743 903 840 936 iras:
869 906 1115 937 contactnrzwn
1129 900 1343 949 funebribus
1362 902 1418 936 dz'-

296 970 345 1003 ris
369 969 484 1014 signa,
508 966 593 1008 tela,
615 978 717 1000 arma
744 965 896 1000 hostium
909 982 920 1008 ,·
952 966 1137 1013 locumque
1162 966 1323 1001 eumdem
1347 976 1420 1000 suae

295 1033 406 1080 pestis
424 1036 458 1066 et
483 1031 673 1066 Gallorum
693 1042 735 1065 ac
755 1030 975 1066 Samnitium
983 1031 1083 1075 fore.
1127 1030 1224 1062 IIaec
1244 1037 1420 1061 exsecra-

298 1104 359 1132 tus
395 1096 433 1132 in
467 1108 505 1131 se
536 1095 754 1140 hostesque,
786 1105 860 1139 qua
890 1091 1205 1127 confertissimam
1240 1089 1420 1126 cernebat

299 1158 498 1195 Gallorum
536 1159 668 1199 aciem,
708 1157 877 1192 concitat
909 1169 1069 1205 equum:
1105 1155 1345 1203 inferensque
1379 1166 1420 1190 se

298 1223 379 1273 ipse
398 1223 544 1258 infestis
565 1221 650 1257 telis
672 1228 728 1256 cst
750 1221 981 1256 interfectus.

352 1286 511 1322 XXIX.
543 1285 616 1320 Vix
642 1285 817 1319 humanae
845 1283 931 1319 inde
952 1284 1035 1333 opis
1061 1283 1178 1319 videri
1204 1295 1333 1333 pugna
1351 1294 1423 1332 po-

298 1351 386 1388 tuit.
429 1350 611 1391 Romani,
644 1349 738 1384 duce
769 1348 921 1391 amisso,
949 1361 1031 1396 quae
1067 1360 1123 1383 res
1157 1347 1292 1382 terrori
1326 1346 1418 1382 alias

300 1429 381 1453 esse
412 1415 523 1457 solet,
549 1415 679 1450 sistere
698 1413 843 1461 fugam,
871 1425 914 1448 ac
940 1425 1077 1448 novam
1099 1411 1144 1447 de
1170 1412 1320 1459 integro
1342 1409 1420 1446 vel-

298 1480 334 1517 le
355 1482 564 1516 instaurare
584 1490 764 1528 pugnam.
805 1476 921 1519 Galli,
943 1482 980 1512 et
999 1476 1162 1512 maxime
1183 1474 1319 1523 globus
1347 1475 1418 1509 cir-

300 1551 491 1581 cumstans
513 1541 678 1578 consulis
700 1553 851 1591 corpus,
872 1540 977 1576 velut
996 1539 1161 1576 alienata
1188 1544 1330 1580 mente,
1351 1550 1415 1573 va-

299 1623 350 1647 na
378 1610 567 1644 incassum
590 1606 739 1657 jactare
768 1605 866 1641 tela:
902 1611 1054 1654 torpere
1084 1603 1252 1652 quidam,
1282 1608 1320 1638 et
1349 1614 1421 1638 nec

301 1687 439 1724 pugnae
470 1673 700 1714 meminisse,
716 1683 808 1716 ‘nec
845 1669 958 1718 fugae.
1003 1669 1055 1704 At
1086 1680 1133 1703 ex
1162 1673 1269 1717 parte
1302 1666 1422 1702 altera

302 1737 477 1789 pontifex
498 1736 644 1779 Livius,
672 1736 732 1771 cui
758 1735 910 1770 lictores
930 1733 1072 1769 Decius
1095 1731 1316 1773 tradiderat,
1337 1728 1422 1780 jus-

303 1807 478 1850 seratque
508 1806 781 1849 propraetorem
811 1810 906 1839 esse,
936 1795 1151 1837 vociferari,
1184 1795 1318 1831 Vicisse
1348 1793 1424 1830 Ro-

303 1877 441 1906 τηαηοε,
474 1863 660 1912 defunctos
696 1863 847 1897 consulis
873 1860 975 1909 fato.
1036 1860 1162 1895 Gallos
1181 1859 1429 1906 Samnitesque

310 1930 464 1965 Telluris
482 1929 607 1963 ¹matris
624 1939 668 1962 ac
687 1927 851 1961 Deorum
872 1926 1040 1960 Manium
1069 1935 1151 1959 esse.
1209 1922 1352 1969 Rapere
1379 1922 1430 1957 ad

304 2007 341 2031 se
359 2007 402 2030 ac
420 2005 547 2029 vocare
566 1993 722 2028 Decium
743 1993 905 2027 devotam
923 2002 1040 2024 secum
1060 1990 1197 2030 aciem,-
1215 1986 1427 2036 furiarum-

307 2071 372 2108 que
391 2071 434 2094 ac
447 2058 661 2107 formidinis
678 2057 786 2104 plena
812 2056 932 2091 omnia
957 2054 1006 2089 ad
1032 2053 1145 2089 hostes
1168 2063 1249 2087 esse.
1291 2051 1429 2100 Super-

307 2123 466 2158 veniunt
495 2121 629 2158 deinde
661 2120 719 2155 his
750 2117 1036 2154 restituentibus
1075 2128 1242 2166 pugnam
1268 2114 1314 2152 L.
1332 2115 1427 2151 Cor-

307 2186 430 2223 nelius
458 2186 586 2236 Scipio
616 2190 654 2220 et
686 2184 728 2219 C.
755 2183 939 2224 BIamius,
964 2194 1050 2217 cum
1077 2180 1252 2216 subsidiis
1281 2192 1328 2215 ex
1356 2192 1426 2214 no-

310 2251 464 2287 vissima
492 2251 572 2286 acie
595 2248 706 2300 jussu
729 2248 777 2287 Q.
798 2246 908 2283 Fabii
935 2245 1099 2282 consulis
1131 2244 1178 2280 ad
1210 2243 1426 2293 praesidium

312 2314 468 2363 collegae
495 2314 621 2351 missi:
655 2313 707 2348 ibi
734 2311 884 2348 auditur
904 2310 945 2346 P.
967 2309 1075 2346 Decii
1103 2314 1273 2349 eventus,
1294 2307 1427 2357 ingens
