1527 2661
348 207 500 237 LIBER
526 207 670 236 XXVI.
705 205 812 235 CAP.
837 206 957 235 XXV.
1125 205 1207 250 535

97 305 183 335 rant
214 300 352 335 retenti
383 298 519 335 Romae
544 298 683 334 diutius
703 297 819 347 legati
838 296 1069 333 AEtolorum.
1126 296 1209 333 Nec
1224 306 1264 335 U.
1276 305 1312 335 C.
1332 312 1404 336 541.

96 370 223 400 tamen
243 364 501 414 inpedimento
521 363 558 399 id
578 362 688 399 rebus
709 362 881 411 gerendis
901 361 997 397 fuit:
1031 368 1067 397 et
1083 361 1206 398 AEtoli
1222 350 1260 379 Α·
1277 349 1314 378 C·
1332 356 1404 379 '²¹¹‘

95 427 285 478 extemplo
315 434 514 465 moverunt
542 428 717 464 adversus
748 426 966 477 Philippum
994 425 1148 469 bellum,
1170 433 1208 462 et
1221 403 1393 476 ξξῖὲζξέἷῖ

91 490 268 528 Laevinus
304 493 544 542 Zacynthum
577 495 708 542 (parva
744 490 867 527 insula
903 498 960 526 est
996 491 1208 541 propinqua
1220 496 1250 519 et
1265 499 1284 538 ἓ
1299 490 1362 519 Va-

93 554 274 592 AEtoliae:
307 557 437 593 urbem
458 570 572 593 unam
591 556 738 598 eodem,
759 568 834 604 quo
861 555 943 606 ipsa
962 561 1032 598 est,
1053 555 1208 591 nomine
1222 533 1307 562 leno.

89 618 230 665 habet3
262 633 344 657 eam
365 627 500 671 praeter
518 632 642 656 arcem
661 620 696 655 vi
717 619 833 669 cepit)
856 625 894 655 et
914 618 1099 655 OEniadas
1126 619 1208 655 Na-

92 698 250 737 sumque
268 687 512 723 Acarnanum
532 694 659 737 captas
677 685 819 722 AEtolis
840 684 1060 722 contribuit.
1116 685 1208 721 Phi-

91 750 236 801 lippum
256 764 406 801 quoque
425 752 517 788 satis
542 751 765 801 inplicatam
783 749 885 786 bello
905 749 1068 786 finitimo
1090 758 1208 794 ratus,

91 828 140 852 ne
158 815 309 853 Italiam
326 817 544 866 Poenosque
562 823 600 852 et
618 822 729 866 pacta
746 828 831 851 cum
847 814 1066 852 Hannibale
1080 824 1210 866 posset

91 880 290 929 respicere,
310 881 515 929 Corcyram
534 881 614 929 ipse
634 892 672 915 se
691 879 846 929 recepit.

146 944 277 981 XXV.
306 944 485 995 Philippo
505 943 727 980 AEtolorum
751 943 914 979 defectio
942 943 1055 980 Pellae
1083 944 1209 980 hiber-

93 1009 201 1045 nanti
230 1008 357 1045 adlata
386 1015 466 1044 est:
500 1009 642 1058 itaque,
665 1008 754 1057 quia
780 1008 904 1058 primo
923 1020 1010 1044 vere
1038 1016 1208 1045 moturus

93 1072 300 1108 exercitum
320 1073 359 1108 in
379 1072 568 1108 Graeciam
594 1077 688 1114 erat,
709 1070 860 1120 lllyrios
881 1070 1134 1120 finitimasque
1157 1073 1209 1108 eis

93 1135 203 1173 urbes
233 1136 380 1173 alterno
409 1143 514 1173 metu
533 1137 678 1185 quietas
708 1142 751 1172 ut
778 1135 1008 1172 Macedonia
1037 1137 1208 1181 haberet,

94 1202 372 1252 expeditionem
398 1201 563 1238 subitam
586 1203 626 1237 in
646 1201 889 1237 Oricinorum
916 1208 1029 1250 atque
1049 1202 1209 1252 Apollo-

91 1267 252 1302 niatium
280 1265 371 1302 fines
394 1266 485 1303 fecit
500 1281 510 1302 τ
527 1278 790 1315 ‘egressosque
815 1265 1095 1316 Apolloniatas,
1125 1280 1210 1304 cum

92 1342 233 1378 magno
252 1336 397 1367 terrore
423 1337 536 1380 atque
561 1342 715 1380 pavore,
736 1329 920 1380 compulit
947 1331 1046 1367 intra
1068 1343 1207 1369 muros.

91 1396 260 1433 Vastatis
281 1397 462 1447 proximis
490 1396 646 1446 Illyrici,
666 1397 706 1432 in
726 1395 972 1445 Pelagoniam
999 1395 1127 1433 eadem
1148 1409 1208 1432 ce-

91 1459 241 1496 leritate
260 1461 374 1496 vertit
399 1461 493 1496 iter:
526 1461 612 1496 inde
637 1459 905 1496 Dardanorum
931 1459 1076 1503 urbem,
1098 1461 1208 1497 sitam

91 1525 131 1560 in
158 1517 402 1568 Macedonia,
431 1526 632 1561 transitum
661 1525 851 1561 Dardanis
872 1524 1071 1568 facturam,
1096 1526 1207 1576 cepit.

94 1587 166 1624 His
186 1589 324 1639 raptim
351 1590 459 1633 actis,
484 1602 628 1625 memor
647 1589 808 1626 AEtolici
828 1588 1030 1639 junctique
1051 1603 1135 1626 cum
1162 1603 1207 1627 eo

92 1651 261 1688 Romani
289 1651 394 1695 belli,
424 1666 491 1702 per
519 1653 781 1702 Pelagoniam,
803 1660 840 1689 et
860 1653 1047 1702 Lyncum,
1077 1653 1206 1689 Botti-

94 1728 200 1759 aeam,
231 1717 270 1752 in
298 1716 535 1752 Thessaliam
563 1717 767 1754 descendit.
825 1718 885 1754 Ad
911 1718 1050 1754 bellum
1080 1731 1206 1754 secum

92 1782 266 1818 adversus
282 1782 436 1819 AEtolos
453 1783 722 1832 capessendum
742 1784 890 1820 incitari
907 1797 1017 1834 posse
1033 1785 1205 1821 homines

93 1845 270 1882 credebat
285 1861 291 1881 :
315 1852 366 1889 et,
384 1846 516 1882 relicto
537 1847 582 1882 ad
600 1847 725 1883 fauces
746 1848 951 1884 Thessaliae
968 1849 1106 1886 Perseo
1123 1863 1207 1887 curn

92 1915 256 1957 quatuor
274 1909 439 1946 millibus
461 1916 693 1946 armatorum
708 1912 754 1947 ad
774 1912 953 1948 arcendos
973 1913 1077 1950 aditu
1092 1914 1207 1951 AEto-

91 1972 162 2015 los,
193 1973 287 2023 ipse,
317 1968 534 2023 priusquam
564 1975 770 2025 majoribus
801 1984 1050 2027 occuparetur
1081 1979 1206 2023 rebus,

91 2037 129 2072 in
149 2036 431 2081 Macedoniam,
461 2044 574 2087 atque
601 2039 686 2075 inde
711 2040 750 2075 in
772 2039 975 2077 Thraciam
1002 2043 1210 2080 exercitum

91 2115 135 2139 ac
153 2102 300 2139 Maedos
321 2103 438 2140 duxit.
490 2104 687 2141 Incurrere
708 2118 751 2141 ea
771 2118 861 2154 gens
882 2106 919 2141 in
940 2105 1208 2143 Macedoniam

91 2166 204 2202 solita
224 2174 328 2213 erat5
362 2168 425 2204 ubi
453 2181 580 2217 regem
600 2176 824 2220 occupatum
852 2178 1009 2206 externo
1028 2170 1144 2214 bello,
1166 2184 1209 2207 ac

91 2230 170 2266 sine
190 2231 365 2280 praesidio
393 2244 473 2267 esse
500 2244 658 2281 regnum
685 2234 875 2270 sensisset.
932 2234 992 2270 Ad
1011 2234 1209 2283 Phragau-

89 2293 154 2329 das
193 2295 310 2342 igitur
340 2302 485 2331 vastare
522 2308 649 2344 agros,
681 2303 719 2332 et
749 2297 880 2333 urbem
901 2297 1208 2348 Jamphorinam,

91 2363 204 2407 caput
220 2370 418 2408 arcemque
433 2359 620 2403 Maedicae,
637 2359 861 2410 obpugnare
879 2361 1007 2412 coepit.
1050 2362 1208 2414 Scopas,

596 2424 632 2460 A
653 2436 674 2461 a
693 2424 719 2460 4
