1527 2661
139 299 182 330 U.
196 298 232 329 C.
249 306 307 336 537

139 344 180 374 Α.
194 343 230 374 C.
248 350 308 375 215

137 676 225 709 Poeni
244 679 276 708 in

135 728 238 750 castra

135 763 278 803 compel-

132 805 257 838 luntur.

144 1977 188 2008 Θ.
200 1976 286 2007 Fabii

142 2030 189 2052 tes
203 2027 309 2062 gestae.

328 195 414 250 364
779 211 825 239 T.
849 212 981 241 L1v11

314 300 456 347 -proecla
483 299 674 348 spoliisque
702 305 845 337 onustos
875 302 932 337 vel
961 303 1102 344 ducam,
1128 314 1195 350 quo
1226 304 1364 345 voletis,
1391 304 1447 339 vel

314 366 470 411 'sequcer.

386 427 534 463 XLVI.
563 427 647 463 Nec
666 426 777 470 bene,
798 440 867 464 nec
897 428 995 465 male
1015 428 1117 465 dicta
1142 429 1369 479 profuerunt
1399 430 1447 466 ad

333 491 612 528 confirmandos
637 492 798 528 anim‘os.
854 493 982 532 Quum
1004 494 1108 529 omni
1128 500 1235 544 parte
1260 494 1445 545 pelleren-

332 564 407 600 tur,
430 557 689 606 Romanisque
719 564 930 593 crescerent
950 558 1179 604 animi,.non
1199 559 1293 595 duce
1322 559 1446 596 solum

333 622 573 664 adhortante,
595 621 660 656 sed
678 620 841 657 Nolanis
858 623 972 658 etiam
991 635 1058 672 per
1075 622 1292 665 clamorem,
1304 623 1444 659 favoris

331 685 509 728 indicem,
530 684 820 721 accendentibus
842 685 1014 721 ardorem
1037 699 1189 737 pugnae,
1209 691 1317 735 terga
1334 686 1448 722 Poeni

332 750 529 792 dederunt,
559 756 672 798 atque
700 749 740 784 in
768 755 892 785 castra
911 749 1095 800 compulsi
1125 756 1235 786 sunt:
1268 763 1350 799 quae
1376 749 1447 786 ob-

330 828 500 868 pugnare
529 816 722 866 cupientes
748 814 886 850 milites
914 814 1112 851 Romanos
1131 815 1336 851 Marcellus
1361 815 1446 851 No-

329 881 404 918 lam
420 880 583 922 reduxit,
601 891 685 914 cuni
701 891 840 926 magno
853 878 992 926 gaudio
1009 885 1046 914 et
1058 878 1313 926 gratulatione
1329 880 1444 917 etiam

329 944 465 996 plebis,
483 957 564 992 quze
581 949 668 979 ante
688 943 909 978 inclinatior
925 943 972 978 ad
987 943 1128 978 Poenos
1145 943 1281 979 fuerat.
1337 943 1444 980 Hos-

328 1010 425 1045 tium
444 1008 527 1059 plus
548 1008 713 1056 quinque
733 1006 850 1042 millia
870 1019 966 1043 caesa
986 1020 1031 1043 eo
1052 1007 1125 1050 die,
1144 1008 1217 1043 vivi
1238 1008 1338 1057 capti
1358 1021 1444 1044 sex-

330 1074 445 1116 centi,
476 1079 514 1108 et
549 1073 659 1120 signa
694 1070 873 1106 militaria
910 1071 1162 1120 undeviginti,
1194 1078 1232 1107 et
1260 1072 1335 1108 duo
1369 1072 1445 1108 ele-

329 1137 486 1188 phanti:
520 1141 682 1184 quatuor
714 1135 752 1170 in
787 1135 867 1170 acie
895 1135 1024 1171 occisi.
1080 1133 1344 1170 Romanorum
1374 1137 1445 1172 mi-

329 1214 400 1238 nus
420 1200 522 1237 mille
542 1199 733 1235 interfecti
750 1216 757 1234 :
790 1205 985 1249 posterum
1005 1199 1104 1234 diem
1124 1198 1284 1235 induciis
1304 1200 1445 1242 tacitis,

329 1264 546 1315 sepeliendo
583 1263 771 1312 utrimque
801 1275 917 1298 caesos
947 1263 987 1298 in
1020 1263 1113 1304 acie,
1145 1269 1447 1300 consumserunt.

331 1327 461 1378 Spolia
475 1327 643 1363 hostium
657 1326 878 1369 Marcellus,
896 1326 1070 1362 Vulcano
1087 1332 1234 1369 votum,
1251 1327 1445 1365 cremavit.

329 1392 462 1428 Tertio
491 1399 579 1441 post
599 1391 658 1426 die
681 1390 748 1437 (ob
778 1390 871 1426 iram
901 1389 1012 1425 credo
1042 1389 1221 1438 aliquam,
1249 1395 1315 1425 aut
1343 1402 1448 1439 spem

328 1455 554 1492 liberalioris
584 1454 747 1501 militize)
779 1454 881 1490 mille
919 1454 1073 1489 (lucenti
1103 1455 1344 1503 septuaginta
1372 1455 1448 1491 duo

330 1521 490 1570 equiteS,
520 1519 627 1554 mixti
658 1518 834 1554 Numidae
864 1517 1117 1567 Hispanique,
1148 1518 1194 1553 ad
1222 1518 1449 1556 Marcellum

332 1584 641 1632 transfugerunt:
676 1595 806 1618 eorum
841 1582 934 1618 forti
967 1581 1141 1631 fidelique
1174 1594 1290 1631 opera
1326 1583 1366 1618 in
1400 1596 1446 1619 eo
1497 1597 1506 1599 ⁷*

331 1648 435 1685 bello
451 1649 508 1684 usi
525 1654 612 1684 sunt
628 1659 726 1697 saepe
741 1646 920 1683 Romani.
978 1647 1082 1695 Ager
1098 1646 1281 1696 Hispanis
1298 1647 1337 1682 in
1354 1647 1447 1683 His-

334 1714 462 1763 pania,
483 1712 660 1748 Numidis
680 1712 720 1747 in
740 1711 872 1747 Africa
891 1717 978 1761 post
997 1711 1154 1755 bellum,
1174 1712 1323 1747 virtutis
1340 1724 1450 1748 caus-

335 1790 390 1820 sa,
411 1777 509 1813 latus
530 1777 638 1812 datus
664 1783 733 1813 est.
790 1775 1002 1818 Hannibal,
1023 1775 1070 1812 ab
1090 1775 1195 1812 Nola
1221 1776 1380 1812 remisso
1408 1777 1450 1812 in

334 1841 508 1878 Bruttios
539 1841 747 1883 Hannone,
769 1853 853 1876 cum
874 1840 1009 1889 quibus
1038 1846 1194 1876 venerat
1215 1841 1349 1890 copiiS‚
1369 1841 1451 1891 ipse

336 1905 484 1956 Apuliae
503 1905 663 1941 hiberna
687 1904 798 1954 petit,
820 1905 1001 1953 circaque·
1014 1905 1138 1954 Arpos
1160 1904 1341 1940 consedit.
1399 1904 1449 1944 Q.

334 1969 488 2012 Fabius,
516 1974 557 2004 ut
585 1968 799 2018 profectum
827 1969 867 2003 in
886 1967 1066 2018 Apuliam
1096 1967 1353 2003 Hannibalem
1383 1981 1450 2004 au-

335 2035 441 2077 divit,
471 2033 662 2069 frumento
693 2032 739 2068 ab
770 2032 873 2068 Nola
901 2031 1142 2082 Neapolique
1170 2032 1209 2067 in
1247 2044 1290 2068 ea
1327 2038 1452 2068 castra

335 2103 535 2139 convecto,
555 2109 638 2144 quae
668 2108 779 2145 super
805 2095 1020 2131 Suessulam
1046 2101 1167 2138 erant,
1187 2095 1452 2131 munimentis-

335 2174 409 2212 que
428 2160 599 2202 firmatis,
624 2166 661 2195 et
689 2159 879 2209 praesidio,
900 2159 999 2208 quod
1029 2172 1095 2209 per
1124 2158 1284 2195 hiberna
1315 2159 1362 2195 ad
1391 2166 1452 2195 tu-

336 2225 495 2262 tandum
513 2223 640 2259 locum
659 2224 749 2258 satis
770 2229 882 2265 esset,
904 2222 1052 2266 relicto,
1073 2222 1153 2272 ipse
1174 2222 1344 2271 Capuam
1359 2235 1449 2272 pro-

337 2289 422 2339 pius
452 2287 571 2324 movit
600 2292 737 2329 castra,
768 2299 975 2336 agrumque
1005 2286 1242 2336 Campanum
1260 2284 1362 2322 ferro
1390 2287 1449 2335 ig-

336 2353 451 2403 nique
472 2358 529 2388 est
547 2349 798 2403 depopulatus
815 2365 822 2386 :
854 2350 974 2387 donec
995 2349 1119 2387 coacti
1139 2355 1227 2385 sunt
1248 2349 1450 2401 Campani,
