1527 2661
297 219 384 261 344
757 222 801 248 T.
827 222 959 250 mvn

102 310 189 339 U.C.
208 316 282 344 537.
350 306 509 343 XXXI.
540 307 716 350 Senatus,
734 321 809 357 quo
829 309 888 345 die
904 310 1067 359 primum
1083 317 1139 346 est
1158 311 1198 347 in
1212 312 1404 362 Capitolio

98 352 187 436 guel
206 360 280 385 ²¹⁵⁰
294 371 504 415 consultus,
522 372 701 415 decrevit,
724 379 778 415 ut,
797 386 872 422 quo
888 386 933 409 eo
953 387 1054 410 anno
1070 375 1208 424 duplex
1224 376 1407 413 tributum

97 416 255 481 tribfitzxm
292 435 555 485 imperaretur,
586 435 746 485 simplex
775 437 976 473 confestim
1006 438 1234 486 exigeretur,
1265 452 1311 476 ex
1331 453 1407 489 quo

97 494 231 566 {ffxgeffi‘
292 501 520 551 stipendium
542 513 705 549 praesens
727 500 902 536 omnibus
922 501 1104 538 militibus
1126 503 1290 546 daretur,
1308 517 1404 553 prae-

171 559 180 567 ’
290 571 462 614 terquam
478 565 541 613 qui
561 564 699 600 milites
719 565 766 601 ad
787 565 937 601 Cannas
953 565 1125 603 fuissent.
1182 567 1243 603 De
1263 569 1406 604 exerci-

287 629 389 665 tibus
418 630 470 665 ita
490 629 748 672 decreverunt,
776 636 819 664 ut
838 630 981 665 duabus
1009 629 1222 678 legionibus
1249 632 1402 668 urbanis

286 693 345 730 Ti.
363 694 607 744 Sempronius
629 693 762 729 consul
782 693 891 730 Cales
920 695 966 730 ad
986 695 1285 731 conveniendum
1305 697 1403 733 diem

284 758 470 794 ediceret:
502 758 589 794 inde
616 770 682 794 sex
700 757 870 806 legiones
898 758 936 794 in
957 764 1081 794 castra
1100 758 1311 796 Claudiana
1336 773 1401 796 su-

281 834 350 873 pra
365 821 581 858 Suessulam
595 821 892 858 deducerentur:
915 835 998 871 quae
1010 821 1063 858 ibi
1074 821 1243 871 legiones
1259 829 1400 868 essent,

88 886 242 937 Decreta·
285 888 411 934 (erant
431 894 557 923 autem
578 886 789 922 Cannensis
816 887 980 922 maxime
1010 887 1216 933 exercitus)
1239 899 1300 923 eas
1320 889 1397 938 Ap.

87 930 259 1006 gssgzesm‘
283 950 461 987 Claudius
478 950 641 987 Pulcher
656 956 796 1001 praetor
810 951 851 986 in
868 950 1036 987 Siciliam
1051 949 1245 1000 trajiceret
1257 967 1269 997 3
1293 964 1397 1001 quae-

281 1028 355 1065 que
384 1016 422 1051 in
453 1015 583 1051 Sicilia
611 1022 751 1058 essent,
782 1014 949 1051 Romam
975 1015 1277 1066 deportarentur.
1333 1018 1396 1054 Ad

281 1079 504 1123 exercitum,
532 1080 591 1115 cni
621 1079 669 1115 ad
699 1079 999 1114 conveniendum
1027 1078 1137 1115 Cales
1166 1079 1290 1116 edicta
1318 1081 1397 1118 dies

280 1149 375 1186 erat,
406 1142 463 1179 M.
496 1143 676 1179 Claudius
704 1141 909 1179 Marcellus
943 1143 1104 1178 missus:
1137 1143 1243 1192 isque
1264 1142 1395 1193 jussus

278 1206 319 1243 in
340 1213 463 1243 castra
484 1206 695 1243 Claudiana
714 1206 897 1242 deducere
913 1206 1077 1242 urbanas
1095 1204 1278 1255 legiones,
1332 1208 1395 1245 Ad

276 1277 442 1307 veterem
458 1271 664 1309 exercitum
682 1271 943 1321 accipiendum
960 1270 1292 1320 deducendumque
1306 1271 1395 1308 inde

276 1335 317 1371 in
344 1335 526 1379 Siciliam,
546 1336 592 1373 T.
608 1335 781 1372 Metilius
802 1335 922 1371 Croto
949 1335 1095 1384 legatus
1119 1334 1167 1371 ab
1186 1336 1260 1386 Ap.
1278 1335 1394 1373 Clau-

276 1400 340 1437 dio
360 1406 416 1436 est
436 1402 584 1437 missus.
639 1400 766 1436 Taciti
785 1401 909 1450 primo
935 1405 1247 1450 exspectaverant
1264 1401 1390 1437 homi-

275 1476 357 1508 nes,
388 1466 444 1501 uti
477 1464 611 1501 consul
641 1465 797 1501 comitia
825 1464 980 1512 collegae
1011 1464 1175 1500 creando
1207 1464 1389 1502 haberet:

276 1529 424 1572 deinde,
447 1529 511 1566 ubi
537 1529 771 1578 ablegatum,
791 1528 893 1564 velut
912 1528 958 1564 de
985 1528 1185 1571 industria,
1203 1528 1261 1565 M.
1281 1527 1388 1565 Mar-

277 1592 411 1629 cellum
426 1593 615 1636 viderunt,
633 1605 744 1642 quem
760 1592 923 1628 maxime
943 1591 1137 1627 consulem
1156 1592 1196 1627 in
1216 1605 1300 1629 eum
1321 1606 1389 1629 an-

275 1669 369 1693 num
397 1656 446 1693 ob
474 1658 625 1706 egregie
654 1657 692 1692 in
722 1662 886 1706 praetura
905 1667 962 1690 res
984 1660 1108 1703 gestas
1139 1656 1257 1691 creari
1285 1656 1390 1692 vole·

274 1720 384 1764 bant,
404 1720 576 1757 fremitus
606 1722 645 1756 in
666 1721 770 1756 curia
796 1726 852 1755 est
874 1726 992 1756 ortus.
1049 1719 1163 1759 Quod
1183 1719 1247 1755 ubi
1273 1721 1392 1757 sensit

277 1785 423 1829 consul,
464 1786 675 1834 Utrumque,
710 1785 847 1833 inquit,
881 1797 899 1820 e
926 1784 1111 1832 republica
1130 1784 1227 1833 suit,
1259 1785 1391 1822 Patres

278 1851 486 1899 conscripti,
516 1856 553 1887 et
572 1851 626 1886 M.
643 1851 836 1886 Claudium
863 1850 912 1884 ad
933 1851 1188 1897 permutandos
1222 1852 1392 1886 exercitus

275 1915 314 1951 in
338 1913 577 1962 Campaniam
602 1915 792 1963 proficisci,
822 1918 857 1949 et
885 1915 1030 1949 comitia
1057 1925 1128 1949 non
1151 1915 1255 1961 prius
1282 1916 1388 1958 edici,

275 1990 382 2027 quam
411 1981 441 2013 is
458 1980 552 2021 inde,
585 1977 759 2026 confecto,
780 1978 874 2025 quod
900 1978 1112 2012 mandatum
1140 1981 1204 2019 est,
1234 1980 1388 2025 negotio,

273 2048 497 2089 revertisset‚·
528 2051 567 2082 ut
590 2058 651 2081 vos
677 2046 869 2086 consulem,
897 2056 997 2092 quem
1027 2049 1164 2092 tempus
1188 2045 1390 2093 ‘reipublic-ce

268 2111 484 2158 postularet,
521 2122 624 2157 quem
660 2111 813 2144 maxime
848 2109 969 2150 vultis,
1008 2108 1191 2143 haberetis.
1249 2107 1310 2143 Ita
1342 2109 1386 2144 de

274 2174 452 2216 comitiis,
474 2173 593 2209 donec
613 2173 723 2208 rediit
742 2170 961 2214 Marcellus,
983 2171 1174 2207 silentium
1193 2170 1277 2207 fuit.
1316 2171 1381 2207 In-

273 2244 377 2274 terea
395 2237 581 2274 dunmviri
600 2237 715 2273 creati
736 2243 824 2272 sunt
843 2236 891 2275 Q.
905 2235 1043 2272 Fabius
1064 2235 1257 2271 Maximus
1278 2243 1316 2271 et
1334 2236 1381 2273 Τ,

273 2302 458 2338 Otacilius
481 2303 652 2344 Crassus,
681 2301 819 2337 aedibus
840 2300 1069 2342 dedicandis,
1098 2299 1222 2335 Menti
1246 2299 1378 2336 Otaci-

272 2367 357 2412 lius,
378 2368 517 2405 Fabius
534 2368 673 2404 Veneri
694 2367 880 2416 Erycinae.
941 2364 1111 2414 Utraque
1131 2364 1170 2400 in
1187 2363 1380 2414 Capitolio
