1527 2661
95 284 185 315 U.C.
202 290 276 315 456.

96 330 135 361 A.
149 328 186 358 C.
204 333 277 361 296.

105 1757 271 1787 Romanus

104 1799 255 1839 superior.

292 182 370 211 100
749 183 793 210 Τ.
819 183 953 212 LIVII

290 283 376 307 cum
403 269 624 307 cohortibus
652 272 781 320 paucis
809 271 930 317 ierat;
963 278 1108 321 suoque
1131 272 1264 322 inpetu
1290 273 1409 322 magis

290 335 444 378 milites,
472 347 585 384 quam
616 334 840 384 cujusquam
870 336 986 372 ductu
1013 342 1079 372 aut
1109 337 1284 386 imperio,
1314 349 1411 387 pug-

288 412 379 436 nam
404 399 674 449 capessebant:
708 408 747 436 et
765 399 935 437 Romani
957 402 1147 437 exercitus
1175 414 1245 437 nec
1271 402 1413 451 pariter

289 463 403 500 ambo
422 463 540 507 ducti,
561 475 632 499 nec
654 464 744 499 satis
765 465 949 514 temporis
970 465 1019 500 ad
1045 465 1308 501 instruendum
1326 465 1412 501 fu‘rt.

289 529 398 565 Prius
420 529 612 564 concurrit
631 528 875 571 Volumnius,
897 542 1012 577 quam
1028 529 1175 578 Appius
1195 529 1242 565 ad
1261 529 1412 565 hoste‘m

289 593 526 643 perveniret:
558 593 687 641 itaque
713 592 840 627 fronte
871 592 1048 641 inaequali
1079 605 1304 628 concursum
1330 599 1411 631 est:

290 662 343 699 et,
376 655 481 691 velut
509 654 608 691 forte
634 655 797 704 quadam
830 662 1002 692 mutante
1036 656 1212 692 adsuetos
1248 657 1346 692 inter
1375 669 1414 693 se

289 720 435 763 hostes,
448 720 602 756 Etrusci
620 719 843 762 Volumnio,
861 720 1065 764 Samnites,
1082 733 1285 771 parumper
1297 735 1412 759 cunc-

291 784 377 826 tati,
398 784 486 833 quia
505 784 580 819 dux
601 783 745 826 aberat,
760 784 888 833 Appio
907 784 1121 821 obcurrere.
1158 785 1312 821 Dicitur
1330 787 1411 836 Ap-

283 851 374 900 pius
395 851 434 886 in
460 849 584 885 medio
614 862 751 899 pugnae
771 849 999 892 discrimine,
1022 852 1074 886 ita
1098 857 1140 886 ut
1164 852 1264 887 inter
1292 852 1415 900 prima

292 915 401 964 signa
427 913 601 950 manibus
628 914 674 949 ad
694 913 830 949 coelum
860 914 1018 950 sublatis
1041 916 1338 964 conspiceretur,
1357 916 1413 952 ita

290 984 465 1031 precatus
487 990 589 1013 esse:
623 978 791 1021 Bellona,
811 980 844 1014 si,
861 979 967 1015 hodie
992 980 1092 1015 nobis
1111 981 1302 1016 victoriam
1321 981 1414 1023 duis,

294 1048 351 1080 ast
370 1056 433 1091 ego
449 1044 620 1090 templum
644 1042 707 1078 tibi
721 1055 837 1079 voveo.
879 1042 973 1078 Haec
994 1050 1168 1093 precatus
1185 1042 1287 1079 velut
1306 1044 1416 1080 insti-

297 1114 412 1156 gante
438 1106 538 1149 Dea,
569 1113 606 1142 et
636 1107 715 1156 ipse
745 1106 900 1154 collegae
939 1113 978 1142 et
1014 1108 1200 1143 exercitus
1238 1108 1418 1144 virtutem

292 1173 467 1220 aequavit.
509 1171 638 1207 Duces
658 1172 902 1220 imperatoria
922 1184 1038 1220 opera
1058 1178 1340 1220 exsequuntur,
1373 1179 1412 1209 et

292 1235 447 1279 milites,
479 1247 527 1271 ne
552 1234 599 1270 ab
627 1234 747 1270 altera
776 1242 883 1284 parte
915 1236 1017 1285 prius
1054 1235 1213 1270 victoria
1241 1236 1413 1286 incipiat,

294 1301 530 1338 adnituntur.
575 1300 683 1348 Ergo
703 1299 868 1336 fundunt
888 1300 1099 1349 fugantque
1126 1300 1270 1343 hostes,
1294 1300 1417 1351 majo-

293 1379 373 1403 rem
400 1365 540 1401 molem
564 1364 668 1400 haud
693 1364 804 1400 facile
833 1366 1079 1408 sustinentes,
1100 1377 1212 1413 quam
1239 1379 1325 1401 cum
1345 1379 1419 1415 qua

294 1443 428 1468 manus
449 1443 648 1474 conserere
667 1430 811 1465 adsueti
823 1429 998 1466 fuerant:
1032 1430 1203 1478 urgendo
1225 1430 1415 1474 cedentes,

295 1496 606 1544 insequendoque
632 1494 769 1531 effusos
791 1494 1006 1544 compulere
1033 1495 1080 1530 ad
1100 1501 1234 1530 castra.
1264 1494 1339 1538 Ibi,
1360 1496 1418 1531 in-

295 1566 470 1596 terventu
490 1558 604 1595 Gellii
625 1559 915 1608 cohortiumque
943 1558 1192 1601 Sabellarum,
1214 1559 1418 1610 paullisper

296 1624 489 1662 recruduit
507 1636 637 1674 pugna
652 1637 659 1658 z
694 1624 738 1658 iis
754 1636 905 1672 quoque
922 1636 1012 1659 mox
1028 1623 1134 1666 fusis,
1150 1622 1233 1673 jam
1254 1637 1275 1659 a
1295 1625 1417 1660 victo-

297 1690 402 1727 ribus
422 1695 546 1725 castra
576 1687 922 1738 obpugnabantur:
957 1696 1009 1731 et,
1040 1702 1156 1737 quum
1186 1688 1416 1725 Volumnius

298 1756 378 1806 ipse
397 1760 517 1805 portae
541 1754 651 1802 signa
667 1753 849 1797 inferret3
882 1754 1044 1803 Appius,
1066 1753 1268 1789 Bellonam
1288 1753 1418 1790 victri-

297 1832 380 1857 cem
409 1818 628 1855 idemtidem
658 1817 868 1861 celebrans,
893 1819 1117 1854 accenderet
1146 1818 1313 1854 militum
1338 1819 1423 1855 ani·-

297 1897 395 1928 mOS,
411 1896 478 1934 per
498 1882 652 1925 vallum,
668 1895 735 1932 per
751 1882 872 1918 fossas
892 1883 1129 1933 inruperunt.
1163 1883 1299 1920 Castra
1311 1892 1422 1934 capta

298 1951 542 1999 direptaque:
574 1947 702 1998 praeda
730 1948 864 1995 ingens
896 1954 1006 1997 parta
1036 1954 1074 1982 et
1103 1947 1214 1983 militi
1241 1954 1422 1986 concessa

300 2020 381 2052 est:
413 2018 558 2064 septem
586 2010 705 2047 millia
735 2023 778 2046 ac
807 2011 968 2046 trecenti
995 2011 1163 2047 hostium
1189 2012 1319 2055 occisi,
1346 2013 1422 2049 duo

301 2077 422 2116 millia
440 2082 479 2112 et
498 2081 650 2112 centum
668 2075 805 2123 viginti
826 2075 939 2124 capti.

358 2142 454 2179 XX.
482 2141 587 2177 Dum
614 2139 727 2176 ambo
754 2140 927 2176 consules
949 2139 1147 2188 omnisque
1166 2138 1343 2176 Romana
1369 2142 1423 2177 vis

305 2210 344 2244 in
362 2207 568 2244 Etruscum
586 2204 729 2241 bellum
758 2204 879 2253 magis
903 2203 1077 2246 inclinat,
1098 2203 1138 2238 in
1158 2203 1314 2239 Samnio
1332 2206 1422 2241 novi

303 2272 506 2314 exercitus,
535 2270 657 2306 exorti
686 2268 734 2305 ad
762 2268 1049 2319 depopulandos
1080 2268 1228 2318 imperii
1255 2267 1423 2305 Romani

305 2336 414 2381 fines,
451 2347 518 2387 per
553 2333 737 2370 Vescinos
782 2333 823 2369 in
861 2332 1111 2382 Campaniam
1146 2330 1423 2382 Falernumque
