1527 2661
245 170 400 200 LIBER
425 170 568 198 XXIV.
602 169 708 198 CAr.
733 169 923 198 XXVIII.
1053 169 1135 214 405

25 257 206 296 Romano
236 260 453 310 Syracusas,
485 258 795 295 criminabantur.
852 258 908 295 Ut
941 271 1029 295 vero
1055 260 1135 310 Ap·
1150 268 1238 299 U.C.
1258 274 1332 300 θεὶς.

5 365 6 369 ¹
27 323 110 374 pius
130 336 244 361 naves
271 324 318 360 ad
337 325 478 360 ostium
497 330 644 374 portus,
665 335 741 372 qno
767 322 849 359 aliae
868 324 985 373 partis
1012 324 1136 359 homi·
1150 313 1188 344 A·
1202 312 1239 343 Ο·
1257 319 1331 342 2¹4⁴

24 387 135 424 nibus
165 388 312 424 animus
342 388 551 430 accederet,
573 388 612 423 in
641 388 807 423 statione
836 387 976 423 habere
1006 389 1137 437 coepit,

23 451 157 499 ingens
178 451 216 487 in
243 453 406 502 speciem
427 451 646 488 criminibus
667 451 772 486 vanis
793 458 1001 487 accesserat
1022 451 1110 487 fides
1127 467 1134 486 :

23 525 66 550 ac
85 515 208 565 primo
229 516 343 551 etiam
370 515 605 552 tumultuose
625 514 843 550 decurrerat
868 513 1071 550 multitudo
1092 514 1137 550 ad

22 580 293 632 prohibendos,
315 582 346 617 si
366 582 403 617 in
424 587 562 617 terram
583 580 861 628 egrederentur.

74 644 271 682 XXVIII.
301 645 349 682 In
371 646 441 682 hac
468 644 686 681 turbatione
707 657 830 680 rerum
855 645 892 679 in
913 645 1138 682 concionem

19 710 147 745 vocari
176 709 344 760 placuit:
386 710 450 746 ubi
479 722 593 759 quum
623 709 684 745 alii
722 709 795 745 alio
825 709 1037 752 tenderent,
1068 722 1138 745 nee

21 774 154 825 procul
185 775 372 812 seditione
404 788 461 811 res
497 781 608 818 esset,
644 774 891 825 Apollonides
925 776 1136 825 principum

0 850 117 875 ‘unus
147 845 361 875 orationem
390 839 606 881 salutarem,
630 845 670 875 ut
699 841 736 874 in
766 839 832 875 tali
864 846 1047 889 tempore,
1069 840 1135 875 ha·
1149 839 1318 913 ctiapollimi-

1171 894 1197 913 ἃ
1212 893 1244 912 S'd
1261 890 1331 912 Uta-

18 901 102 940 buit
114 919 125 949 3
157 916 221 940 nec
238 916 335 952 spem
358 905 499 946 salutis,
527 917 590 940 nec
615 906 810 951 perniciem
826 906 1031 952 propiorem
1059 917 1136 940 iim-
1151 928 1189 957 ris
1205 926 1315 956 oratio.

19 979 128 1016 quam
156 969 294 1004 civitati
321 969 389 1004 ulli
406 967 535 1016 faisse.
593 968 634 1004 Si
658 970 750 1004 enim
779 980 849 1004 uno
874 969 992 1004 animo
1019 980 1137 1004 omnes

19 1031 77 1066 vel
95 1033 143 1067 ad
162 1032 355 1073 Romanos,
370 1032 427 1068 vel
445 1033 493 1067 ad
513 1031 831 1079 Karthaginienses
849 1033 1034 1075 inclinent,
1056 1033 1136 1068 nul-

23 1094 92 1132 lius
123 1097 276 1132 civitatis
303 1101 439 1132 statam
457 1095 746 1144 fortunatiorem
772 1096 1005 1132 beatior-entre
1023 1096 1138 1145 fore.-

21 1159 53 1195 si
80 1160 146 1195 alii
172 1160 245 1195 alio
272 1160 420 1196 trahant
448 1171 514 1201 res,
534 1172 605 1195 non
633 1161 726 1195 inter
746 1161 871 1196 Poenos
891 1160 1140 1208 Romanosque

23 1222 154 1260 bellum
186 1226 342 1260 atrocius
362 1222 466 1273 fore,
496 1237 604 1272 quam
633 1227 725 1261 inter
754 1227 846 1273 ipsos
875 1225 1140 1272 Syrcicusanos5

23 1299 131 1335 quum
151 1289 249 1323 intra
274 1289 413 1324 eosdem
431 1301 551 1324 muros
573 1300 660 1336 pars
681 1293 835 1336 utraque
859 1300 938 1324 suos
957 1290 1141 1331 exercitus,

23 1362 89 1386 sna
114 1364 231 1394 arma,
250 1364 330 1388 suos
357 1352 523 1388 habitura
548 1354 594 1387 sit
619 1354 733 1388 duces,
792 1353 933 1400 Itaque,
961 1357 1001 1388 ut
1026 1363 1144 1387 omnes

22 1415 118 1451 idem
141 1417 310 1458 sentiant,
336 1429 476 1452 summa
501 1418 536 1452 vi
561 1417 739 1464 agendum
766 1428 860 1452 esse:
889 1421 972 1452 utra
996 1418 1144 1452 societas

23 1479 70 1516 sit
87 1481 228 1523 utilior,
245 1492 322 1516 eam
345 1481 448 1528 longe
460 1482 634 1516 minorem
653 1493 696 1516 ac
715 1481 855 1516 levioris
872 1482 1040 1516 momenti
1059 1493 1141 1516 con-

22 1545 252 1582 sultationem
283 1558 381 1582 esse:
418 1548 481 1583 sed
513 1551 632 1582 tamen
668 1546 839 1582 Hieronis
868 1548 1001 1594 potius,
1036 1559 1142 1594 quam

24 1609 250 1657 Hieronymi,
270 1612 522 1647 auctoritatem
545 1612 758 1659 sequentinm
783 1612 820 1646 in
845 1612 946 1646 sociis
973 1611 1140 1657 legendis,

23 1673 80 1709 vel
111 1675 373 1721 quinquaginta
405 1675 508 1709 annis
532 1673 698 1722 feliciter
729 1678 911 1721 expertam
943 1675 1142 1709 amicitiam

26 1749 119 1773 nunc
137 1739 337 1785 incognitae,
359 1739 539 1786 quondam
559 1738 707 1786 infideli,
728 1736 1000 1786 preferendam.
1058 1738 1143 1773 Esse

24 1803 132 1838 etiam
151 1803 320 1838 momenti
339 1803 478 1851 aliquid
496 1803 544 1838 ad
566 1803 766 1844 consilium,
788 1803 882 1850 qziocl
901 1801 1141 1849 Karthagini-

21 1867 158 1902 ensibus
171 1868 225 1902 ita
240 1879 315 1915 pax
330 1869 454 1915 negari
469 1868 594 1916 possit,
612 1872 651 1902 ut
670 1878 738 1902 non
757 1867 876 1914 utique
896 1867 932 1902 in
948 1867 1142 1914 proesentia

25 1932 157 1969 bellum
182 1945 263 1969 cum
287 1935 336 1969 eis
360 1938 535 1981 geratur:
567 1946 647 1969 cum
678 1933 851 1969 Romanis
875 1934 1050 1980 extemplo
1079 1937 1143 1968 aut

22 2010 164 2046 pacem,
185 2002 251 2034 aut
269 1997 399 2034 bellum
415 1998 626 2035 habendum.
673 1998 762 2037 Quo
782 1998 904 2033 minus
925 1997 1142 2046 cupiditatis

29 2073 72 2098 ac
92 2062 206 2098 studii
227 2062 305 2098 visa
324 2068 382 2099 est
400 2063 524 2098 oratio
549 2062 704 2105 habere,
725 2075 771 2098 eo
798 2062 882 2112 plus
904 2061 1142 2097 auctoritatis

27 2124 173 2163 habuit.
229 2124 431 2176 Adjectum
458 2132 516 2162 est
537 2125 762 2176 praetoribus
789 2139 832 2161 ac
853 2124 1006 2160 delectis
1035 2136 1143 2160 sena-

29 2195 154 2226 torum
173 2189 336 2226 militare
355 2190 469 2226 etiam
490 2189 708 2226 consilium:
731 2188 830 2239 jussi
852 2195 888 2225 et
908 2182 1020 2224 duces
1041 2188 1141 2223 ordi-

29 2264 119 2289 num
137 2253 380 2303 praefectique
396 2253 622 2290 auxiliorum
641 2253 751 2289 simul
768 2252 974 2288 consulere.
1013 2252 1138 2290 Quum
1153 2257 1217 2330 {ax
1234 2267 1312 2306 curn

1183 2310 1309 2330 omanis

29 2327 127 2366 saepe
146 2322 232 2354 acta
253 2329 310 2354 res
338 2323 435 2354 esset
455 2317 601 2367 mag-nis
627 2315 909 2358 certaminibus,
932 2320 1139 2365 postremo,
1153 2344 1344 2375 decernitur.

1519 2547 1526 2567 Α
1512 2485 1527 2540 ἐς...
1523 2471 1525 2476 -
1515 2406 1527 2464 «ζμ-μ
