1527 2661
354 165 439 220 380
813 178 858 206 T.
886 178 1021 207 mvn

161 266 202 298 U.
216 268 253 299 C.
269 274 342 304 537.
356 271 423 303 tem
445 269 481 302 in
508 267 691 315 adparatu
711 269 799 315 ipso,
820 280 863 303 ac
890 273 1031 304 tantum
1049 267 1294 304 inchoantibus
1317 280 1385 312 res,
1406 279 1472 305 an·

159 311 250 343 A'C'
267 318 420 369 215'nus
447 334 716 380 circumagitur.
775 334 966 375 Quoniam,
998 334 1120 381 quales
1147 335 1240 369 viros
1267 346 1388 370 creare
1413 347 1474 370 vos

351 398 510 434 consules
535 399 669 439 deceat,
696 398 783 432 satis
811 403 861 432 est
890 398 1025 432 (lictum
1037 414 1049 441 ,-
1079 402 1203 440 restat,
1223 402 1265 433 ut
1288 409 1411 445 pauca
1430 400 1474 434 de

350 463 413 503 eis,
433 463 471 496 in
491 473 576 508 quos
600 462 848 508 praerogativae
865 459 980 508 favor
1006 461 1204 504 inclinavit,
1230 462 1358 497 dicam.
1415 461 1472 497 M.

350 525 528 561 AEmilius
557 524 721 572 Regillus
736 525 877 574 flamen
906 530 957 560 est
987 525 1202 567 Quirinalis,
1232 537 1335 573 quem
1361 537 1474 574 neque

348 591 492 625 mittere
510 590 554 625 ab
571 591 695 632 sacris,
716 601 826 638 neque
843 591 995 625 retinere
1012 602 1214 637 possumus,
1238 595 1278 625 ut
1302 602 1372 626 non
1390 591 1472 626 De-

348 651 411 689 dm
430 659 496 689 aut
514 654 596 689 bell-i
616 655 818 689 deseramus
837 666 972 689 curam.
1033 654 1208 689 Otacilius
1233 655 1363 689 sororis
1388 666 1474 690 meae

336 718 464 767 filiam
483 730 641 760 uxorem,
664 722 771 765 atque
789 729 831 753 ex
850 730 893 753 ea
913 718 1050 760 liberos,
1073 718 1176 754 habet
1188 734 1200 754 .·
1231 723 1386 754 ceterum
1403 730 1474 754 non

348 794 393 818 ea
411 787 526 818 vestra
555 784 592 818 in
621 795 677 818 me
704 781 924 830 majoresque
951 795 1044 818 meos
1071 784 1203 818 merita
1229 787 1325 825 sunt,
1344 786 1387 818 ut
1403 794 1474 818 non

342 848 525 895 potiorem
539 849 694 896 privatis
711 847 1021 883 necessitudinibus
1035 847 1290 894 rempublicam
1311 847 1472 884 habeam.

349 910 508 951 Quilibet
524 916 721 947 nautarum
741 916 993 959 vectorumque
1018 911 1214 958 tranquillo
1232 912 1326 946 mari
1342 910 1472 958 guber-

345 986 434 1010 nare
457 980 607 1023 potest:
636 976 696 1011 ubi
713 988 806 1011 sceva
835 981 916 1011 orta
945 980 1134 1023 tempestas
1161 979 1226 1018 est,
1257 987 1300 1011 ac
1330 975 1474 1011 turbato

344 1041 440 1075 mari
458 1041 602 1086 rapitur
623 1045 728 1076 vento
746 1042 859 1082 navis,
882 1045 957 1075 tum
977 1041 1055 1075 viro
1073 1045 1108 1075 et
1123 1039 1360 1086 gubernatore
1382 1051 1473 1088 opus

343 1107 408 1138 est.
466 1102 551 1137 Non
578 1103 774 1150 tranquillo
796 1105 1021 1150 navigamus,
1041 1104 1104 1138 sed
1120 1100 1201 1148 jam
1221 1104 1363 1151 aliquot
1382 1115 1470 1151 pro-

347 1167 445 1202 cellis
461 1166 630 1202 submersi
645 1179 736 1215 pene
753 1179 894 1202 sumus:
914 1168 1049 1214 itaque,
1067 1168 1143 1215 quis
1162 1167 1211 1202 ad
1227 1167 1470 1214 gubernacula

343 1231 480 1272 sedeat,
499 1242 639 1266 summa
658 1243 746 1266 cura
770 1231 1030 1277 providendum
1050 1242 1093 1266 ac
1116 1232 1389 1278 pra’eavendum
1407 1243 1470 1267 vo-

346 1293 396 1329 bis
423 1299 484 1329 est.
544 1295 587 1329 In
615 1295 751 1330 minore
781 1298 814 1329 te
843 1296 993 1342 experti,
1027 1294 1066 1330 T.
1085 1295 1233 1337 Otacili,
1259 1306 1302 1330 re
1324 1307 1470 1332 sumuse

346 1357 443 1393 haud
460 1370 558 1400 sane,
577 1370 641 1394 cur
659 1359 708 1393 acl
727 1356 866 1403 majora
884 1358 947 1393 tibi
953 1359 1130 1407 fidamus,
1148 1360 1348 1395 documenti
1363 1359 1468 1407 quid-

346 1434 455 1469 quam
474 1423 613 1458 declisti.
666 1422 821 1458 Classem
841 1423 907 1458 hoc
925 1435 1032 1466 anno,
1053 1424 1112 1459 cui
1131 1427 1168 1459 tu
1185 1423 1379 1472 praefinisti,
1402 1424 1468 1459 tri·

344 1498 405 1521 um
424 1499 540 1522 rerum
565 1499 689 1522 caussa
712 1489 945 1534 paravimus:
974 1492 1014 1523 ut
1031 1487 1170 1536 Africce
1193 1500 1293 1524 oram
1308 1488 1466 1536 popula·

343 1555 465 1595 retur3
498 1556 539 1586 ut
568 1556 648 1586 tuta
672 1551 770 1587 nobis
797 1552 915 1588 Italiae
941 1553 1049 1588 litora
1077 1556 1215 1595 essent‚·
1245 1557 1330 1587 ante
1347 1553 1467 1588 omnia

341 1626 388 1651 ne
406 1616 693 1664 supplementum
713 1629 793 1652 cum
817 1617 995 1665 stipendio
1014 1621 1283 1664 commeatuque
1307 1616 1351 1652 ab
1366 1616 1465 1652 Kar-

344 1679 490 1727 thagine
518 1680 719 1716 Hannibali
753 1685 1070 1729 transportaretur.
1130 1680 1256 1716 Create
1288 1682 1466 1717 consulem

346 1743 389 1778 T.
407 1744 615 1785 Otacilium,
643 1756 713 1779 non
743 1745 834 1786 dico,
856 1746 887 1780 si
915 1746 1034 1780 omnia
1063 1744 1148 1787 haec,
1178 1745 1241 1780 sed
1267 1745 1298 1779 si
1326 1745 1465 1792 aliquid

340 1818 459 1842 eorum
481 1808 683 1856 reipublicoe
704 1810 886 1856 praestitit.
935 1808 1002 1844 Sin
1022 1813 1156 1850 autem,
1180 1813 1214 1844 te
1238 1809 1381 1845 classem
1402 1808 1464 1844 ob·

341 1872 487 1913 tinente,
512 1872 636 1914 etiam,
660 1873 756 1907 velut
780 1877 915 1919 pacato
942 1874 1050 1912 mari,
1073 1873 1236 1920 quaelibet
1262 1872 1463 1908 Hannibali

340 1939 420 1969 tuta
439 1940 546 1982 atque
566 1937 705 1983 integra
724 1936 767 1971 ab
787 1937 891 1972 domo
909 1941 1103 1972 venerunt:
1131 1938 1162 1972 si
1180 1949 1244 1972 ora
1265 1937 1385 1972 Italiae
1404 1938 1461 1972 in-

327 1996 463 2045 festior
483 1998 548 2033 lzoc
567 2011 673 2041 anno,
696 2011 804 2047 quam
819 1999 967 2048 Africae,
977 1999 1082 2048 fuit5
1105 2001 1194 2048 quid
1213 2001 1328 2036 elicere
1341 2004 1457 2047 potes,

334 2073 400 2097 cur
419 2066 452 2097 te
466 2064 691 2109 potissimum
711 2065 835 2100 ducem
855 2064 1056 2100 Hannibali
1075 2064 1167 2100 hosti
1185 2064 1392 2112 obponant.9
1417 2063 1459 2099 Si

336 2126 458 2161 consul
490 2137 589 2168 esses,
624 2128 837 2162 dictatorem
869 2128 1054 2163 dicendum
1089 2128 1248 2175 exemplo
1280 2125 1457 2172 majorum

333 2193 536 2224 nostrorum
556 2201 794 2226 censeremus:
823 2203 886 2227 nec
906 2196 945 2227 tu
965 2193 1002 2227 id
1028 2192 1210 2239 indignari
1233 2203 1364 2238 posses,
1385 2191 1455 2227 ali-

334 2265 437 2300 quem
458 2255 493 2288 in
511 2254 657 2289 civitate
686 2254 852 2290 Romana
870 2257 1052 2292 meliorem
1077 2256 1166 2291 bello
1192 2255 1326 2297 haberi,
1347 2267 1454 2302 quam

333 2320 392 2353 te:
419 2314 534 2365 magis
560 2319 695 2354 nullius
725 2320 883 2364 interest,
906 2332 1012 2368 quam
1041 2324 1117 2362 tua,
1148 2320 1187 2355 T.
1205 2319 1354 2361 Otacili,
1381 2330 1452 2355 non
