1527 2661
330 132 414 183 486
788 151 834 180 T.
860 152 991 182 mvn

1473 225 1474 237 i

140 243 181 274 U,
200 245 235 274 c,
251 253 324 277 540,
336 234 399 270 dio
419 247 503 272 cum
524 236 687 274 clamore
706 252 774 290 per
789 248 909 278 totam
926 245 1045 281 aciem
1065 248 1287 285 nunciantes
1304 250 1447 288 discur-
1474 255 1477 305 ζ

138 288 234 371 ⁴¹¹}ss
250 296 438 347 312·runt,
459 301 726 352 imperatorem
752 304 972 344 Romanum
998 311 1188 348 cecidisse.
1245 313 1342 355 Haec
1363 328 1447 365 per·
1477 325 1479 361 3

139 351 324 422 occisiipsxfet
334 371 473 412 vagata
491 368 631 415 passim
654 381 742 411 vox,
765 376 805 405 ut
826 377 864 406 et
882 371 1010 408 hostes
1031 374 1132 410 haud
1151 376 1264 413 dubie
1282 391 1352 428 pro
1373 380 1449 415 vic·

139 428 297 460 exereitus
333 428 494 472 toribus,
516 437 554 465 et
583 430 749 468 Romani
779 446 848 483 pro
878 435 984 471 victis
1015 444 1154 482 essent,
1183 439 1286 477 fecit.
1341 441 1450 491 Fuga
1481 433 1483 468 ἶ

140 479 251 501 ‘³⁵⁰³'
334 493 535 529 confestim
555 507 601 531 ex
621 497 714 539 acie,
736 497 830 534 duce
857 500 1010 544 amisso,
1031 502 1110 538 fieri
1130 510 1256 554 coepta
1275 512 1354 541 est:
1386 519 1448 542 ce·
1486 540 1487 548 ,

331 565 454 596 terum
476 567 517 596 ut
537 562 583 598 ad
609 565 880 614 erumpendum
906 566 1005 602 inter
1023 566 1210 604 Numidas
1236 568 1448 619 leviumque
1486 554 1490 605 ἶ

332 636 523 661 armorum
543 626 616 662 alia
636 628 776 665 auxilia
801 630 903 666 haud
922 631 1082 668 difficilis
1105 645 1163 668 res
1183 640 1264 669 erat
1276 650 1287 679 3
1319 635 1374 671 ita
1393 634 1448 671 ef-
1491 660 1492 669 2

332 689 463 738 fugere
489 697 637 728 tantum
667 694 850 743 equitum,
873 696 1177 745 ‘aequantiumque
1206 709 1321 746 equos
1345 697 1449 734 velo·

333 755 447 791 citate
471 756 654 806 peditum,
675 759 737 794 vix
762 765 963 808 poterant:
997 761 1157 810 caesique
1181 774 1300 811 prope
1324 761 1448 812 plures

333 818 371 854 in
387 819 491 869 fuga,
507 834 620 870 quam
638 822 678 858 in
697 835 839 873 pugna,
858 831 946 860 sunt
961 839 968 860 ε
1001 837 1070 862 nec
1086 826 1331 876 superfuisset
1346 827 1449 876 quis·
1498 845 1500 879 ’Ξ

334 897 460 933 quam,
480 886 519 921 ni
539 888 724 938 praecipiti
747 887 830 938 jam
850 889 897 925 ad
927 901 1122 940 vesperum
1142 890 1202 927 die
1224 903 1301 927 nox
1330 892 1446 928 inter·
1501 928 1516 939 ,Ἰ

332 949 510 987 venisset.
1503 983 1504 990 ,

387 1013 561 1051 XXXV.
592 1014 708 1053 Haud
735 1019 901 1066 segniter
927 1019 1014 1055 inde
1033 1019 1145 1055 duces
1165 1019 1276 1056 Poeni
1294 1019 1450 1057 fortuna
1504 1010 1519 1051 ³1

335 1079 406 1122 usi,
433 1080 634 1116 confestim
655 1094 675 1117 e
694 1081 845 1131 proelio,
877 1083 937 1118 vix
966 1084 1178 1119 necessaria
1207 1084 1332 1132 quiete
1362 1084 1450 1120 data

334 1141 533 1187 militibus,
554 1144 599 1180 ad
628 1144 907 1181 Hasdrubalem
939 1145 1167 1182 Hamilcaris
1198 1147 1357 1183 citatum
1381 1160 1450 1197 ag-

334 1219 420 1243 men
440 1209 606 1258 rapiunt,
626 1222 705 1245 non
725 1209 839 1246 dubia
854 1223 933 1261 spe,
950 1224 1065 1260 quum
1078 1210 1207 1261 juncti
1226 1217 1364 1256 essent,
1385 1212 1449 1248 de·

140 1277 218 1308 Tres
234 1271 467 1309 Poenibellari
485 1286 609 1323 posse.
665 1275 754 1314 Quo
780 1275 844 1310 ubi
871 1282 928 1311 est
950 1282 1118 1319 ventum,
1139 1277 1237 1312 inter
1263 1277 1449 1313 exercitus

137 1320 324 1402 Ϋέῐξὲῧξιῗὲἑ
336 1337 535 1387 ducesque,
567 1340 726 1376 victoria
753 1340 895 1376 recenti
925 1339 1046 1383 laetos,
1078 1340 1283 1389 gratulatio
1315 1341 1450 1390 ingens

140 1406 291 1479 {dvesrsus
335 1401 450 1444 facta,
471 1402 698 1452 imperatore
718 1409 827 1439 tanto
844 1416 928 1439 cum
945 1404 1049 1439 omni
1069 1404 1235 1440 exercitu
1255 1403 1394 1447 deleto,
1411 1411 1450 1440 et

172 1459 204 1479 n·
239 1458 283 1479 cl-

142 1492 284 1532 pionem·
336 1465 493 1502 alteram
512 1479 581 1516 pro
601 1467 701 1503 haud
721 1467 835 1503 dubia
854 1481 982 1518 parem
1002 1468 1199 1504 victoriam
1225 1474 1448 1518 exspectan-

336 1536 405 1566 tes,
462 1530 522 1566 Ad
542 1530 740 1567 Romanos
760 1531 930 1567 nondum
947 1532 1096 1580 quidem
1115 1531 1217 1567 fama
1235 1537 1351 1567 tantae
1373 1531 1449 1568 cla-

336 1595 391 1630 dis
411 1602 646 1644 pervenerat,
663 1596 727 1631 sed
742 1602 920 1632 moestum
937 1596 1126 1644 quoddam
1147 1594 1337 1631 silentium
1355 1602 1449 1639 erat,

337 1665 375 1694 et
401 1658 518 1694 tacita
537 1659 747 1703 divinati03
779 1659 899 1708 qualis
913 1658 997 1709 jam
1027 1658 1339 1708 praesagientibus
1369 1660 1451 1695 ani—

336 1723 407 1759 mis
425 1723 643 1758 inminentis
665 1722 753 1758 mali
770 1735 850 1759 esse
870 1723 978 1759 solet.
1010 1723 1222 1772 Imperator
1241 1723 1337 1772 ipse,
1356 1736 1452 1772 prae-

337 1794 510 1837 tei-quam
526 1788 627 1836 quod
647 1787 693 1824 ab
714 1788 826 1823 sociis
847 1800 886 1823 se
903 1788 1105 1829 desertum,
1121 1788 1289 1823 hostium
1304 1793 1453 1823 tantum

338 1858 468 1888 auctas
488 1852 615 1902 copias
643 1852 846 1895 sentiebat,
867 1851 1088 1901 conjectura
1107 1852 1222 1887 etiam
1249 1857 1286 1887 et
1305 1852 1453 1888 ratione

337 1916 384 1952 ad
414 1916 668 1966 suspicionem
697 1922 862 1965 acceptae
892 1915 1020 1958 cladis,
1042 1929 1154 1964 quam
1175 1915 1220 1951 ad
1250 1914 1364 1951 ullam
1382 1914 1454 1950 bo-

336 1993 425 2017 nam
452 1993 570 2031 spem,
591 1981 748 2031 pronior
777 1987 868 2016 erat.
928 1982 1093 2021 Quonam
1112 1981 1216 2016 modo
1244 1981 1337 2015 enim
1356 1980 1453 2015 Has-

338 2045 517 2081 drubalem
549 2057 592 2080 ac
610 2045 817 2092 Magonem,
848 2046 917 2080 nisi
945 2044 1131 2093 defunctos
1158 2056 1221 2079 suo
1247 2043 1349 2085 bello,
1379 2044 1454 2078 sine

338 2111 531 2145 certamine
552 2110 728 2145 adducere
753 2111 945 2144 exercitum
967 2111 1124 2156 potuisse
1137 2110 1157 2141 9
1187 2107 1369 2148 Quomodo
1388 2119 1453 2142 au-

339 2179 408 2210 tem
428 2186 496 2209 non
515 2173 698 2215 obstitisse,
721 2178 786 2208 aut
812 2173 856 2208 ab
876 2177 974 2220 tergo
995 2177 1154 2208 secutum
1174 2171 1337 2220 fratrem
1350 2171 1371 2206 9
1398 2175 1452 2212 ut,

336 2241 366 2275 si
381 2239 581 2288 prohibere,
602 2251 670 2287 quo
689 2240 802 2274 minus
822 2239 857 2273 in
881 2250 993 2273 unum
1013 2238 1147 2273 coirent
1165 2241 1199 2271 et
1218 2237 1322 2272 duces
1340 2239 1373 2269 et
1392 2246 1451 2270 ex-

339 2306 469 2342 ercitus
487 2304 654 2346 hostium,
675 2315 744 2339 non
767 2307 898 2352 posset,
918 2303 992 2351 ipse
1017 2307 1109 2338 certe
1128 2313 1206 2337 cum
1224 2299 1350 2348 fratre
1369 2310 1451 2335 con-
