1527 2661
126 270 218 302 U.C.
237 278 308 303 540.

125 316 165 346 Α.
180 314 217 345 C.
234 322 307 346 212.

110 2020 243 2057 Legato-

110 2071 184 2092 rum
202 2061 260 2100 Sy-

109 2113 281 2135 racusanu-

109 2157 183 2178 rum
202 2148 242 2176 ad

107 2190 247 2221 Marcel-

107 2234 179 2263 lum
195 2243 265 2264 ora-

107 2278 162 2308 tio.

336 170 419 222 475
774 182 820 211 τ.
845 183 978 212 mvn

321 282 386 320 spe
406 269 537 306 salutis
568 268 765 320 perpulere
793 283 873 314 eos,
895 278 937 308 ut
966 284 1093 309 secum
1122 273 1320 324 praefectos
1343 276 1434 328 Epi-

320 334 437 383 cydiS,
459 333 704 383 Polyclitum,
721 341 760 370 et
778 334 1059 379 Philistionem,
1081 343 1119 373 et
1137 338 1360 388 Epicydem,
1377 341 1438 376 cui

318 399 466 436 Sindon
499 410 713 446 cognomen
750 405 845 442 erat,
877 400 1195 448 adgrederentur:
1227 403 1437 440 interfectis

317 463 378 506 iis,
398 469 437 499 et
456 462 699 499 multitudine
719 463 767 498 ad
786 464 1011 500 concionem
1026 471 1176 509 vocata,
1192 473 1231 502 et
1249 467 1435 517 inopiam,

317 541 393 577 qua
412 528 484 578 ipsi
514 527 613 563 inter
639 539 681 563 se
700 527 861 564 fremere
889 528 1039 564 occulte
1068 528 1172 566 soliti
1200 537 1322 574 erant,
1344 545 1436 569 con-

316 593 456 642 questi,
473 605 690 641 quamquam
711 598 763 628 tot
781 594 880 629 mala
898 598 1077 641 urgerent,
1093 601 1296 643 negarunt,
1306 596 1436 644 fortu-

315 670 403 694 nam
422 657 663 693 accusandam
682 668 766 699 esse,
788 658 882 705 quod
902 659 939 693 in
962 659 1119 706 ipsorum
1137 663 1224 695 esset
1244 664 1436 708 potestate,
1491 683 1494 686 ·

315 723 490 771 quamdiu
510 734 552 757 ea
568 726 792 770 paterentur.
841 722 1016 758 Romanis
1034 735 1195 759 caussam
1209 719 1439 773 obpugnandi

314 787 514 836 Syracusas
521 785 641 835 fuisse
660 787 851 822 caritatem
868 785 1190 833 Syracusanorum,
1208 799 1279 824 non
1294 790 1438 827 odium:

313 864 414 893 nam,
434 856 474 887 ut
493 855 686 898 occupatas
703 861 759 886 res
777 849 820 886 ab
832 850 1048 886 satellitibus
1059 851 1290 895 Hannibalis,
1308 853 1438 890 deinde

315 917 541 964 Hieronymi,
562 916 789 963 Hippocrate
816 919 924 963 atque
944 916 1106 963 Epicyde
1134 906 1329 960 audierint,
1361 923 1438 954 tum

315 980 447 1017 bellum
475 981 635 1023 movisse,
654 984 691 1014 et
709 978 866 1014 obsidere
893 978 1014 1014 urbem
1038 981 1193 1027 recepisse,
1214 985 1256 1016 ut
1278 982 1437 1018 crudeles

312 1050 486 1093 tyrannos
496 1043 587 1090 ejus,
603 1056 675 1079 non
689 1049 732 1080 ut
751 1045 866 1092 ipsam
880 1043 1016 1086 urbem,
1033 1050 1290 1092 expugnarent.
1336 1046 1434 1095 Hip-

309 1114 461 1158 pocrate
489 1121 572 1145 vero
600 1111 799 1151 interemto,
823 1109 983 1156 Epicyde
1001 1109 1190 1145 intercluso
1215 1110 1257 1145 ab
1277 1110 1436 1158 Syracu-

311 1174 373 1216 sis,
412 1178 448 1209 et
473 1172 655 1222 proefectis
683 1171 757 1219 ejus
788 1174 922 1214 occisis,
953 1172 1312 1221 Karthaginiensibus
1338 1177 1435 1211 omni

309 1239 526 1286 possessione
541 1238 677 1273 Siciliae
697 1242 793 1273 terra
813 1239 974 1286 murique
988 1239 1115 1286 pulsiS,
1134 1250 1242 1286 quam
1259 1251 1435 1287 superesse

313 1315 474 1338 caussam
494 1302 682 1345 Romanis,
703 1315 765 1338 cur
780 1315 863 1345 non,
884 1304 1034 1350 perinde
1052 1315 1095 1339 ac
1112 1305 1142 1339 si
1156 1303 1272 1339 Hiero
1289 1305 1361 1352 ipse
1379 1307 1433 1341 vi-

310 1373 422 1411 veret,
453 1369 576 1403 unicus
596 1367 769 1403 Romame
797 1368 966 1403 mnicitiae
993 1368 1124 1410 cultor,
1153 1369 1344 1404 incolumes
1362 1369 1431 1417 Sy-

308 1445 459 1469 racusas
486 1445 556 1469 esse
587 1434 697 1469 relint
711 1434 732 1469 ,9
761 1433 889 1480 Itaque
923 1445 988 1468 nec
1023 1432 1103 1468 urbi
1137 1445 1201 1469 nec
1236 1433 1433 1469 hominibus

310 1499 414 1534 aliud
429 1499 645 1546 periculum,
666 1510 773 1546 quam
800 1497 844 1532 ab
861 1502 970 1532 semet
998 1498 1096 1544 ipsis,
1122 1509 1205 1539 esse,
1224 1499 1255 1532 si
1273 1499 1430 1534 occasio·

308 1574 388 1598 nem
407 1563 664 1599 reconciliandi
678 1575 715 1598 se
730 1563 903 1598 Romanis
917 1562 1248 1610 praetermisissent:
1265 1575 1346 1598 eam
1361 1575 1428 1598 au-

309 1632 393 1669 tem,
416 1628 532 1675 qualis
551 1628 615 1663 illo
635 1631 812 1663 momento
832 1626 926 1662 lzorae
944 1627 1003 1668 sit,
1023 1626 1163 1662 nullam
1183 1627 1311 1662 deinde
1324 1627 1427 1675 sore,

305 1693 414 1728 simul
433 1693 599 1728 liberatos
618 1693 661 1728 ab
680 1691 920 1739 inpotentibus
940 1692 1100 1739 tyrannis
1119 1692 1354 1739 adpuruisset.

362 1755 522 1792 XXIX.
552 1755 735 1791 Omnium
752 1755 899 1803 ingenti
918 1754 1081 1790 adsensu
1095 1755 1224 1791 audita
1244 1768 1287 1791 ea
1303 1756 1426 1791 oratio

306 1826 378 1856 est.
433 1819 621 1856 Praetores
638 1826 765 1855 tamen
786 1819 888 1869 prius
909 1819 1041 1861 creari,
1059 1831 1171 1868 quam
1191 1818 1337 1868 legatos
1355 1832 1426 1855 no-

306 1884 456 1926 minari,
485 1883 650 1933 placuit:
683 1897 730 1920 ex
759 1884 929 1934 ipsorum
958 1884 1092 1920 deinde
1120 1892 1325 1935 praetorum
1354 1898 1425 1921 nu-

306 1960 412 1984 mero
442 1949 546 1984 missi
574 1955 744 1985 oratores
775 1949 820 1984 ad
849 1948 1076 1985 Marcellum
1092 1963 1100 1984 :
1132 1962 1293 1998 quorum
1321 1950 1426 2000 prin-

304 2024 409 2062 ηερε,
431 2013 556 2061 Neque
577 2015 711 2061 primo,
740 2013 877 2061 inquit,
899 2013 1119 2062 Syracusani
1139 2027 1161 2050 a
1179 2015 1273 2051 vobis
1291 2015 1425 2064 defeci-

305 2089 397 2119 mus',
427 2079 488 2114 sed
506 2078 760 2126 Hieronymus,
782 2091 1007 2128 nequaquam
1037 2084 1110 2116 tam
1141 2081 1177 2115 in
1205 2092 1264 2116 vos
1292 2081 1423 2127 inpius,

306 2154 414 2190 quam
434 2142 471 2178 in
498 2154 583 2178 nos:
611 2154 674 2178 nec
688 2147 813 2190 postea
837 2155 979 2191 pacem,
1002 2145 1145 2192 tyranni
1172 2145 1265 2180 caede
1284 2156 1427 2192 compo-

303 2210 425 2251 sitam,
447 2208 694 2256 Syracusanus
714 2211 913 2258 quisquam,
937 2211 998 2246 sed
1021 2211 1193 2246 satellites
1216 2210 1308 2256 regii
1326 2209 1422 2257 Hip·

301 2278 465 2321 pocrates
484 2278 590 2321 atque
609 2274 794 2322 Epicydes,
813 2276 982 2324 obpressis
1000 2275 1098 2311 nobis
1116 2275 1196 2311 hinc
1215 2278 1324 2316 metu,
1342 2274 1423 2309 hinc

290 2336 446 2385 jraucle,
480 2337 734 2375 turbaverunt:
765 2351 828 2375 nec
847 2341 1034 2389 quisquam
1061 2340 1175 2375 dicere
1198 2342 1331 2387 potest,
1352 2338 1423 2374 uli-
