1527 2661
295 190 383 229 420
762 192 807 220 T.
831 191 963 220 mvn

106 288 438 321 Usta-<avocant
468 282 613 329 locum)
638 285 876 328 communiit,
910 284 1194 333 aedificavitque.
1252 285 1348 324 Haec
1378 288 1419 325 in

106 334 146 363 Α·
161 333 196 362 C·
215 342 289 364 9⁴⁴²·
304 348 431 384 Sicilia.
452 360 568 397 usque
589 348 635 383 ad
653 349 883 398 principium
900 349 1035 384 hiemis
1057 356 1175 397 gesta.

109 412 259 485 Beuugii'
358 412 444 448 XL.
477 413 620 448 Eadem
652 418 781 448 aestate
811 419 849 448 et
878 425 964 448 cum
987 413 1166 464 Philippo
1195 427 1298 464 rege,
1319 415 1420 465 quod

109 465 186 485 cum
254 466 270 485 l·
306 475 314 482 ·

109 498 207 538 lippo.
298 489 381 526 =jan]
402 482 489 511 ante
510 482 725 524 suspectum
743 475 879 519 fuerat,
896 483 1043 512 motum
1058 476 1199 514 bellum
1218 485 1287 516 est.
1342 479 1419 515 Le-

306 541 383 589 gati
411 540 456 575 ab
478 540 596 575 Orico
624 540 671 575 ad
697 538 752 575 M.
771 539 964 576 Valerium
995 547 1194 590 praetorem
1219 549 1418 586 venerunt,

305 604 570 653 praesidentem
597 602 706 638 classi
734 603 940 639 Brundisio
962 604 1222 654 Calabriaeque
1249 606 1347 642 circa
1374 605 1420 642 li-

305 667 468 709 toribus,
496 668 720 702 nunciantes
748 667 964 717 Philippum
995 670 1157 718 primum
1176 669 1422 720 Apolloniam

307 737 487 773 tentasse,
519 730 652 766 lembis
682 730 888 766 biremibus
921 739 1072 768 centum
1109 733 1244 781 viginti
1269 733 1423 769 flumine

308 796 463 832 adverso
495 795 739 831 subvectum:
773 795 922 838 deinde,
954 804 995 832 ut
1024 810 1068 832 ca
1100 810 1158 833 res
1187 798 1332 833 tardior
1360 810 1428 847 spe

111 854 246 926 gglfum
264 864 281 885 a
305 859 434 902 fuerit,
457 860 502 896 ad
522 859 679 895 Oricum
701 859 797 895 clam
818 867 933 897 nocte
954 863 1158 897 exercitum
1187 862 1421 897 admovisse:

111 907 257 979 ωέῑᾙξε
307 936 464 973 eamque
484 924 629 967 urbem,
653 925 761 960 sitam
785 925 820 959 in
844 925 973 974 plano,
991 938 1113 974 neque
1133 926 1337 968 moenibu&
1358 938 1425 961 ne-

306 1000 379 1037 que
398 989 486 1024 viris
508 997 621 1037 atque
641 989 754 1024 armis
774 988 951 1031 validam,
973 990 1096 1038 primo
1117 991 1247 1039 inpetu
1268 989 1423 1039 obpres-

306 1065 385 1089 sam
406 1064 498 1088 esse.
557 1052 653 1088 Haec
672 1053 897 1088 nunciantes
919 1053 1094 1096 orabant,
1113 1062 1152 1088 ut
1170 1065 1280 1103 opem
1293 1053 1422 1096 ferret,

305 1117 530 1164 hostemque
558 1116 659 1150 haud
678 1115 834 1151 dubium
854 1115 1040 1151 Romanis
1069 1124 1170 1152 terra
1193 1122 1258 1152 aut
1278 1117 1423 1152 mariti-

308 1181 377 1216 mis
406 1180 546 1216 viribus
575 1186 742 1225 arceret,
777 1180 839 1228 qui
860 1180 909 1215 ob
930 1180 1073 1216 nullam
1100 1180 1210 1216 aliam
1238 1193 1422 1223 caussam,

310 1244 379 1279 uisi
405 1244 506 1293 quod
536 1245 765 1280 inminerent
792 1243 926 1286 Italiae,
955 1251 1184 1294 peterentur.
1241 1244 1298 1281 M.
1311 1244 1425 1280 Vale-

308 1309 398 1350 rius,
416 1308 594 1358 praesidio
611 1307 686 1343 loci
702 1307 781 1357 ejus
802 1308 936 1344 relicto
952 1308 1159 1344 P.Valerio
1180 1308 1320 1357 legato,
1339 1321 1424 1344 cum

307 1371 424 1407 classe
440 1372 626 1407 instructa
644 1378 866 1420 parataque,
889 1378 940 1414 et,
959 1373 1060 1421 quod
1080 1372 1203 1421 longae
1219 1384 1332 1408 naves
1354 1371 1424 1407 mi-

307 1435 415 1471 litum
436 1448 568 1485 capere
585 1448 663 1471 non
683 1443 876 1485 poterant,
895 1437 932 1471 in
953 1438 1143 1472 onerarias
1160 1436 1349 1485 inpositis,
1368 1434 1422 1471 al-

306 1506 388 1535 tero
409 1499 468 1535 die
497 1499 655 1536 Oricum
684 1501 878 1550 pervenit:
911 1501 1116 1549 urbemque
1146 1513 1243 1543 eam,
1264 1500 1333 1535 levi
1364 1508 1422 1536 te—

305 1568 420 1598 nente
449 1564 638 1612 praesidio,
660 1563 761 1611 quod
787 1564 963 1599 recedens
994 1564 1081 1599 inde
1109 1563 1311 1612 reliquerat
1331 1564 1423 1599 Phi-

110 1631 282 1671 Apollonia
307 1625 446 1675 lippus,
466 1626 565 1662 haud
596 1639 736 1674 magno
766 1627 970 1663 certamine
999 1628 1153 1676 recepit.
1208 1626 1346 1675 Legati
1377 1640 1422 1663 eo

113 1676 237 1705 obsessa
254 1685 271 1704 a

114 1718 260 1757 Philippo
308 1688 354 1725 ab
387 1688 596 1740 Apollonia
632 1696 831 1732 venerunt,
870 1690 1110 1732 nunciantes,
1147 1691 1184 1725 in
1225 1690 1422 1725 obsidione

309 1765 403 1796 sese,
432 1753 532 1802 quod
554 1753 712 1789 deficere
743 1753 789 1789 ab
812 1753 998 1789 Romanis
1029 1753 1192 1795 nollent,
1222 1766 1323 1789 esse:
1357 1766 1426 1789 ne-

309 1829 380 1865 que
401 1818 584 1852 sustinere
605 1817 703 1853 ultra
722 1818 797 1852 vim
816 1817 1074 1853 BIacedonum
1094 1830 1218 1866 posse,
1235 1817 1307 1852 nisi
1327 1830 1422 1866 prae-

309 1882 444 1917 sidium
465 1882 638 1917 mittatur
658 1881 888 1917 Romanum.
946 1881 1153 1916 Facturum
1170 1893 1222 1923 se,
1244 1894 1325 1929 quae
1346 1881 1424 1916 vel-

310 1945 401 1987 lent,
431 1944 636 1994 pollicitus,
659 1945 732 1981 duo
763 1945 881 1981 millia
907 1944 1138 1980 delectorum
1168 1944 1329 1980 militum
1355 1957 1423 1981 na-

309 2008 416 2043 vibus
437 2007 561 2055 longis
582 2009 701 2044 mittit
721 2008 768 2044 ad
787 2009 928 2044 ostium
942 2008 1121 2050 fluminis,
1140 2020 1224 2042 cum
1244 2007 1425 2056 praefecto

310 2071 469 2113 socifim,
492 2072 539 2110 Q.
553 2071 689 2107 Naevio
711 2073 850 2115 Crista,
871 2073 950 2107 viro
978 2073 1128 2122 inpigro
1148 2078 1186 2107 et
1211 2072 1332 2121 perito
1353 2072 1423 2107 mi-

310 2136 411 2172 litiae.
470 2134 521 2177 Is,
544 2131 725 2185 expositis
751 2137 788 2171 iu
811 2144 950 2173 terram
974 2136 1171 2179 militibus,
1192 2135 1423 2184 navibusque

310 2200 466 2236 Oricum
485 2207 600 2244 retro,
623 2202 720 2237 unde
740 2200 907 2244 venerat,
929 2202 975 2238 ad
1001 2210 1164 2238 ceteram
1184 2201 1340 2236 classem
1367 2213 1424 2236 re-

310 2266 446 2308 missis,
468 2264 604 2302 milites
626 2265 760 2317 procul
779 2279 801 2302 a
820 2266 975 2303 flumine
995 2279 1062 2317 per
1081 2267 1180 2303 viam
1199 2266 1355 2302 minime
1377 2264 1423 2302 ab
