1527 2661
272 178 423 207 LIBER
450 177 591 206 XXIV.
625 177 731 206 CAP.
755 176 982 206 XXXVIII·
1090 175 1170 217 417

65 278 251 316 arcemque
267 280 338 304 suoe
359 269 560 316 potestatis,
581 268 701 310 aiunt,
723 267 844 303 debere
868 279 950 310 esse,
970 268 1000 302 si
1019 265 1118 302 liberi
1138 269 1173 301 in
1186 269 1276 301 U.C.
1295 275 1369 301 538.

63 332 280 375 societatem,
306 345 375 368 non
397 335 490 369 servi
518 335 553 368 in
580 333 792 375 custodiam,
815 332 941 367 traditi
969 336 1078 367 essent
1098 331 1173 367 Ro-
1185 316 1224 345 A·
1241 314 1277 344 C'
1296 320 1372 344 ⁹¹4⁹

64 397 203 432 manis:
233 398 352 445 itaque
371 399 486 433 claves
500 402 691 446 portarum
710 397 814 432 reddi
834 396 900 431 sibi
919 407 1067 445 aequum
1086 407 1173 430 cen-

64 465 159 496 sent.
190 461 300 498 Bonis
317 464 419 499 sociis
425 464 541 512 fldem
554 474 655 498 suam
673 462 869 497 maximum
887 461 1068 496 vinculum
1081 471 1175 496 esse:

63 528 99 559 et
117 525 170 560 ita
187 525 252 561 sibi
274 527 450 574 populum
470 526 676 562 Romanum
700 529 931 573 senatumque
946 526 1086 571 gratias
1111 524 1175 559 ha·

63 587 232 632 biturum,
251 592 282 626 si
300 592 466 633 volentes,
488 603 531 627 ac
554 602 625 627 reon
643 591 769 633 coacti,
789 590 996 625 mansissent
1020 591 1057 625 in
1084 590 1178 624 ami-

63 652 162 689 citia.
176 672 186 681 ο
218 654 280 689 Ad
295 667 339 690 ea
357 654 569 698 Romanus,
588 654 635 690 Se
652 655 687 689 in
701 654 871 702 praesidio
886 654 1076 701 inpositum
1092 665 1182 696 esse,

62 715 198 759 dicere,
219 718 262 753 ab
281 720 497 766 imperatore
515 731 577 754 suo
591 734 602 754 .·
631 718 814 765 clavesque
836 721 1025 765 portarum
1044 722 1079 753 et
1098 729 1175 753 cus-

63 779 200 816 todiam
219 783 312 817 arcis
337 783 380 818 ab
398 795 437 818 eo
457 784 643 830 accepisse,
664 793 740 829 quae
758 793 820 817 nee
844 793 907 816 suo
925 792 988 816 nec
1005 781 1182 817 Hermen-2v

59 843 150 878 sium
176 845 324 881 arbitrio
349 846 505 888 haberet,
531 847 592 881 sed
617 843 701 891 ejus,
724 846 784 892 qui
809 845 1057 880 commisisset:
1081 857 1177 893 prce-

61 908 153 944 sidio
180 910 345 946 decedere
371 912 470 959 apud
490 911 672 946 Romanos
698 910 835 956 capital
853 920 947 945 esse:
976 914 1012 944 et
1030 921 1111 945 nece
1131 911 1176 945 li-

62 972 223 1010 berorum
252 978 360 1012 etiam
387 989 532 1012 suorum
564 988 643 1011 eam
673 976 783 1022 legem
810 978 979 1022 parentes
1010 975 1176 1009 sanxisse.

65 1037 248 1075 Consulem
271 1041 487 1076 Marcellum
513 1041 611 1076 haud
633 1039 760 1087 procul
785 1050 879 1074 esse:
910 1039 958 1073 ad
987 1050 1066 1074 eum
1092 1039 1176 1074 mita

65 1106 179 1138 terent
198 1104 343 1151 legatOS,
363 1103 461 1150 cujus
470 1103 567 1150 juris
586 1108 691 1151 atque
710 1103 850 1138 arbitrii
865 1106 962 1137 esset.
1021 1101 1067 1137 Se
1087 1114 1177 1138 vero

63 1178 202 1213 negare
222 1167 273 1202 illi
296 1168 498 1204 missuros:
531 1168 750 1216 testarique,
773 1167 803 1202 si
822 1166 945 1202 verbis
972 1165 1067 1201 nihil
1087 1178 1176 1214 age-

13 1236 18 1241 ”
67 1237 163 1272 rtur,
191 1232 395 1269 vindictam
427 1233 590 1281 aliquam
625 1231 811 1267 libertatis
843 1244 918 1266 suae
938 1231 1175 1279 quaesituros.

63 1294 161 1330 Tun]
193 1296 364 1332 Pinarius
382 1312 388 1331 z
423 1303 460 1333 at
493 1298 559 1339 illi,
592 1298 622 1332 si
655 1297 703 1331 ad
735 1296 912 1331 consulem
939 1300 1177 1342 gravarentur

62 1362 216 1402 mittere,
237 1361 300 1396 sibi
321 1362 445 1396 saltem
467 1363 594 1396 darent
616 1361 745 1408 populi
764 1360 949 1395 concilium
966 1374 978 1394 .·
1005 1363 1046 1394 ut
1070 1361 1175 1394 scire-

64 1429 134 1466 tur,
155 1429 277 1460 utrum
293 1437 491 1472 paucorum
517 1437 558 1460 ea
577 1426 806 1465 denunciata,
827 1436 872 1458 (m
903 1425 1071 1459 universce
1089 1425 1175 1459 civi-

65 1490 162 1530 tatis,
199 1493 320 1524 essent.
379 1489 577 1524 Consensu
614 1489 652 1523 in
687 1493 879 1538 posterum
911 1487 1009 1522 diem
1041 1488 1176 1524 concio

63 1552 233 1589 edicitur.

115 1616 352 1653 XXXVIII.
382 1618 590 1668 Postquam
617 1619 664 1654 ab
686 1631 731 1654 eo
752 1617 958 1666 conloquio
986 1618 1025 1653 in
1050 1630 1173 1654 arcem

61 1692 140 1716 sese
167 1683 320 1730 recepit,
342 1685 562 1719 convocatis
587 1684 785 1725 militibus,
810 1684 926 1719 Credo
949 1696 1011 1730 ego
1031 1696 1089 1720 vos
1108 1697 1172 1719 au-
1187 1694 1299 1726 pinam

1188 1739 1314 1768 Henna}

1317 1793 1322 1810 1

60 1812 101 1846 ab
122 1811 252 1847 Siculis
282 1814 522 1850 circumventa
551 1819 586 1849 et
616 1815 779 1861 obpressa
805 1815 876 1849 sint
905 1827 970 1861 per
998 1814 1060 1850 lios
1089 1816 1172 1851 dies.
1186 1782 1338 1855 ἓζζίξὲεὲει

62 1747 162 1787 disse,
185 1747 323 1788 milites,
348 1747 483 1796 inquit,
505 1749 801 1796 quemadmodum
820 1750 989 1795 proesidia
1007 1748 1173 1784 Romana

64 1876 152 1911 Eam
170 1888 228 1911 vos
237 1875 428 1924 fraudem,
447 1876 570 1913 Dedm
582 1880 701 1925 primo
718 1878 947 1924 benignitate,
962 1879 1041 1914 dein
1061 1884 1176 1915 vestra,
1189 1868 1316 1898 milites.

59 1941 127 1987 ipsi
144 1941 286 1981 virtute,
309 1941 382 1975 dies
400 1946 582 1989 noctesque
599 1942 790 1988 perstando
809 1954 851 1976 ac
869 1944 1118 1989 pervigilando
1139 1945 1175 1979 in

60 2006 180 2046 armis,
204 2006 338 2040 vitastis
351 2020 362 2039 .·
391 2006 530 2040 utinam
555 2007 729 2053 reliquum
758 2011 894 2054 tempus
919 2019 981 2042 nec
1002 2009 1173 2054 patiencia

60 2068 227 2117 infanda,
250 2081 311 2104 nec
327 2068 516 2117 faciendo,
538 2072 677 2106 traduci
700 2073 835 2118 possit!
865 2072 952 2107 Hoec
977 2074 1117 2108 occulta
1138 2075 1172 2108 in

50 2132 191 2180 fraude
206 2135 322 2168 cautio
338 2139 401 2176 est,
416 2147 485 2182 qua
498 2137 555 2170 usi·
565 2135 681 2170 adhue
694 2147 835 2171 sumus:
856 2138 911 2170 cni
925 2139 1088 2183 quoniam
1105 2150 1175 2184 pa·-

61 2209 139 2231 rum
158 2198 325 2239 succedit,
347 2203 471 2245 aperte
490 2211 532 2234 ac
555 2200 747 2246 propalam
767 2201 882 2235 claves
902 2205 1092 2247 portarum
1118 2214 1174 2236 re-

57 2265 230 2307 poscunt:
250 2273 336 2308 quas
346 2262 454 2296 simul
466 2263 732 2305 tradiderimus,
748 2263 1103 2310 Kartliaginicosium
1115 2277 1173 2300 ex-

51 2325 192 2371 templo
212 2325 344 2361 Henna
363 2327 442 2369 erit,
460 2325 666 2374 sa’diusque
691 2327 747 2363 hic
776 2329 1044 2371 trucidabimur,
1068 2341 1175 2377 quam

579 2389 612 2424 'l‘
632 2390 653 2425 5
