<?xml version="1.0" encoding="UTF-8"?>
<!DOCTYPE html PUBLIC "-//W3C//DTD XHTML 1.0 Transitional//EN"
    "http://www.w3.org/TR/xhtml1/DTD/xhtml1-transitional.dtd">
<html xmlns="http://www.w3.org/1999/xhtml" xml:lang="en" lang="en">
 <head>
  <title>
</title>
<meta http-equiv="Content-Type" content="text/html;charset=utf-8" />
  <meta name='ocr-system' content='tesseract 3.04.00' />
  <meta name='ocr-capabilities' content='ocr_page ocr_carea ocr_par ocr_line ocrx_word'/>
</head>
<body>
  <div class='ocr_page' id='page_1' title='image "./historiarumquaes02livyuoft/historiarumquaes02livyuoft_0498.png"; bbox 0 0 1527 2661; ppageno 0'>
   <div class='ocr_carea' id='block_1_1' title="bbox 114 261 294 337">
    <p class='ocr_par' dir='ltr' id='par_1_1' title="bbox 114 261 294 337">
     <span class='ocr_line' id='line_1_1' title="bbox 118 261 294 294; baseline 0.023 -4"><span class='ocrx_word' id='word_1_1' title='bbox 118 261 207 292; x_wconf 87' lang='lat' dir='ltr'><strong>U.C.</strong></span> <span class='ocrx_word' id='word_1_2' title='bbox 223 268 294 294; x_wconf 78' lang='lat'>540.</span> 
     </span>
     <span class='ocr_line' id='line_1_2' title="bbox 114 305 294 337; baseline 0.022 -4"><span class='ocrx_word' id='word_1_3' title='bbox 114 306 143 334; x_wconf 78' lang='grc' dir='ltr'>Α</span> <span class='ocrx_word' id='word_1_4' title='bbox 167 305 203 335; x_wconf 87' lang='lat' dir='ltr'>C.</span> <span class='ocrx_word' id='word_1_5' title='bbox 220 312 294 337; x_wconf 66' lang='grc' dir='ltr'>αι’.</span> 
     </span>
    </p>
   </div>
   <div class='ocr_carea' id='block_1_2' title="bbox 308 158 980 210">
    <p class='ocr_par' dir='ltr' id='par_1_2' title="bbox 308 158 980 210">
     <span class='ocr_line' id='line_1_3' title="bbox 308 158 980 210; baseline 0.003 -10"><span class='ocrx_word' id='word_1_6' title='bbox 308 158 392 210; x_wconf 81' lang='grc'>488</span> <span class='ocrx_word' id='word_1_7' title='bbox 771 173 817 201; x_wconf 79' lang='lat' dir='ltr'>⁶r.</span> <span class='ocrx_word' id='word_1_8' title='bbox 847 173 980 202; x_wconf 80' lang='lat' dir='ltr'>L1v11</span> 
     </span>
    </p>
   </div>
   <div class='ocr_carea' id='block_1_3' title="bbox 303 260 1429 1277">
    <p class='ocr_par' dir='ltr' id='par_1_3' title="bbox 303 260 1429 1277">
     <span class='ocr_line' id='line_1_4' title="bbox 308 260 1426 311; baseline 0.005 -17"><span class='ocrx_word' id='word_1_9' title='bbox 308 270 442 296; x_wconf 85' lang='lat' dir='ltr'>narum</span> <span class='ocrx_word' id='word_1_10' title='bbox 463 260 586 295; x_wconf 81' lang='lat' dir='ltr'>omnis</span> <span class='ocrx_word' id='word_1_11' title='bbox 608 261 755 309; x_wconf 85' lang='lat' dir='ltr'>generis</span> <span class='ocrx_word' id='word_1_12' title='bbox 774 260 944 311; x_wconf 86' lang='lat' dir='ltr'>objecto,</span> <span class='ocrx_word' id='word_1_13' title='bbox 961 262 1025 299; x_wconf 90' lang='lat' dir='ltr'>ubi</span> <span class='ocrx_word' id='word_1_14' title='bbox 1045 261 1092 299; x_wconf 91' lang='lat' dir='ltr'>ad</span> <span class='ocrx_word' id='word_1_15' title='bbox 1112 261 1343 300; x_wconf 85' lang='lat' dir='ltr'>moliendum</span> <span class='ocrx_word' id='word_1_16' title='bbox 1358 264 1426 301; x_wconf 87' lang='lat' dir='ltr'>cli-</span> 
     </span>
     <span class='ocr_line' id='line_1_5' title="bbox 308 322 1427 377; baseline 0.006 -18"><span class='ocrx_word' id='word_1_17' title='bbox 308 322 406 360; x_wconf 83' lang='lat' dir='ltr'>tellae</span> <span class='ocrx_word' id='word_1_18' title='bbox 432 323 644 362; x_wconf 85' lang='lat' dir='ltr'>defuerant.</span> <span class='ocrx_word' id='word_1_19' title='bbox 701 325 838 363; x_wconf 90' lang='lat' dir='ltr'>Punici</span> <span class='ocrx_word' id='word_1_20' title='bbox 868 328 1054 363; x_wconf 78' lang='lat' dir='ltr'>exercitus</span> <span class='ocrx_word' id='word_1_21' title='bbox 1084 333 1288 377; x_wconf 84' lang='lat' dir='ltr'>postquam</span> <span class='ocrx_word' id='word_1_22' title='bbox 1316 329 1427 366; x_wconf 88' lang='lat' dir='ltr'>adve-</span> 
     </span>
     <span class='ocr_line' id='line_1_6' title="bbox 306 378 1425 440; baseline 0.007 -19"><span class='ocrx_word' id='word_1_23' title='bbox 306 398 409 429; x_wconf 87' lang='lat' dir='ltr'>nere,</span> <span class='ocrx_word' id='word_1_24' title='bbox 432 388 470 422; x_wconf 91' lang='lat' dir='ltr'>in</span> <span class='ocrx_word' id='word_1_25' title='bbox 496 389 683 424; x_wconf 87' lang='lat' dir='ltr'>tumulum</span> <span class='ocrx_word' id='word_1_26' title='bbox 704 390 855 438; x_wconf 89' lang='lat' dir='ltr'>quidem</span> <span class='ocrx_word' id='word_1_27' title='bbox 884 390 1064 440; x_wconf 85' lang='lat' dir='ltr'>perfacile</span> <span class='ocrx_word' id='word_1_28' title='bbox 1093 378 1230 440; x_wconf 81' lang='lat' dir='ltr'>agmen</span> <span class='ocrx_word' id='word_1_29' title='bbox 1259 405 1425 437; x_wconf 86' lang='lat' dir='ltr'>erexere,</span> 
     </span>
     <span class='ocr_line' id='line_1_7' title="bbox 306 450 1427 503; baseline 0.007 -17"><span class='ocrx_word' id='word_1_30' title='bbox 306 451 530 487; x_wconf 85' lang='lat' dir='ltr'>munitionis</span> <span class='ocrx_word' id='word_1_31' title='bbox 550 463 640 487; x_wconf 86' lang='lat' dir='ltr'>vero</span> <span class='ocrx_word' id='word_1_32' title='bbox 660 450 775 488; x_wconf 87' lang='lat' dir='ltr'>facies</span> <span class='ocrx_word' id='word_1_33' title='bbox 791 466 892 489; x_wconf 84' lang='lat' dir='ltr'>nova</span> <span class='ocrx_word' id='word_1_34' title='bbox 906 456 1029 503; x_wconf 86' lang='lat' dir='ltr'>primo</span> <span class='ocrx_word' id='word_1_35' title='bbox 1046 468 1110 491; x_wconf 92' lang='lat' dir='ltr'>eos</span> <span class='ocrx_word' id='word_1_36' title='bbox 1126 455 1229 492; x_wconf 88' lang='lat' dir='ltr'>velut</span> <span class='ocrx_word' id='word_1_37' title='bbox 1243 457 1427 494; x_wconf 82' lang='lat' dir='ltr'>miraculo</span> 
     </span>
     <span class='ocr_line' id='line_1_8' title="bbox 305 515 1429 566; baseline 0.006 -16"><span class='ocrx_word' id='word_1_38' title='bbox 305 515 470 564; x_wconf 87' lang='lat' dir='ltr'>quodam</span> <span class='ocrx_word' id='word_1_39' title='bbox 497 516 636 559; x_wconf 88' lang='lat' dir='ltr'>tenuit,</span> <span class='ocrx_word' id='word_1_40' title='bbox 657 528 773 564; x_wconf 89' lang='lat' dir='ltr'>quum</span> <span class='ocrx_word' id='word_1_41' title='bbox 793 515 906 554; x_wconf 88' lang='lat' dir='ltr'>duces</span> <span class='ocrx_word' id='word_1_42' title='bbox 933 517 1098 566; x_wconf 88' lang='lat' dir='ltr'>undique</span> <span class='ocrx_word' id='word_1_43' title='bbox 1118 518 1429 563; x_wconf 77' lang='lat' dir='ltr'>vociferarentur,</span> 
     </span>
     <span class='ocr_line' id='line_1_9' title="bbox 308 579 1429 631; baseline 0.004 -16"><span class='ocrx_word' id='word_1_44' title='bbox 308 579 405 620; x_wconf 65' lang='lat' dir='ltr'>Quid</span> <span class='ocrx_word' id='word_1_45' title='bbox 423 582 594 617; x_wconf 75' lang='lat' dir='ltr'>starent?</span> <span class='ocrx_word' id='word_1_46' title='bbox 621 585 656 617; x_wconf 80' lang='lat' dir='ltr'>et</span> <span class='ocrx_word' id='word_1_47' title='bbox 674 593 743 617; x_wconf 84' lang='lat' dir='ltr'>non</span> <span class='ocrx_word' id='word_1_48' title='bbox 764 581 958 618; x_wconf 74' lang='lat' dir='ltr'><em>ludibrium</em></span> <span class='ocrx_word' id='word_1_49' title='bbox 976 583 1081 625; x_wconf 74' lang='lat' dir='ltr'>illud,</span> <span class='ocrx_word' id='word_1_50' title='bbox 1101 581 1323 631; x_wconf 51' lang='lat' dir='ltr'>vix-feminis</span> <span class='ocrx_word' id='word_1_51' title='bbox 1337 596 1429 631; x_wconf 80' lang='lat' dir='ltr'>pue-</span> 
     </span>
     <span class='ocr_line' id='line_1_10' title="bbox 304 646 1429 696; baseline 0.004 -16"><span class='ocrx_word' id='word_1_52' title='bbox 304 646 396 681; x_wconf 78' lang='lat' dir='ltr'>risve</span> <span class='ocrx_word' id='word_1_53' title='bbox 423 647 609 682; x_wconf 76' lang='lat' dir='ltr'>morandis</span> <span class='ocrx_word' id='word_1_54' title='bbox 634 647 723 682; x_wconf 77' lang='lat' dir='ltr'>satis</span> <span class='ocrx_word' id='word_1_55' title='bbox 750 647 927 690; x_wconf 74' lang='lat' dir='ltr'>validum,</span> <span class='ocrx_word' id='word_1_56' title='bbox 955 646 1195 683; x_wconf 74' lang='lat' dir='ltr'>distraherent</span> <span class='ocrx_word' id='word_1_57' title='bbox 1213 647 1429 696; x_wconf 73' lang='lat' dir='ltr'>diriperent-</span> 
     </span>
     <span class='ocr_line' id='line_1_11' title="bbox 305 710 1428 760; baseline 0.003 -14"><span class='ocrx_word' id='word_1_58' title='bbox 305 721 370 757; x_wconf 84' lang='lat' dir='ltr'>que</span> <span class='ocrx_word' id='word_1_59' title='bbox 383 711 404 746; x_wconf 77' lang='grc'>,9</span> <span class='ocrx_word' id='word_1_60' title='bbox 434 710 587 759; x_wconf 77' lang='lat' dir='ltr'>Captum</span> <span class='ocrx_word' id='word_1_61' title='bbox 622 710 756 748; x_wconf 85' lang='lat' dir='ltr'>hostem</span> <span class='ocrx_word' id='word_1_62' title='bbox 785 713 908 755; x_wconf 77' lang='lat' dir='ltr'>teneri,</span> <span class='ocrx_word' id='word_1_63' title='bbox 939 712 1110 748; x_wconf 80' lang='lat' dir='ltr'>latentem</span> <span class='ocrx_word' id='word_1_64' title='bbox 1139 715 1224 760; x_wconf 81' lang='lat' dir='ltr'>post</span> <span class='ocrx_word' id='word_1_65' title='bbox 1257 714 1428 750; x_wconf 77' lang='lat' dir='ltr'>sarcinas.</span> 
     </span>
     <span class='ocr_line' id='line_1_12' title="bbox 304 772 1426 826; baseline 0.004 -17"><span class='ocrx_word' id='word_1_66' title='bbox 304 772 401 810; x_wconf 78' lang='lat' dir='ltr'>Haec</span> <span class='ocrx_word' id='word_1_67' title='bbox 420 775 643 811; x_wconf 86' lang='lat' dir='ltr'>contemtim</span> <span class='ocrx_word' id='word_1_68' title='bbox 663 774 775 812; x_wconf 90' lang='lat' dir='ltr'>duces</span> <span class='ocrx_word' id='word_1_69' title='bbox 796 774 1069 826; x_wconf 89' lang='lat' dir='ltr'>increpabant:</span> <span class='ocrx_word' id='word_1_70' title='bbox 1102 780 1283 819; x_wconf 88' lang='lat' dir='ltr'>ceterum,</span> <span class='ocrx_word' id='word_1_71' title='bbox 1303 788 1426 826; x_wconf 86' lang='lat' dir='ltr'>neque</span> 
     </span>
     <span class='ocr_line' id='line_1_13' title="bbox 304 837 1428 889; baseline 0.003 -16"><span class='ocrx_word' id='word_1_72' title='bbox 304 837 507 883; x_wconf 84' lang='lat' dir='ltr'>transilire,</span> <span class='ocrx_word' id='word_1_73' title='bbox 538 851 662 889; x_wconf 90' lang='lat' dir='ltr'>neque</span> <span class='ocrx_word' id='word_1_74' title='bbox 690 838 816 876; x_wconf 89' lang='lat' dir='ltr'>moliri</span> <span class='ocrx_word' id='word_1_75' title='bbox 844 851 963 876; x_wconf 86' lang='lat' dir='ltr'>onera</span> <span class='ocrx_word' id='word_1_76' title='bbox 990 837 1156 889; x_wconf 82' lang='lat' dir='ltr'>objecta,</span> <span class='ocrx_word' id='word_1_77' title='bbox 1185 851 1257 876; x_wconf 88' lang='lat' dir='ltr'>nec</span> <span class='ocrx_word' id='word_1_78' title='bbox 1285 839 1428 877; x_wconf 86' lang='lat' dir='ltr'>caedere</span> 
     </span>
     <span class='ocr_line' id='line_1_14' title="bbox 306 902 1425 954; baseline 0.003 -17"><span class='ocrx_word' id='word_1_79' title='bbox 306 902 464 953; x_wconf 72' lang='lat' dir='ltr'>stipatas</span> <span class='ocrx_word' id='word_1_80' title='bbox 499 902 672 947; x_wconf 86' lang='lat' dir='ltr'>clitellas,</span> <span class='ocrx_word' id='word_1_81' title='bbox 707 904 874 954; x_wconf 85' lang='lat' dir='ltr'>ipsisque</span> <span class='ocrx_word' id='word_1_82' title='bbox 911 902 1067 939; x_wconf 84' lang='lat' dir='ltr'>obrutas</span> <span class='ocrx_word' id='word_1_83' title='bbox 1106 902 1279 947; x_wconf 85' lang='lat' dir='ltr'>sarcinis,</span> <span class='ocrx_word' id='word_1_84' title='bbox 1312 902 1425 940; x_wconf 87' lang='lat' dir='ltr'>facile</span> 
     </span>
     <span class='ocr_line' id='line_1_15' title="bbox 306 966 1426 1018; baseline 0.002 -15"><span class='ocrx_word' id='word_1_85' title='bbox 306 973 399 1004; x_wconf 88' lang='lat' dir='ltr'>erat.</span> <span class='ocrx_word' id='word_1_86' title='bbox 455 967 632 1004; x_wconf 84' lang='lat' dir='ltr'>Tardatis</span> <span class='ocrx_word' id='word_1_87' title='bbox 652 968 717 1004; x_wconf 89' lang='lat' dir='ltr'>diu</span> <span class='ocrx_word' id='word_1_88' title='bbox 736 981 852 1017; x_wconf 91' lang='lat' dir='ltr'>quum</span> <span class='ocrx_word' id='word_1_89' title='bbox 879 967 1037 1005; x_wconf 86' lang='lat' dir='ltr'>amolita</span> <span class='ocrx_word' id='word_1_90' title='bbox 1056 966 1210 1018; x_wconf 89' lang='lat' dir='ltr'>objecta</span> <span class='ocrx_word' id='word_1_91' title='bbox 1229 980 1346 1005; x_wconf 87' lang='lat' dir='ltr'>onera</span> <span class='ocrx_word' id='word_1_92' title='bbox 1364 980 1426 1005; x_wconf 89' lang='lat' dir='ltr'>ar-</span> 
     </span>
     <span class='ocr_line' id='line_1_16' title="bbox 304 1031 1424 1083; baseline 0.003 -16"><span class='ocrx_word' id='word_1_93' title='bbox 304 1032 416 1068; x_wconf 86' lang='lat' dir='ltr'>matis</span> <span class='ocrx_word' id='word_1_94' title='bbox 436 1032 629 1069; x_wconf 88' lang='lat' dir='ltr'>dedissent</span> <span class='ocrx_word' id='word_1_95' title='bbox 645 1033 760 1076; x_wconf 87' lang='lat' dir='ltr'>viam,</span> <span class='ocrx_word' id='word_1_96' title='bbox 781 1031 1028 1083; x_wconf 84' lang='lat' dir='ltr'>pluribusque</span> <span class='ocrx_word' id='word_1_97' title='bbox 1046 1032 1146 1068; x_wconf 82' lang='lat' dir='ltr'>idem</span> <span class='ocrx_word' id='word_1_98' title='bbox 1165 1032 1337 1082; x_wconf 87' lang='lat' dir='ltr'>partibus</span> <span class='ocrx_word' id='word_1_99' title='bbox 1357 1033 1424 1070; x_wconf 80' lang='lat' dir='ltr'>fie-</span> 
     </span>
     <span class='ocr_line' id='line_1_17' title="bbox 305 1096 1428 1147; baseline 0.002 -15"><span class='ocrx_word' id='word_1_100' title='bbox 305 1103 376 1140; x_wconf 82' lang='lat' dir='ltr'>ret,</span> <span class='ocrx_word' id='word_1_101' title='bbox 398 1103 511 1147; x_wconf 90' lang='lat' dir='ltr'>capta</span> <span class='ocrx_word' id='word_1_102' title='bbox 522 1096 605 1147; x_wconf 88' lang='lat' dir='ltr'>jam</span> <span class='ocrx_word' id='word_1_103' title='bbox 625 1097 792 1147; x_wconf 86' lang='lat' dir='ltr'>undique</span> <span class='ocrx_word' id='word_1_104' title='bbox 818 1103 943 1134; x_wconf 86' lang='lat' dir='ltr'>castra</span> <span class='ocrx_word' id='word_1_105' title='bbox 968 1103 1099 1134; x_wconf 88' lang='lat' dir='ltr'>erant:</span> <span class='ocrx_word' id='word_1_106' title='bbox 1131 1097 1249 1147; x_wconf 40' lang='lat' dir='ltr'>pauci*</span> <span class='ocrx_word' id='word_1_107' title='bbox 1262 1096 1310 1134; x_wconf 90' lang='lat' dir='ltr'>ab</span> <span class='ocrx_word' id='word_1_108' title='bbox 1329 1097 1428 1134; x_wconf 84' lang='lat' dir='ltr'>mul-</span> 
     </span>
     <span class='ocr_line' id='line_1_18' title="bbox 305 1160 1426 1212; baseline 0.003 -16"><span class='ocrx_word' id='word_1_109' title='bbox 305 1161 368 1205; x_wconf 83' lang='lat' dir='ltr'>tis,</span> <span class='ocrx_word' id='word_1_110' title='bbox 406 1161 645 1212; x_wconf 85' lang='lat' dir='ltr'>perculsique</span> <span class='ocrx_word' id='word_1_111' title='bbox 682 1175 705 1198; x_wconf 84' lang='lat' dir='ltr'>a</span> <span class='ocrx_word' id='word_1_112' title='bbox 736 1161 945 1198; x_wconf 89' lang='lat' dir='ltr'>victoribus</span> <span class='ocrx_word' id='word_1_113' title='bbox 994 1161 1137 1212; x_wconf 84' lang='lat' dir='ltr'>passim</span> <span class='ocrx_word' id='word_1_114' title='bbox 1173 1160 1426 1200; x_wconf 41' lang='lat' dir='ltr'>caedebantur,</span> 
     </span>
     <span class='ocr_line' id='line_1_19' title="bbox 303 1224 1426 1277; baseline 0.001 -15"><span class='ocrx_word' id='word_1_115' title='bbox 303 1224 450 1275; x_wconf 86' lang='lat' dir='ltr'>Magna</span> <span class='ocrx_word' id='word_1_116' title='bbox 469 1239 556 1277; x_wconf 86' lang='lat' dir='ltr'>pars</span> <span class='ocrx_word' id='word_1_117' title='bbox 576 1233 704 1263; x_wconf 87' lang='lat' dir='ltr'>tamen</span> <span class='ocrx_word' id='word_1_118' title='bbox 724 1226 1037 1276; x_wconf 78' lang='lat' dir='ltr'>militum,-quum</span> <span class='ocrx_word' id='word_1_119' title='bbox 1055 1226 1095 1263; x_wconf 89' lang='lat' dir='ltr'>in</span> <span class='ocrx_word' id='word_1_120' title='bbox 1114 1226 1348 1277; x_wconf 89' lang='lat' dir='ltr'>propinquas</span> <span class='ocrx_word' id='word_1_121' title='bbox 1366 1238 1426 1263; x_wconf 84' lang='lat' dir='ltr'>re-</span> 
     </span>
    </p>
   </div>
   <div class='ocr_carea' id='block_1_4' title="bbox 109 1291 1427 1345">
    <p class='ocr_par' dir='ltr' id='par_1_4' title="bbox 109 1291 1427 1345">
     <span class='ocr_line' id='line_1_20' title="bbox 109 1291 1427 1345; baseline -0.001 -13"><span class='ocrx_word' id='word_1_122' title='bbox 109 1291 170 1323; x_wconf 90' lang='lat' dir='ltr'>Cn.</span> <span class='ocrx_word' id='word_1_123' title='bbox 187 1291 294 1332; x_wconf 84' lang='lat' dir='ltr'>Scipio</span> <span class='ocrx_word' id='word_1_124' title='bbox 304 1292 465 1342; x_wconf 84' lang='lat' dir='ltr'>fugisset</span> <span class='ocrx_word' id='word_1_125' title='bbox 484 1293 611 1338; x_wconf 87' lang='lat' dir='ltr'>silvas,</span> <span class='ocrx_word' id='word_1_126' title='bbox 627 1295 667 1330; x_wconf 89' lang='lat' dir='ltr'>in</span> <span class='ocrx_word' id='word_1_127' title='bbox 687 1299 812 1331; x_wconf 83' lang='lat' dir='ltr'>castra</span> <span class='ocrx_word' id='word_1_128' title='bbox 830 1293 873 1331; x_wconf 84' lang='lat' dir='ltr'>P.</span> <span class='ocrx_word' id='word_1_129' title='bbox 888 1293 1091 1345; x_wconf 84' lang='lat' dir='ltr'>ScipioniS,</span> <span class='ocrx_word' id='word_1_130' title='bbox 1109 1293 1244 1344; x_wconf 92' lang='lat' dir='ltr'>quibus</span> <span class='ocrx_word' id='word_1_131' title='bbox 1263 1293 1310 1331; x_wconf 88' lang='lat' dir='ltr'>T.</span> <span class='ocrx_word' id='word_1_132' title='bbox 1322 1293 1427 1331; x_wconf 82' lang='lat' dir='ltr'>Fon·</span> 
     </span>
    </p>
   </div>
   <div class='ocr_carea' id='block_1_5' title="bbox 109 1335 283 1497">
    <p class='ocr_par' dir='ltr' id='par_1_5' title="bbox 109 1335 283 1497">
     <span class='ocr_line' id='line_1_21' title="bbox 110 1335 248 1373; baseline 0.007 -8"><span class='ocrx_word' id='word_1_133' title='bbox 110 1335 248 1373; x_wconf 80' lang='lat' dir='ltr'>occisus,</span> 
     </span>
     <span class='ocr_line' id='line_1_22' title="bbox 109 1379 283 1410; baseline 0.011 -2"><span class='ocrx_word' id='word_1_134' title='bbox 109 1379 283 1410; x_wconf 79' lang='lat' dir='ltr'>exercitus·</span> 
     </span>
     <span class='ocr_line' id='line_1_23' title="bbox 109 1431 252 1461; baseline 0.007 -9"><span class='ocrx_word' id='word_1_135' title='bbox 109 1431 173 1461; x_wconf 90' lang='lat' dir='ltr'>que</span> <span class='ocrx_word' id='word_1_136' title='bbox 189 1431 252 1453; x_wconf 84' lang='lat' dir='ltr'>cae-</span> 
     </span>
     <span class='ocr_line' id='line_1_24' title="bbox 109 1475 174 1497; baseline 0.015 -1"><span class='ocrx_word' id='word_1_137' title='bbox 109 1475 174 1497; x_wconf 81' lang='lat' dir='ltr'>sus.</span> 
     </span>
    </p>
   </div>
   <div class='ocr_carea' id='block_1_6' title="bbox 295 1357 1427 2378">
    <p class='ocr_par' dir='ltr' id='par_1_6' title="bbox 295 1357 1427 2378">
     <span class='ocr_line' id='line_1_25' title="bbox 305 1357 1427 1409; baseline 0.004 -16"><span class='ocrx_word' id='word_1_138' title='bbox 305 1358 402 1394; x_wconf 83' lang='lat' dir='ltr'>teins</span> <span class='ocrx_word' id='word_1_139' title='bbox 428 1357 577 1408; x_wconf 86' lang='lat' dir='ltr'>legatus</span> <span class='ocrx_word' id='word_1_140' title='bbox 606 1365 779 1409; x_wconf 83' lang='lat' dir='ltr'>praeerat,</span> <span class='ocrx_word' id='word_1_141' title='bbox 804 1358 1065 1409; x_wconf 85' lang='lat' dir='ltr'>perfugerunt.</span> <span class='ocrx_word' id='word_1_142' title='bbox 1123 1358 1194 1395; x_wconf 90' lang='lat' dir='ltr'>Cn.</span> <span class='ocrx_word' id='word_1_143' title='bbox 1208 1358 1427 1409; x_wconf 87' lang='lat' dir='ltr'>Scipionem</span> 
     </span>
     <span class='ocr_line' id='line_1_26' title="bbox 305 1422 1421 1475; baseline 0.002 -17"><span class='ocrx_word' id='word_1_144' title='bbox 305 1422 369 1459; x_wconf 83' lang='lat' dir='ltr'>alii</span> <span class='ocrx_word' id='word_1_145' title='bbox 388 1422 427 1459; x_wconf 89' lang='lat' dir='ltr'>in</span> <span class='ocrx_word' id='word_1_146' title='bbox 446 1423 595 1460; x_wconf 88' lang='lat' dir='ltr'>tumulo</span> <span class='ocrx_word' id='word_1_147' title='bbox 611 1424 734 1475; x_wconf 89' lang='lat' dir='ltr'>primo</span> <span class='ocrx_word' id='word_1_148' title='bbox 750 1424 882 1475; x_wconf 89' lang='lat' dir='ltr'>inpetu</span> <span class='ocrx_word' id='word_1_149' title='bbox 900 1424 1068 1460; x_wconf 88' lang='lat' dir='ltr'>hostium</span> <span class='ocrx_word' id='word_1_150' title='bbox 1088 1436 1227 1460; x_wconf 85' lang='lat' dir='ltr'>caesum</span> <span class='ocrx_word' id='word_1_151' title='bbox 1241 1423 1398 1460; x_wconf 82' lang='lat' dir='ltr'>tradunt</span> <span class='ocrx_word' id='word_1_152' title='bbox 1413 1439 1421 1460; x_wconf 92' lang='lat'><strong>:</strong></span> 
     </span>
     <span class='ocr_line' id='line_1_27' title="bbox 304 1487 1424 1540; baseline 0.002 -17"><span class='ocrx_word' id='word_1_153' title='bbox 304 1487 368 1524; x_wconf 89' lang='lat' dir='ltr'>alii</span> <span class='ocrx_word' id='word_1_154' title='bbox 388 1500 473 1524; x_wconf 88' lang='lat' dir='ltr'>cum</span> <span class='ocrx_word' id='word_1_155' title='bbox 493 1489 622 1539; x_wconf 84' lang='lat' dir='ltr'>paucis</span> <span class='ocrx_word' id='word_1_156' title='bbox 641 1489 682 1525; x_wconf 91' lang='lat' dir='ltr'>in</span> <span class='ocrx_word' id='word_1_157' title='bbox 707 1490 961 1540; x_wconf 87' lang='lat' dir='ltr'>propinquam</span> <span class='ocrx_word' id='word_1_158' title='bbox 980 1489 1112 1525; x_wconf 87' lang='lat' dir='ltr'>castris</span> <span class='ocrx_word' id='word_1_159' title='bbox 1142 1488 1277 1524; x_wconf 85' lang='lat' dir='ltr'>turrim</span> <span class='ocrx_word' id='word_1_160' title='bbox 1295 1487 1424 1538; x_wconf 85' lang='lat' dir='ltr'>perfu-</span> 
     </span>
     <span class='ocr_line' id='line_1_28' title="bbox 302 1552 1423 1603; baseline 0.001 -15"><span class='ocrx_word' id='word_1_161' title='bbox 302 1553 425 1601; x_wconf 87' lang='lat' dir='ltr'>gisse:</span> <span class='ocrx_word' id='word_1_162' title='bbox 459 1553 557 1590; x_wconf 89' lang='lat' dir='ltr'>hanc</span> <span class='ocrx_word' id='word_1_163' title='bbox 577 1554 657 1603; x_wconf 89' lang='lat' dir='ltr'>igni</span> <span class='ocrx_word' id='word_1_164' title='bbox 677 1553 964 1597; x_wconf 84' lang='lat' dir='ltr'>circumdatam,</span> <span class='ocrx_word' id='word_1_165' title='bbox 985 1559 1100 1602; x_wconf 83' lang='lat' dir='ltr'>atque</span> <span class='ocrx_word' id='word_1_166' title='bbox 1126 1553 1180 1589; x_wconf 85' lang='lat' dir='ltr'>ita</span> <span class='ocrx_word' id='word_1_167' title='bbox 1201 1553 1342 1589; x_wconf 81' lang='lat' dir='ltr'>exustis</span> <span class='ocrx_word' id='word_1_168' title='bbox 1362 1552 1423 1589; x_wconf 94' lang='lat' dir='ltr'>fo-</span> 
     </span>
     <span class='ocr_line' id='line_1_29' title="bbox 301 1617 1423 1668; baseline 0 -15"><span class='ocrx_word' id='word_1_169' title='bbox 301 1617 420 1661; x_wconf 85' lang='lat' dir='ltr'>ribus,</span> <span class='ocrx_word' id='word_1_170' title='bbox 441 1630 533 1666; x_wconf 89' lang='lat' dir='ltr'>quas</span> <span class='ocrx_word' id='word_1_171' title='bbox 553 1617 658 1654; x_wconf 84' lang='lat' dir='ltr'>nulla</span> <span class='ocrx_word' id='word_1_172' title='bbox 681 1617 807 1654; x_wconf 87' lang='lat' dir='ltr'>moliri</span> <span class='ocrx_word' id='word_1_173' title='bbox 831 1623 1042 1668; x_wconf 88' lang='lat' dir='ltr'>potuerunt</span> <span class='ocrx_word' id='word_1_174' title='bbox 1060 1617 1110 1660; x_wconf 86' lang='lat' dir='ltr'>vi,</span> <span class='ocrx_word' id='word_1_175' title='bbox 1132 1622 1284 1667; x_wconf 86' lang='lat' dir='ltr'>captam</span> <span class='ocrx_word' id='word_1_176' title='bbox 1296 1632 1308 1662; x_wconf 67' lang='grc' dir='ltr'><strong><em>ς</em></strong></span> <span class='ocrx_word' id='word_1_177' title='bbox 1340 1629 1423 1653; x_wconf 86' lang='grc'>0111-</span> 
     </span>
     <span class='ocr_line' id='line_1_30' title="bbox 300 1681 1423 1732; baseline -0.001 -14"><span class='ocrx_word' id='word_1_178' title='bbox 300 1693 443 1731; x_wconf 87' lang='lat' dir='ltr'>nesque</span> <span class='ocrx_word' id='word_1_179' title='bbox 471 1682 574 1718; x_wconf 85' lang='lat' dir='ltr'>intus</span> <span class='ocrx_word' id='word_1_180' title='bbox 599 1695 687 1718; x_wconf 89' lang='lat' dir='ltr'>cum</span> <span class='ocrx_word' id='word_1_181' title='bbox 714 1682 799 1732; x_wconf 91' lang='lat' dir='ltr'>ipso</span> <span class='ocrx_word' id='word_1_182' title='bbox 829 1682 1060 1732; x_wconf 79' lang='lat' dir='ltr'>imperatore</span> <span class='ocrx_word' id='word_1_183' title='bbox 1088 1682 1249 1719; x_wconf 83' lang='lat' dir='ltr'>occisos.</span> <span class='ocrx_word' id='word_1_184' title='bbox 1305 1681 1423 1718; x_wconf 91' lang='lat' dir='ltr'>Anno</span> 
     </span>
     <span class='ocr_line' id='line_1_31' title="bbox 301 1745 1423 1797; baseline -0.001 -15"><span class='ocrx_word' id='word_1_185' title='bbox 301 1752 454 1789; x_wconf 88' lang='lat' dir='ltr'>octavo,</span> <span class='ocrx_word' id='word_1_186' title='bbox 474 1753 678 1796; x_wconf 83' lang='lat' dir='ltr'>postquam</span> <span class='ocrx_word' id='word_1_187' title='bbox 697 1746 737 1782; x_wconf 89' lang='lat' dir='ltr'>in</span> <span class='ocrx_word' id='word_1_188' title='bbox 753 1745 982 1797; x_wconf 88' lang='lat' dir='ltr'>Hispaniam</span> <span class='ocrx_word' id='word_1_189' title='bbox 1004 1751 1171 1788; x_wconf 87' lang='lat' dir='ltr'>venerat,</span> <span class='ocrx_word' id='word_1_190' title='bbox 1194 1745 1265 1782; x_wconf 92' lang='lat' dir='ltr'>Cn.</span> <span class='ocrx_word' id='word_1_191' title='bbox 1279 1745 1423 1796; x_wconf 83' lang='lat' dir='ltr'>Scipio,</span> 
     </span>
     <span class='ocr_line' id='line_1_32' title="bbox 302 1809 1422 1860; baseline -0.001 -14"><span class='ocrx_word' id='word_1_192' title='bbox 302 1811 597 1859; x_wconf 87' lang='lat' dir='ltr'>undetrigesimo</span> <span class='ocrx_word' id='word_1_193' title='bbox 617 1811 676 1847; x_wconf 91' lang='lat' dir='ltr'>die</span> <span class='ocrx_word' id='word_1_194' title='bbox 705 1816 793 1860; x_wconf 89' lang='lat' dir='ltr'>post</span> <span class='ocrx_word' id='word_1_195' title='bbox 812 1809 939 1846; x_wconf 84' lang='lat' dir='ltr'>fratris</span> <span class='ocrx_word' id='word_1_196' title='bbox 961 1815 1137 1852; x_wconf 88' lang='lat' dir='ltr'>mortem,</span> <span class='ocrx_word' id='word_1_197' title='bbox 1160 1815 1217 1845; x_wconf 90' lang='lat' dir='ltr'>est</span> <span class='ocrx_word' id='word_1_198' title='bbox 1245 1809 1422 1845; x_wconf 83' lang='lat' dir='ltr'>interfec-</span> 
     </span>
     <span class='ocr_line' id='line_1_33' title="bbox 299 1872 1422 1923; baseline -0.001 -13"><span class='ocrx_word' id='word_1_199' title='bbox 299 1879 374 1911; x_wconf 89' lang='lat' dir='ltr'>tus.</span> <span class='ocrx_word' id='word_1_200' title='bbox 429 1874 575 1911; x_wconf 87' lang='lat' dir='ltr'>Luctus</span> <span class='ocrx_word' id='word_1_201' title='bbox 607 1887 653 1911; x_wconf 89' lang='lat' dir='ltr'>ex</span> <span class='ocrx_word' id='word_1_202' title='bbox 683 1880 807 1910; x_wconf 86' lang='lat' dir='ltr'>morte</span> <span class='ocrx_word' id='word_1_203' title='bbox 837 1886 968 1910; x_wconf 85' lang='lat' dir='ltr'>eorum</span> <span class='ocrx_word' id='word_1_204' title='bbox 1005 1885 1083 1909; x_wconf 87' lang='lat' dir='ltr'>non</span> <span class='ocrx_word' id='word_1_205' title='bbox 1112 1873 1249 1909; x_wconf 85' lang='lat' dir='ltr'>Romae</span> <span class='ocrx_word' id='word_1_206' title='bbox 1285 1872 1422 1923; x_wconf 83' lang='lat' dir='ltr'>major,</span> 
     </span>
     <span class='ocr_line' id='line_1_34' title="bbox 299 1938 1421 1991; baseline -0.003 -15"><span class='ocrx_word' id='word_1_207' title='bbox 299 1952 412 1990; x_wconf 87' lang='lat' dir='ltr'>quam</span> <span class='ocrx_word' id='word_1_208' title='bbox 432 1953 499 1991; x_wconf 91' lang='lat' dir='ltr'>per</span> <span class='ocrx_word' id='word_1_209' title='bbox 524 1947 647 1976; x_wconf 85' lang='lat' dir='ltr'>totam</span> <span class='ocrx_word' id='word_1_210' title='bbox 674 1940 917 1990; x_wconf 86' lang='lat' dir='ltr'>Hispaniam,</span> <span class='ocrx_word' id='word_1_211' title='bbox 937 1939 1020 1976; x_wconf 83' lang='lat' dir='ltr'>fuit.</span> <span class='ocrx_word' id='word_1_212' title='bbox 1080 1939 1184 1978; x_wconf 85' lang='lat' dir='ltr'>Quin</span> <span class='ocrx_word' id='word_1_213' title='bbox 1205 1938 1305 1988; x_wconf 87' lang='lat' dir='ltr'>apud</span> <span class='ocrx_word' id='word_1_214' title='bbox 1323 1938 1421 1974; x_wconf 91' lang='lat' dir='ltr'>cives</span> 
     </span>
     <span class='ocr_line' id='line_1_35' title="bbox 298 2003 1421 2055; baseline -0.004 -14"><span class='ocrx_word' id='word_1_215' title='bbox 298 2011 445 2055; x_wconf 83' lang='lat' dir='ltr'>partem</span> <span class='ocrx_word' id='word_1_216' title='bbox 469 2004 609 2042; x_wconf 86' lang='lat' dir='ltr'>doloris</span> <span class='ocrx_word' id='word_1_217' title='bbox 631 2011 669 2041; x_wconf 85' lang='lat' dir='ltr'>et</span> <span class='ocrx_word' id='word_1_218' title='bbox 697 2005 884 2041; x_wconf 84' lang='lat' dir='ltr'>exercitus</span> <span class='ocrx_word' id='word_1_219' title='bbox 914 2004 1056 2047; x_wconf 84' lang='lat' dir='ltr'>amissi,</span> <span class='ocrx_word' id='word_1_220' title='bbox 1079 2010 1116 2040; x_wconf 93' lang='lat' dir='ltr'>et</span> <span class='ocrx_word' id='word_1_221' title='bbox 1141 2003 1306 2040; x_wconf 85' lang='lat' dir='ltr'>alienata</span> <span class='ocrx_word' id='word_1_222' title='bbox 1333 2013 1421 2053; x_wconf 87' lang='lat' dir='ltr'>pro-</span> 
     </span>
     <span class='ocr_line' id='line_1_36' title="bbox 298 2067 1419 2120; baseline -0.004 -15"><span class='ocrx_word' id='word_1_223' title='bbox 298 2070 437 2113; x_wconf 88' lang='lat' dir='ltr'>vincia,</span> <span class='ocrx_word' id='word_1_224' title='bbox 458 2076 496 2106; x_wconf 91' lang='lat' dir='ltr'>et</span> <span class='ocrx_word' id='word_1_225' title='bbox 524 2069 678 2120; x_wconf 87' lang='lat' dir='ltr'>publica</span> <span class='ocrx_word' id='word_1_226' title='bbox 706 2068 882 2105; x_wconf 85' lang='lat' dir='ltr'>trahebat</span> <span class='ocrx_word' id='word_1_227' title='bbox 901 2068 1038 2105; x_wconf 87' lang='lat' dir='ltr'>clades.</span> <span class='ocrx_word' id='word_1_228' title='bbox 1095 2067 1293 2119; x_wconf 87' lang='lat' dir='ltr'>Hispaniae</span> <span class='ocrx_word' id='word_1_229' title='bbox 1317 2067 1419 2116; x_wconf 86' lang='lat' dir='ltr'>ipsos</span> 
     </span>
     <span class='ocr_line' id='line_1_37' title="bbox 298 2133 1417 2185; baseline 0.002 -16"><span class='ocrx_word' id='word_1_230' title='bbox 298 2133 481 2182; x_wconf 86' lang='lat' dir='ltr'>lugebant</span> <span class='ocrx_word' id='word_1_231' title='bbox 498 2134 835 2185; x_wconf 87' lang='lat' dir='ltr'>desiderabantque</span> <span class='ocrx_word' id='word_1_232' title='bbox 851 2136 963 2173; x_wconf 87' lang='lat' dir='ltr'>duces</span> <span class='ocrx_word' id='word_1_233' title='bbox 980 2152 987 2172; x_wconf 92' lang='lat'><strong>:</strong></span> <span class='ocrx_word' id='word_1_234' title='bbox 1021 2138 1179 2174; x_wconf 82' lang='lat' dir='ltr'>Cnaeum</span> <span class='ocrx_word' id='word_1_235' title='bbox 1195 2143 1320 2173; x_wconf 89' lang='lat' dir='ltr'>tamen</span> <span class='ocrx_word' id='word_1_236' title='bbox 1337 2148 1417 2172; x_wconf 85' lang='lat' dir='ltr'>ma-</span> 
     </span>
     <span class='ocr_line' id='line_1_38' title="bbox 297 2197 1417 2251; baseline 0.001 -18"><span class='ocrx_word' id='word_1_237' title='bbox 297 2197 370 2247; x_wconf 81' lang='lat' dir='ltr'>giS,</span> <span class='ocrx_word' id='word_1_238' title='bbox 391 2210 467 2247; x_wconf 90' lang='lat' dir='ltr'>quo</span> <span class='ocrx_word' id='word_1_239' title='bbox 486 2197 626 2234; x_wconf 79' lang='lat' dir='ltr'>diutius</span> <span class='ocrx_word' id='word_1_240' title='bbox 657 2199 859 2248; x_wconf 82' lang='lat' dir='ltr'>praefuerat</span> <span class='ocrx_word' id='word_1_241' title='bbox 888 2201 947 2243; x_wconf 84' lang='lat' dir='ltr'>iis,</span> <span class='ocrx_word' id='word_1_242' title='bbox 979 2202 1156 2251; x_wconf 79' lang='lat' dir='ltr'>priorque</span> <span class='ocrx_word' id='word_1_243' title='bbox 1185 2206 1224 2236; x_wconf 88' lang='lat' dir='ltr'>et</span> <span class='ocrx_word' id='word_1_244' title='bbox 1249 2199 1417 2236; x_wconf 78' lang='lat' dir='ltr'>favorem</span> 
     </span>
     <span class='ocr_line' id='line_1_39' title="bbox 295 2264 1415 2315; baseline 0.001 -18"><span class='ocrx_word' id='word_1_245' title='bbox 295 2270 561 2313; x_wconf 83' lang='lat' dir='ltr'>occupaverat,</span> <span class='ocrx_word' id='word_1_246' title='bbox 600 2269 637 2298; x_wconf 84' lang='lat' dir='ltr'>et</span> <span class='ocrx_word' id='word_1_247' title='bbox 675 2264 865 2313; x_wconf 85' lang='lat' dir='ltr'>specimen</span> <span class='ocrx_word' id='word_1_248' title='bbox 892 2264 1054 2314; x_wconf 66' lang='lat' dir='ltr'>justitiae</span> <span class='ocrx_word' id='word_1_249' title='bbox 1081 2265 1415 2315; x_wconf 56' lang='lat' dir='ltr'>temperantiaeque</span> 
     </span>
     <span class='ocr_line' id='line_1_40' title="bbox 295 2326 828 2378; baseline 0.006 -16"><span class='ocrx_word' id='word_1_250' title='bbox 295 2326 481 2365; x_wconf 78' lang='lat' dir='ltr'>Romame</span> <span class='ocrx_word' id='word_1_251' title='bbox 501 2328 642 2378; x_wconf 89' lang='lat' dir='ltr'>primus</span> <span class='ocrx_word' id='word_1_252' title='bbox 663 2328 828 2365; x_wconf 83' lang='lat' dir='ltr'>dederat.</span> 
     </span>
    </p>
   </div>
  </div>
 </body>
</html>
