<?xml version="1.0" encoding="UTF-8"?>
<!DOCTYPE html PUBLIC "-//W3C//DTD XHTML 1.0 Transitional//EN"
    "http://www.w3.org/TR/xhtml1/DTD/xhtml1-transitional.dtd">
<html xmlns="http://www.w3.org/1999/xhtml" xml:lang="en" lang="en">
 <head>
  <title>
</title>
<meta http-equiv="Content-Type" content="text/html;charset=utf-8" />
  <meta name='ocr-system' content='tesseract 3.04.00' />
  <meta name='ocr-capabilities' content='ocr_page ocr_carea ocr_par ocr_line ocrx_word'/>
</head>
<body>
  <div class='ocr_page' id='page_1' title='image "./historiarumquaes02livyuoft/historiarumquaes02livyuoft_0449.png"; bbox 0 0 1527 2661; ppageno 0'>
   <div class='ocr_carea' id='block_1_1' title="bbox 390 183 1214 226">
    <p class='ocr_par' dir='ltr' id='par_1_1' title="bbox 390 183 1214 226">
     <span class='ocr_line' id='line_1_1' title="bbox 390 183 1214 226; baseline -0.005 -12"><span class='ocrx_word' id='word_1_1' title='bbox 390 186 545 215; x_wconf 70' lang='lat' dir='ltr'>mnan</span> <span class='ocrx_word' id='word_1_2' title='bbox 569 184 689 214; x_wconf 83' lang='lat' dir='ltr'><strong>xxv.</strong></span> <span class='ocrx_word' id='word_1_3' title='bbox 723 184 830 212; x_wconf 83' lang='lat' dir='ltr'><strong>CAP.</strong></span> <span class='ocrx_word' id='word_1_4' title='bbox 857 184 929 212; x_wconf 86' lang='lat' dir='ltr'>1v.</span> <span class='ocrx_word' id='word_1_5' title='bbox 1130 183 1214 226; x_wconf 82' lang='lat'>439</span> 
     </span>
    </p>
   </div>
   <div class='ocr_carea' id='block_1_2' title="bbox 100 271 1407 354">
    <p class='ocr_par' dir='ltr' id='par_1_2' title="bbox 100 271 1407 354">
     <span class='ocr_line' id='line_1_2' title="bbox 100 271 1407 354; baseline -0.001 -45"><span class='ocrx_word' id='word_1_6' title='bbox 100 273 171 310; x_wconf 76' lang='lat' dir='ltr'>vtali</span> <span class='ocrx_word' id='word_1_7' title='bbox 195 281 365 325; x_wconf 88' lang='lat' dir='ltr'>tempore</span> <span class='ocrx_word' id='word_1_8' title='bbox 384 274 584 311; x_wconf 89' lang='lat' dir='ltr'>obfensum</span> <span class='ocrx_word' id='word_1_9' title='bbox 603 273 799 310; x_wconf 86' lang='lat' dir='ltr'><strong>nolebant.</strong></span> <span class='ocrx_word' id='word_1_10' title='bbox 854 271 1023 324; x_wconf 89' lang='lat' dir='ltr'>Populus</span> <span class='ocrx_word' id='word_1_11' title='bbox 1049 273 1216 309; x_wconf 84' lang='lat' dir='ltr'>severior</span> <span class='ocrx_word' id='word_1_12' title='bbox 1228 276 1318 353; x_wconf 34' lang='lat' dir='ltr'>{mg</span> <span class='ocrx_word' id='word_1_13' title='bbox 1330 282 1407 354; x_wconf 53' lang='grc' dir='ltr'>ἓιιιξ.</span> 
     </span>
    </p>
   </div>
   <div class='ocr_carea' id='block_1_3' title="bbox 96 336 1225 1290">
    <p class='ocr_par' dir='ltr' id='par_1_3' title="bbox 96 336 1225 1290">
     <span class='ocr_line' id='line_1_3' title="bbox 106 336 1224 388; baseline -0.001 -15"><span class='ocrx_word' id='word_1_14' title='bbox 106 337 242 376; x_wconf 85' lang='lat' dir='ltr'>vindex</span> <span class='ocrx_word' id='word_1_15' title='bbox 259 339 401 376; x_wconf 85' lang='lat' dir='ltr'>fraudis</span> <span class='ocrx_word' id='word_1_16' title='bbox 422 345 503 375; x_wconf 90' lang='lat' dir='ltr'>erat</span> <span class='ocrx_word' id='word_1_17' title='bbox 515 355 525 385; x_wconf 78' lang='lat'>3</span> <span class='ocrx_word' id='word_1_18' title='bbox 559 339 788 388; x_wconf 87' lang='lat' dir='ltr'>excitatique</span> <span class='ocrx_word' id='word_1_19' title='bbox 809 337 961 373; x_wconf 86' lang='lat' dir='ltr'>tandem</span> <span class='ocrx_word' id='word_1_20' title='bbox 977 337 1058 377; x_wconf 70' lang='lat' dir='ltr'>duo¹</span> <span class='ocrx_word' id='word_1_21' title='bbox 1073 336 1224 373; x_wconf 74' lang='lat' dir='ltr'>tribuniv</span> 
     </span>
     <span class='ocr_line' id='line_1_4' title="bbox 105 400 1216 454; baseline -0.001 -16"><span class='ocrx_word' id='word_1_22' title='bbox 105 401 224 452; x_wconf 90' lang='lat' dir='ltr'>plebis</span> <span class='ocrx_word' id='word_1_23' title='bbox 263 403 378 454; x_wconf 88' lang='lat' dir='ltr'>Sp.et</span> <span class='ocrx_word' id='word_1_24' title='bbox 406 403 453 440; x_wconf 87' lang='lat' dir='ltr'>L.</span> <span class='ocrx_word' id='word_1_25' title='bbox 471 402 640 447; x_wconf 73' lang='lat' dir='ltr'>CarviliI,</span> <span class='ocrx_word' id='word_1_26' title='bbox 671 416 786 452; x_wconf 90' lang='lat' dir='ltr'>quum</span> <span class='ocrx_word' id='word_1_27' title='bbox 818 415 898 438; x_wconf 87' lang='lat' dir='ltr'>rem</span> <span class='ocrx_word' id='word_1_28' title='bbox 926 402 1085 438; x_wconf 85' lang='lat' dir='ltr'>invisam</span> <span class='ocrx_word' id='word_1_29' title='bbox 1118 400 1216 437; x_wconf 88' lang='lat' dir='ltr'>infa-</span> 
     </span>
     <span class='ocr_line' id='line_1_5' title="bbox 105 464 1225 515; baseline -0.001 -14"><span class='ocrx_word' id='word_1_30' title='bbox 105 478 280 515; x_wconf 88' lang='lat' dir='ltr'><strong>memque</strong></span> <span class='ocrx_word' id='word_1_31' title='bbox 305 473 517 511; x_wconf 87' lang='lat' dir='ltr'>cernerent,</span> <span class='ocrx_word' id='word_1_32' title='bbox 538 466 744 503; x_wconf 76' lang='lat' dir='ltr'>ducentfim</span> <span class='ocrx_word' id='word_1_33' title='bbox 769 466 929 503; x_wconf 89' lang='lat' dir='ltr'>millium</span> <span class='ocrx_word' id='word_1_34' title='bbox 949 466 1031 502; x_wconf 84' lang='lat' dir='ltr'>aeris</span> <span class='ocrx_word' id='word_1_35' title='bbox 1058 464 1225 501; x_wconf 88' lang='lat' dir='ltr'>multam·</span> 
     </span>
     <span class='ocr_line' id='line_1_6' title="bbox 104 529 1216 580; baseline 0.001 -15"><span class='ocrx_word' id='word_1_36' title='bbox 104 529 162 566; x_wconf 91' lang='lat' dir='ltr'>M.</span> <span class='ocrx_word' id='word_1_37' title='bbox 175 530 375 568; x_wconf 85' lang='lat' dir='ltr'>Postumio</span> <span class='ocrx_word' id='word_1_38' title='bbox 395 532 593 569; x_wconf 86' lang='lat' dir='ltr'>dixerunt:</span> <span class='ocrx_word' id='word_1_39' title='bbox 627 532 687 567; x_wconf 91' lang='lat' dir='ltr'>cui</span> <span class='ocrx_word' id='word_1_40' title='bbox 709 530 897 568; x_wconf 85' lang='lat' dir='ltr'>certandae</span> <span class='ocrx_word' id='word_1_41' title='bbox 917 543 1033 580; x_wconf 83' lang='lat' dir='ltr'>quum</span> <span class='ocrx_word' id='word_1_42' title='bbox 1053 530 1131 566; x_wconf 87' lang='lat' dir='ltr'>dies</span> <span class='ocrx_word' id='word_1_43' title='bbox 1152 530 1216 566; x_wconf 87' lang='lat' dir='ltr'>ad·</span> 
     </span>
     <span class='ocr_line' id='line_1_7' title="bbox 96 593 1218 645; baseline -0.002 -13"><span class='ocrx_word' id='word_1_44' title='bbox 96 595 282 638; x_wconf 14' lang='lat' dir='ltr'>evenisset,</span> <span class='ocrx_word' id='word_1_45' title='bbox 304 596 581 645; x_wconf 80' lang='lat' dir='ltr'>conciliumque</span> <span class='ocrx_word' id='word_1_46' title='bbox 605 602 683 632; x_wconf 89' lang='lat' dir='ltr'>tam</span> <span class='ocrx_word' id='word_1_47' title='bbox 709 595 885 644; x_wconf 83' lang='lat' dir='ltr'>frequens</span> <span class='ocrx_word' id='word_1_48' title='bbox 910 593 1030 645; x_wconf 84' lang='lat' dir='ltr'>plebis</span> <span class='ocrx_word' id='word_1_49' title='bbox 1057 594 1218 638; x_wconf 85' lang='lat' dir='ltr'>adesset,</span> 
     </span>
     <span class='ocr_line' id='line_1_8' title="bbox 98 658 1219 711; baseline -0.002 -14"><span class='ocrx_word' id='word_1_50' title='bbox 98 664 150 697; x_wconf 90' lang='lat' dir='ltr'>.ut</span> <span class='ocrx_word' id='word_1_51' title='bbox 168 658 450 697; x_wconf 84' lang='lat' dir='ltr'>multitudinem</span> <span class='ocrx_word' id='word_1_52' title='bbox 469 673 557 697; x_wconf 84' lang='lat' dir='ltr'>area</span> <span class='ocrx_word' id='word_1_53' title='bbox 576 659 758 711; x_wconf 79' lang='lat' dir='ltr'>Capitolii</span> <span class='ocrx_word' id='word_1_54' title='bbox 776 660 839 696; x_wconf 89' lang='lat' dir='ltr'>vix</span> <span class='ocrx_word' id='word_1_55' title='bbox 859 664 1032 710; x_wconf 83' lang='lat' dir='ltr'>caperet3</span> <span class='ocrx_word' id='word_1_56' title='bbox 1065 671 1219 710; x_wconf 84' lang='lat' dir='ltr'>perora—</span> 
     </span>
     <span class='ocr_line' id='line_1_9' title="bbox 107 723 1220 775; baseline 0.002 -17"><span class='ocrx_word' id='word_1_57' title='bbox 107 729 148 759; x_wconf 88' lang='lat' dir='ltr'>ta</span> <span class='ocrx_word' id='word_1_58' title='bbox 175 735 321 768; x_wconf 87' lang='lat' dir='ltr'>caussa,</span> <span class='ocrx_word' id='word_1_59' title='bbox 351 737 435 775; x_wconf 89' lang='lat' dir='ltr'>spes</span> <span class='ocrx_word' id='word_1_60' title='bbox 465 738 540 762; x_wconf 89' lang='lat' dir='ltr'>una</span> <span class='ocrx_word' id='word_1_61' title='bbox 569 724 766 762; x_wconf 86' lang='lat' dir='ltr'>videbatur</span> <span class='ocrx_word' id='word_1_62' title='bbox 795 736 889 767; x_wconf 89' lang='lat' dir='ltr'>esse,</span> <span class='ocrx_word' id='word_1_63' title='bbox 919 724 950 760; x_wconf 91' lang='lat' dir='ltr'>si</span> <span class='ocrx_word' id='word_1_64' title='bbox 982 724 1026 762; x_wconf 84' lang='lat' dir='ltr'>C.</span> <span class='ocrx_word' id='word_1_65' title='bbox 1042 723 1220 760; x_wconf 85' lang='lat' dir='ltr'>Servilius</span> 
     </span>
     <span class='ocr_line' id='line_1_10' title="bbox 109 787 1222 840; baseline 0.002 -17"><span class='ocrx_word' id='word_1_66' title='bbox 109 787 230 824; x_wconf 85' lang='lat' dir='ltr'>Casca</span> <span class='ocrx_word' id='word_1_67' title='bbox 254 788 428 826; x_wconf 86' lang='lat' dir='ltr'>tribunus</span> <span class='ocrx_word' id='word_1_68' title='bbox 454 789 590 840; x_wconf 88' lang='lat' dir='ltr'>plebis,</span> <span class='ocrx_word' id='word_1_69' title='bbox 611 790 676 839; x_wconf 91' lang='lat' dir='ltr'>qui</span> <span class='ocrx_word' id='word_1_70' title='bbox 700 790 934 840; x_wconf 88' lang='lat' dir='ltr'>propinquus</span> <span class='ocrx_word' id='word_1_71' title='bbox 961 795 1222 838; x_wconf 86' lang='lat' dir='ltr'>cognatusque</span> 
     </span>
     <span class='ocr_line' id='line_1_11' title="bbox 100 850 1222 903; baseline 0 -14"><span class='ocrx_word' id='word_1_72' title='bbox 100 850 307 889; x_wconf 82' lang='lat' dir='ltr'>Postumio</span> <span class='ocrx_word' id='word_1_73' title='bbox 326 858 420 896; x_wconf 88' lang='lat' dir='ltr'>erat,</span> <span class='ocrx_word' id='word_1_74' title='bbox 441 853 558 903; x_wconf 83' lang='lat' dir='ltr'>priuS,</span> <span class='ocrx_word' id='word_1_75' title='bbox 576 865 688 902; x_wconf 88' lang='lat' dir='ltr'>quam</span> <span class='ocrx_word' id='word_1_76' title='bbox 708 853 756 889; x_wconf 89' lang='lat' dir='ltr'>ad</span> <span class='ocrx_word' id='word_1_77' title='bbox 775 853 994 901; x_wconf 85' lang='lat' dir='ltr'>suffragium</span> <span class='ocrx_word' id='word_1_78' title='bbox 1014 852 1134 889; x_wconf 87' lang='lat' dir='ltr'>tribus</span> <span class='ocrx_word' id='word_1_79' title='bbox 1154 865 1222 889; x_wconf 83' lang='lat' dir='ltr'>vo-</span> 
     </span>
     <span class='ocr_line' id='line_1_12' title="bbox 107 916 1222 966; baseline 0.002 -15"><span class='ocrx_word' id='word_1_80' title='bbox 107 921 297 960; x_wconf 90' lang='lat' dir='ltr'>carentur,</span> <span class='ocrx_word' id='word_1_81' title='bbox 318 916 603 954; x_wconf 88' lang='lat' dir='ltr'>intercessisset.</span> <span class='ocrx_word' id='word_1_82' title='bbox 659 916 838 953; x_wconf 85' lang='lat' dir='ltr'>Testibus</span> <span class='ocrx_word' id='word_1_83' title='bbox 859 917 971 960; x_wconf 87' lang='lat' dir='ltr'>datis,</span> <span class='ocrx_word' id='word_1_84' title='bbox 987 916 1132 953; x_wconf 88' lang='lat' dir='ltr'>tribuni</span> <span class='ocrx_word' id='word_1_85' title='bbox 1151 929 1222 966; x_wconf 91' lang='lat' dir='ltr'>po-</span> 
     </span>
     <span class='ocr_line' id='line_1_13' title="bbox 101 978 1222 1032; baseline 0.001 -16"><span class='ocrx_word' id='word_1_86' title='bbox 101 978 239 1031; x_wconf 87' lang='lat' dir='ltr'>·pulum</span> <span class='ocrx_word' id='word_1_87' title='bbox 257 979 553 1028; x_wconf 82' lang='lat' dir='ltr'>submoverunt3</span> <span class='ocrx_word' id='word_1_88' title='bbox 586 981 783 1032; x_wconf 85' lang='lat' dir='ltr'>sitellaque</span> <span class='ocrx_word' id='word_1_89' title='bbox 802 981 929 1018; x_wconf 89' lang='lat' dir='ltr'>adlata</span> <span class='ocrx_word' id='word_1_90' title='bbox 954 988 1025 1024; x_wconf 85' lang='lat' dir='ltr'>est,</span> <span class='ocrx_word' id='word_1_91' title='bbox 1047 987 1090 1017; x_wconf 92' lang='lat' dir='ltr'>ut</span> <span class='ocrx_word' id='word_1_92' title='bbox 1108 982 1222 1018; x_wconf 85' lang='lat' dir='ltr'>sorti-</span> 
     </span>
     <span class='ocr_line' id='line_1_14' title="bbox 107 1044 1222 1097; baseline 0.004 -17"><span class='ocrx_word' id='word_1_93' title='bbox 107 1050 253 1089; x_wconf 86' lang='lat' dir='ltr'>rentur,</span> <span class='ocrx_word' id='word_1_94' title='bbox 270 1044 336 1082; x_wconf 90' lang='lat' dir='ltr'>ubi</span> <span class='ocrx_word' id='word_1_95' title='bbox 351 1045 482 1083; x_wconf 89' lang='lat' dir='ltr'>Latini</span> <span class='ocrx_word' id='word_1_96' title='bbox 499 1046 719 1096; x_wconf 85' lang='lat' dir='ltr'>suffragium</span> <span class='ocrx_word' id='word_1_97' title='bbox 734 1046 890 1084; x_wconf 85' lang='lat' dir='ltr'>ferrent.</span> <span class='ocrx_word' id='word_1_98' title='bbox 946 1045 1107 1083; x_wconf 89' lang='lat' dir='ltr'>Interim</span> <span class='ocrx_word' id='word_1_99' title='bbox 1125 1045 1222 1097; x_wconf 90' lang='lat' dir='ltr'>pub-</span> 
     </span>
     <span class='ocr_line' id='line_1_15' title="bbox 101 1106 1220 1155; baseline 0.001 -9"><span class='ocrx_word' id='word_1_100' title='bbox 101 1106 224 1146; x_wconf 76' lang='lat' dir='ltr'>licani</span> <span class='ocrx_word' id='word_1_101' title='bbox 253 1108 384 1146; x_wconf 78' lang='lat' dir='ltr'>Cascoe</span> <span class='ocrx_word' id='word_1_102' title='bbox 419 1109 576 1155; x_wconf 88' lang='lat' dir='ltr'>instare,</span> <span class='ocrx_word' id='word_1_103' title='bbox 607 1116 650 1146; x_wconf 82' lang='lat' dir='ltr'>ut</span> <span class='ocrx_word' id='word_1_104' title='bbox 685 1110 850 1147; x_wconf 89' lang='lat' dir='ltr'>concilio</span> <span class='ocrx_word' id='word_1_105' title='bbox 879 1110 978 1147; x_wconf 87' lang='lat' dir='ltr'>diem</span> <span class='ocrx_word' id='word_1_106' title='bbox 1016 1110 1220 1148; x_wconf 85' lang='lat' dir='ltr'>eximeret:</span> 
     </span>
     <span class='ocr_line' id='line_1_16' title="bbox 99 1172 1225 1225; baseline 0 -14"><span class='ocrx_word' id='word_1_107' title='bbox 99 1172 273 1224; x_wconf 75' lang='lat' dir='ltr'>populus</span> <span class='ocrx_word' id='word_1_108' title='bbox 299 1173 527 1212; x_wconf 87' lang='lat' dir='ltr'>reclamare:</span> <span class='ocrx_word' id='word_1_109' title='bbox 560 1182 598 1211; x_wconf 90' lang='lat' dir='ltr'>et</span> <span class='ocrx_word' id='word_1_110' title='bbox 615 1174 715 1212; x_wconf 87' lang='lat' dir='ltr'>forte</span> <span class='ocrx_word' id='word_1_111' title='bbox 742 1176 781 1211; x_wconf 93' lang='lat' dir='ltr'>in</span> <span class='ocrx_word' id='word_1_112' title='bbox 804 1187 924 1212; x_wconf 87' lang='lat' dir='ltr'>cornu</span> <span class='ocrx_word' id='word_1_113' title='bbox 949 1175 1091 1225; x_wconf 88' lang='lat' dir='ltr'>primus</span> <span class='ocrx_word' id='word_1_114' title='bbox 1119 1175 1225 1212; x_wconf 87' lang='lat' dir='ltr'>sede-</span> 
     </span>
     <span class='ocr_line' id='line_1_17' title="bbox 99 1235 1225 1290; baseline 0.003 -17"><span class='ocrx_word' id='word_1_115' title='bbox 99 1235 179 1274; x_wconf 89' lang='lat' dir='ltr'>.bat</span> <span class='ocrx_word' id='word_1_116' title='bbox 205 1237 339 1282; x_wconf 87' lang='lat' dir='ltr'>Casca,</span> <span class='ocrx_word' id='word_1_117' title='bbox 360 1239 422 1275; x_wconf 88' lang='lat' dir='ltr'>cui</span> <span class='ocrx_word' id='word_1_118' title='bbox 447 1238 559 1278; x_wconf 88' lang='lat' dir='ltr'>simul</span> <span class='ocrx_word' id='word_1_119' title='bbox 584 1245 706 1276; x_wconf 89' lang='lat' dir='ltr'>metus</span> <span class='ocrx_word' id='word_1_120' title='bbox 723 1239 929 1290; x_wconf 63' lang='lat' dir='ltr'>&gt;pudorque</span> <span class='ocrx_word' id='word_1_121' title='bbox 955 1240 1123 1277; x_wconf 88' lang='lat' dir='ltr'>animum</span> <span class='ocrx_word' id='word_1_122' title='bbox 1137 1251 1225 1276; x_wconf 58' lang='lat' dir='ltr'>vver-</span> 
     </span>
    </p>
   </div>
   <div class='ocr_carea' id='block_1_4' title="bbox 102 1300 1429 1355">
    <p class='ocr_par' dir='ltr' id='par_1_4' title="bbox 102 1300 1429 1355">
     <span class='ocr_line' id='line_1_18' title="bbox 102 1300 1429 1355; baseline 0.002 -16"><span class='ocrx_word' id='word_1_123' title='bbox 102 1301 231 1339; x_wconf 66' lang='lat' dir='ltr'>sabat.</span> <span class='ocrx_word' id='word_1_124' title='bbox 288 1302 417 1342; x_wconf 86' lang='lat' dir='ltr'>Quum</span> <span class='ocrx_word' id='word_1_125' title='bbox 436 1303 475 1339; x_wconf 92' lang='lat' dir='ltr'>in</span> <span class='ocrx_word' id='word_1_126' title='bbox 495 1316 541 1340; x_wconf 90' lang='lat' dir='ltr'>eo</span> <span class='ocrx_word' id='word_1_127' title='bbox 559 1316 692 1354; x_wconf 90' lang='lat' dir='ltr'>parum</span> <span class='ocrx_word' id='word_1_128' title='bbox 711 1304 875 1355; x_wconf 87' lang='lat' dir='ltr'>praesidii</span> <span class='ocrx_word' id='word_1_129' title='bbox 896 1311 1007 1348; x_wconf 84' lang='lat' dir='ltr'>esset,</span> <span class='ocrx_word' id='word_1_130' title='bbox 1027 1303 1225 1341; x_wconf 84' lang='lat' dir='ltr'>turbandae</span> <span class='ocrx_word' id='word_1_131' title='bbox 1238 1300 1429 1332; x_wconf 63' lang='lat' dir='ltr'>Publicano-</span> 
     </span>
    </p>
   </div>
   <div class='ocr_carea' id='block_1_5' title="bbox 109 1346 1425 1421">
    <p class='ocr_par' dir='ltr' id='par_1_5' title="bbox 109 1346 1425 1421">
     <span class='ocr_line' id='line_1_19' title="bbox 109 1346 1425 1421; baseline 0.005 -18"><span class='ocrx_word' id='word_1_132' title='bbox 109 1367 165 1403; x_wconf 88' lang='lat' dir='ltr'>rei</span> <span class='ocrx_word' id='word_1_133' title='bbox 190 1378 323 1404; x_wconf 88' lang='lat' dir='ltr'>caussa</span> <span class='ocrx_word' id='word_1_134' title='bbox 346 1366 540 1419; x_wconf 89' lang='lat' dir='ltr'>publicani</span> <span class='ocrx_word' id='word_1_135' title='bbox 563 1381 631 1419; x_wconf 84' lang='lat' dir='ltr'>per</span> <span class='ocrx_word' id='word_1_136' title='bbox 649 1381 809 1405; x_wconf 89' lang='lat' dir='ltr'>vacuum</span> <span class='ocrx_word' id='word_1_137' title='bbox 828 1369 866 1404; x_wconf 90' lang='lat' dir='ltr'>in</span> <span class='ocrx_word' id='word_1_138' title='bbox 893 1368 1073 1406; x_wconf 89' lang='lat' dir='ltr'>submoto</span> <span class='ocrx_word' id='word_1_139' title='bbox 1098 1368 1225 1407; x_wconf 89' lang='lat' dir='ltr'>locum</span> <span class='ocrx_word' id='word_1_140' title='bbox 1237 1355 1311 1421; x_wconf 50' lang='lat' dir='ltr'>a?</span> <span class='ocrx_word' id='word_1_141' title='bbox 1327 1346 1425 1378; x_wconf 47' lang='lat' dir='ltr'>anda.</span> 
     </span>
    </p>
   </div>
   <div class='ocr_carea' id='block_1_6' title="bbox 103 1432 1231 1870">
    <p class='ocr_par' dir='ltr' id='par_1_6' title="bbox 103 1432 1230 1738">
     <span class='ocr_line' id='line_1_20' title="bbox 109 1432 1226 1485; baseline 0.004 -17"><span class='ocrx_word' id='word_1_142' title='bbox 109 1443 232 1469; x_wconf 90' lang='lat' dir='ltr'>cuneo</span> <span class='ocrx_word' id='word_1_143' title='bbox 246 1432 484 1483; x_wconf 89' lang='lat' dir='ltr'>inruperunt,</span> <span class='ocrx_word' id='word_1_144' title='bbox 497 1432 699 1484; x_wconf 86' lang='lat' dir='ltr'>jurgantes</span> <span class='ocrx_word' id='word_1_145' title='bbox 716 1433 828 1471; x_wconf 85' lang='lat' dir='ltr'>simul</span> <span class='ocrx_word' id='word_1_146' title='bbox 842 1447 928 1471; x_wconf 92' lang='lat' dir='ltr'>cum</span> <span class='ocrx_word' id='word_1_147' title='bbox 947 1433 1090 1485; x_wconf 86' lang='lat' dir='ltr'>populo</span> <span class='ocrx_word' id='word_1_148' title='bbox 1105 1434 1226 1473; x_wconf 86' lang='lat' dir='ltr'>tribu·</span> 
     </span>
     <span class='ocr_line' id='line_1_21' title="bbox 108 1495 1227 1549; baseline 0.003 -16"><span class='ocrx_word' id='word_1_149' title='bbox 108 1495 256 1546; x_wconf 89' lang='lat' dir='ltr'>nisque.</span> <span class='ocrx_word' id='word_1_150' title='bbox 311 1496 395 1534; x_wconf 93' lang='lat' dir='ltr'>Nec</span> <span class='ocrx_word' id='word_1_151' title='bbox 410 1497 543 1549; x_wconf 89' lang='lat' dir='ltr'>procul</span> <span class='ocrx_word' id='word_1_152' title='bbox 558 1499 800 1536; x_wconf 85' lang='lat' dir='ltr'>dimicatione</span> <span class='ocrx_word' id='word_1_153' title='bbox 819 1511 877 1536; x_wconf 87' lang='lat' dir='ltr'>res</span> <span class='ocrx_word' id='word_1_154' title='bbox 898 1506 992 1543; x_wconf 87' lang='lat' dir='ltr'>erat,</span> <span class='ocrx_word' id='word_1_155' title='bbox 1006 1512 1121 1549; x_wconf 90' lang='lat' dir='ltr'>quum</span> <span class='ocrx_word' id='word_1_156' title='bbox 1136 1498 1227 1536; x_wconf 85' lang='lat' dir='ltr'>Ful-</span> 
     </span>
     <span class='ocr_line' id='line_1_22' title="bbox 110 1559 1228 1612; baseline 0.004 -16"><span class='ocrx_word' id='word_1_157' title='bbox 110 1559 192 1596; x_wconf 83' lang='lat' dir='ltr'>vius</span> <span class='ocrx_word' id='word_1_158' title='bbox 213 1560 346 1598; x_wconf 90' lang='lat' dir='ltr'>consul</span> <span class='ocrx_word' id='word_1_159' title='bbox 364 1562 541 1606; x_wconf 86' lang='lat' dir='ltr'>tribunis,</span> <span class='ocrx_word' id='word_1_160' title='bbox 562 1563 693 1600; x_wconf 75' lang='lat' dir='ltr'>Nonne</span> <span class='ocrx_word' id='word_1_161' title='bbox 718 1564 856 1606; x_wconf 81' lang='lat' dir='ltr'>videtis,</span> <span class='ocrx_word' id='word_1_162' title='bbox 877 1563 1015 1612; x_wconf 88' lang='lat' dir='ltr'>inquit,</span> <span class='ocrx_word' id='word_1_163' title='bbox 1034 1575 1095 1600; x_wconf 83' lang='lat' dir='ltr'>vos</span> <span class='ocrx_word' id='word_1_164' title='bbox 1112 1565 1151 1600; x_wconf 84' lang='lat' dir='ltr'>in</span> <span class='ocrx_word' id='word_1_165' title='bbox 1169 1577 1228 1600; x_wconf 92' lang='lat' dir='ltr'>or-</span> 
     </span>
     <span class='ocr_line' id='line_1_23' title="bbox 103 1625 1230 1678; baseline 0.005 -18"><span class='ocrx_word' id='word_1_166' title='bbox 103 1625 233 1661; x_wconf 20' lang='lat' dir='ltr'>*dinem</span> <span class='ocrx_word' id='word_1_167' title='bbox 257 1631 396 1663; x_wconf 81' lang='lat' dir='ltr'>coactos</span> <span class='ocrx_word' id='word_1_168' title='bbox 420 1639 503 1671; x_wconf 85' lang='lat' dir='ltr'>esse,</span> <span class='ocrx_word' id='word_1_169' title='bbox 524 1632 560 1664; x_wconf 86' lang='lat' dir='ltr'>et</span> <span class='ocrx_word' id='word_1_170' title='bbox 586 1640 663 1665; x_wconf 86' lang='lat' dir='ltr'>rem</span> <span class='ocrx_word' id='word_1_171' title='bbox 692 1629 742 1664; x_wconf 85' lang='lat' dir='ltr'>ad</span> <span class='ocrx_word' id='word_1_172' title='bbox 765 1629 972 1665; x_wconf 78' lang='lat' dir='ltr'>seditionem</span> <span class='ocrx_word' id='word_1_173' title='bbox 996 1633 1171 1678; x_wconf 83' lang='lat' dir='ltr'>spectare,</span> <span class='ocrx_word' id='word_1_174' title='bbox 1190 1631 1230 1666; x_wconf 78' lang='lat' dir='ltr'>ni</span> 
     </span>
     <span class='ocr_line' id='line_1_24' title="bbox 110 1691 828 1738; baseline 0.006 -14"><span class='ocrx_word' id='word_1_175' title='bbox 110 1700 263 1738; x_wconf 82' lang='lat' dir='ltr'>propere</span> <span class='ocrx_word' id='word_1_176' title='bbox 279 1691 461 1726; x_wconf 81' lang='lat' dir='ltr'>dimittitis</span> <span class='ocrx_word' id='word_1_177' title='bbox 474 1691 588 1738; x_wconf 81' lang='lat' dir='ltr'>plebis</span> <span class='ocrx_word' id='word_1_178' title='bbox 606 1693 794 1728; x_wconf 84' lang='lat' dir='ltr'>concilium</span> <span class='ocrx_word' id='word_1_179' title='bbox 807 1694 828 1728; x_wconf 73' lang='grc'>,9</span> 
     </span>
    </p>

    <p class='ocr_par' dir='ltr' id='par_1_7' title="bbox 114 1751 1231 1870">
     <span class='ocr_line' id='line_1_25' title="bbox 168 1751 1228 1799; baseline 0.006 -11"><span class='ocrx_word' id='word_1_180' title='bbox 168 1751 237 1789; x_wconf 92' lang='lat' dir='ltr'>IV.</span> <span class='ocrx_word' id='word_1_181' title='bbox 266 1751 383 1789; x_wconf 91' lang='lat' dir='ltr'>Plebe</span> <span class='ocrx_word' id='word_1_182' title='bbox 406 1754 573 1797; x_wconf 80' lang='lat' dir='ltr'>dimissa,</span> <span class='ocrx_word' id='word_1_183' title='bbox 605 1761 755 1790; x_wconf 85' lang='lat' dir='ltr'>senatus</span> <span class='ocrx_word' id='word_1_184' title='bbox 786 1761 957 1799; x_wconf 88' lang='lat' dir='ltr'>vocatur,</span> <span class='ocrx_word' id='word_1_185' title='bbox 988 1762 1026 1791; x_wconf 89' lang='lat' dir='ltr'>et</span> <span class='ocrx_word' id='word_1_186' title='bbox 1054 1755 1228 1794; x_wconf 81' lang='lat' dir='ltr'>consules</span> 
     </span>
     <span class='ocr_line' id='line_1_26' title="bbox 114 1808 1231 1870; baseline 0.003 -16"><span class='ocrx_word' id='word_1_187' title='bbox 114 1817 284 1855; x_wconf 81' lang='lat' dir='ltr'>referunt</span> <span class='ocrx_word' id='word_1_188' title='bbox 302 1819 348 1855; x_wconf 91' lang='lat' dir='ltr'>de</span> <span class='ocrx_word' id='word_1_189' title='bbox 374 1820 537 1856; x_wconf 90' lang='lat' dir='ltr'>concilio</span> <span class='ocrx_word' id='word_1_190' title='bbox 553 1808 676 1870; x_wconf 64' lang='lat' dir='ltr'>plebis</span> <span class='ocrx_word' id='word_1_191' title='bbox 702 1819 858 1856; x_wconf 84' lang='lat' dir='ltr'>turbato</span> <span class='ocrx_word' id='word_1_192' title='bbox 878 1820 915 1855; x_wconf 88' lang='lat' dir='ltr'>vi</span> <span class='ocrx_word' id='word_1_193' title='bbox 940 1826 1053 1869; x_wconf 90' lang='lat' dir='ltr'>atque</span> <span class='ocrx_word' id='word_1_194' title='bbox 1066 1820 1231 1858; x_wconf 50' lang='lat' dir='ltr'>¹audacia</span> 
     </span>
    </p>
   </div>
   <div class='ocr_carea' id='block_1_7' title="bbox 99 1880 1232 1933">
    <p class='ocr_par' dir='ltr' id='par_1_8' title="bbox 99 1880 1232 1933">
     <span class='ocr_line' id='line_1_27' title="bbox 99 1880 1232 1933; baseline 0.004 -17"><span class='ocrx_word' id='word_1_195' title='bbox 99 1880 416 1933; x_wconf 69' lang='lat' dir='ltr'>publicanorum.</span> <span class='ocrx_word' id='word_1_196' title='bbox 463 1884 518 1920; x_wconf 89' lang='lat' dir='ltr'>M.</span> <span class='ocrx_word' id='word_1_197' title='bbox 534 1885 682 1920; x_wconf 85' lang='lat' dir='ltr'>Furium</span> <span class='ocrx_word' id='word_1_198' title='bbox 710 1883 917 1926; x_wconf 80' lang='lat' dir='ltr'>Camillum,</span> <span class='ocrx_word' id='word_1_199' title='bbox 946 1882 1044 1930; x_wconf 84' lang='lat' dir='ltr'>cujus</span> <span class='ocrx_word' id='word_1_200' title='bbox 1068 1885 1232 1921; x_wconf 73' lang='lat' dir='ltr'>exsilium</span> 
     </span>
    </p>
   </div>
   <div class='ocr_carea' id='block_1_8' title="bbox 116 1947 1234 1997">
    <p class='ocr_par' dir='ltr' id='par_1_9' title="bbox 116 1947 1234 1997">
     <span class='ocr_line' id='line_1_28' title="bbox 116 1947 1234 1997; baseline 0.004 -16"><span class='ocrx_word' id='word_1_201' title='bbox 116 1947 226 1982; x_wconf 80' lang='lat' dir='ltr'>ruina</span> <span class='ocrx_word' id='word_1_202' title='bbox 249 1947 344 1982; x_wconf 81' lang='lat' dir='ltr'>urbis</span> <span class='ocrx_word' id='word_1_203' title='bbox 364 1952 484 1983; x_wconf 74' lang='lat' dir='ltr'>secuta</span> <span class='ocrx_word' id='word_1_204' title='bbox 502 1947 637 1997; x_wconf 80' lang='lat' dir='ltr'>fuerit,</span> <span class='ocrx_word' id='word_1_205' title='bbox 659 1949 826 1984; x_wconf 84' lang='lat' dir='ltr'>damnari</span> <span class='ocrx_word' id='word_1_206' title='bbox 849 1960 885 1985; x_wconf 89' lang='lat' dir='ltr'>se</span> <span class='ocrx_word' id='word_1_207' title='bbox 909 1948 953 1984; x_wconf 85' lang='lat' dir='ltr'>ab</span> <span class='ocrx_word' id='word_1_208' title='bbox 972 1950 1076 1985; x_wconf 75' lang='lat' dir='ltr'>iratis</span> <span class='ocrx_word' id='word_1_209' title='bbox 1100 1949 1234 1986; x_wconf 81' lang='lat' dir='ltr'>civibus</span> 
     </span>
    </p>
   </div>
   <div class='ocr_carea' id='block_1_9' title="bbox 100 2013 1235 2061">
    <p class='ocr_par' dir='ltr' id='par_1_10' title="bbox 100 2013 1235 2061">
     <span class='ocr_line' id='line_1_29' title="bbox 100 2013 1235 2061; baseline 0.004 -16"><span class='ocrx_word' id='word_1_210' title='bbox 100 2034 102 2036; x_wconf 35' lang='lat' dir='ltr'>v</span> <span class='ocrx_word' id='word_1_211' title='bbox 112 2022 259 2059; x_wconf 81' lang='lat' dir='ltr'>passum</span> <span class='ocrx_word' id='word_1_212' title='bbox 278 2023 359 2048; x_wconf 82' lang='lat' dir='ltr'>esse.</span> <span class='ocrx_word' id='word_1_213' title='bbox 416 2013 650 2050; x_wconf 80' lang='lat' dir='ltr'>Decemviros</span> <span class='ocrx_word' id='word_1_214' title='bbox 664 2017 747 2049; x_wconf 80' lang='lat' dir='ltr'>ante</span> <span class='ocrx_word' id='word_1_215' title='bbox 761 2025 855 2055; x_wconf 79' lang='lat' dir='ltr'>eum,</span> <span class='ocrx_word' id='word_1_216' title='bbox 872 2025 1021 2061; x_wconf 84' lang='lat' dir='ltr'>quorum</span> <span class='ocrx_word' id='word_1_217' title='bbox 1041 2013 1173 2061; x_wconf 81' lang='lat' dir='ltr'>legibus</span> <span class='ocrx_word' id='word_1_218' title='bbox 1187 2014 1235 2050; x_wconf 86' lang='lat' dir='ltr'>ad</span> 
     </span>
    </p>
   </div>
   <div class='ocr_carea' id='block_1_10' title="bbox 105 2076 1234 2320">
    <p class='ocr_par' dir='ltr' id='par_1_11' title="bbox 105 2076 1234 2320">
     <span class='ocr_line' id='line_1_30' title="bbox 116 2076 1234 2126; baseline 0.004 -16"><span class='ocrx_word' id='word_1_219' title='bbox 116 2086 196 2111; x_wconf 82' lang='lat' dir='ltr'>eam</span> <span class='ocrx_word' id='word_1_220' title='bbox 215 2076 309 2111; x_wconf 84' lang='lat' dir='ltr'>diem</span> <span class='ocrx_word' id='word_1_221' title='bbox 326 2077 494 2119; x_wconf 84' lang='lat' dir='ltr'>viverent,</span> <span class='ocrx_word' id='word_1_222' title='bbox 510 2078 642 2113; x_wconf 82' lang='lat' dir='ltr'>multos</span> <span class='ocrx_word' id='word_1_223' title='bbox 655 2082 783 2126; x_wconf 82' lang='lat' dir='ltr'>postea</span> <span class='ocrx_word' id='word_1_224' title='bbox 797 2079 978 2126; x_wconf 74' lang='lat' dir='ltr'>principes</span> <span class='ocrx_word' id='word_1_225' title='bbox 990 2078 1159 2121; x_wconf 75' lang='lat' dir='ltr'>civitatis,</span> <span class='ocrx_word' id='word_1_226' title='bbox 1167 2076 1234 2124; x_wconf 86' lang='lat' dir='ltr'>ju·</span> 
     </span>
     <span class='ocr_line' id='line_1_31' title="bbox 117 2140 1233 2191; baseline 0.003 -16"><span class='ocrx_word' id='word_1_227' title='bbox 117 2140 249 2175; x_wconf 83' lang='lat' dir='ltr'>dicium</span> <span class='ocrx_word' id='word_1_228' title='bbox 264 2141 307 2175; x_wconf 82' lang='lat' dir='ltr'>de</span> <span class='ocrx_word' id='word_1_229' title='bbox 320 2152 356 2176; x_wconf 90' lang='lat' dir='ltr'>se</span> <span class='ocrx_word' id='word_1_230' title='bbox 366 2142 494 2189; x_wconf 80' lang='lat' dir='ltr'>populi</span> <span class='ocrx_word' id='word_1_231' title='bbox 505 2154 638 2189; x_wconf 83' lang='lat' dir='ltr'>passos.</span> <span class='ocrx_word' id='word_1_232' title='bbox 687 2142 912 2179; x_wconf 77' lang='lat' dir='ltr'>Postumium</span> <span class='ocrx_word' id='word_1_233' title='bbox 925 2143 1141 2190; x_wconf 79' lang='lat' dir='ltr'>Pyrgensem</span> <span class='ocrx_word' id='word_1_234' title='bbox 1153 2142 1233 2191; x_wconf 83' lang='lat' dir='ltr'>suf-</span> 
     </span>
     <span class='ocr_line' id='line_1_32' title="bbox 105 2202 1233 2254; baseline 0.004 -16"><span class='ocrx_word' id='word_1_235' title='bbox 105 2202 275 2252; x_wconf 77' lang='lat' dir='ltr'>fragium</span> <span class='ocrx_word' id='word_1_236' title='bbox 300 2206 439 2252; x_wconf 75' lang='lat' dir='ltr'>populo</span> <span class='ocrx_word' id='word_1_237' title='bbox 469 2205 635 2242; x_wconf 82' lang='lat' dir='ltr'>Romano</span> <span class='ocrx_word' id='word_1_238' title='bbox 671 2207 866 2250; x_wconf 76' lang='lat' dir='ltr'>extorsisse,</span> <span class='ocrx_word' id='word_1_239' title='bbox 898 2207 1086 2243; x_wconf 71' lang='lat' dir='ltr'>concilium</span> <span class='ocrx_word' id='word_1_240' title='bbox 1117 2206 1233 2254; x_wconf 83' lang='lat' dir='ltr'>plebis</span> 
     </span>
     <span class='ocr_line' id='line_1_33' title="bbox 115 2269 1232 2320; baseline 0.004 -16"><span class='ocrx_word' id='word_1_241' title='bbox 115 2269 308 2312; x_wconf 81' lang='lat' dir='ltr'>sustulisse,</span> <span class='ocrx_word' id='word_1_242' title='bbox 331 2271 487 2307; x_wconf 73' lang='lat' dir='ltr'>tribunos</span> <span class='ocrx_word' id='word_1_243' title='bbox 505 2273 540 2307; x_wconf 82' lang='lat' dir='ltr'>in</span> <span class='ocrx_word' id='word_1_244' title='bbox 560 2272 718 2308; x_wconf 81' lang='lat' dir='ltr'>ordinem</span> <span class='ocrx_word' id='word_1_245' title='bbox 737 2273 895 2320; x_wconf 56' lang='lat' dir='ltr'>coegisse,</span> <span class='ocrx_word' id='word_1_246' title='bbox 917 2276 1041 2308; x_wconf 80' lang='lat' dir='ltr'>contra</span> <span class='ocrx_word' id='word_1_247' title='bbox 1055 2272 1232 2319; x_wconf 82' lang='lat' dir='ltr'>populum</span> 
     </span>
    </p>
   </div>
   <div class='ocr_carea' id='block_1_11' title="bbox 118 2332 1229 2385">
    <p class='ocr_par' dir='ltr' id='par_1_12' title="bbox 118 2332 1229 2385">
     <span class='ocr_line' id='line_1_34' title="bbox 118 2332 1229 2385; baseline 0.004 -17"><span class='ocrx_word' id='word_1_248' title='bbox 118 2332 321 2370; x_wconf 83' lang='lat' dir='ltr'>Romanum</span> <span class='ocrx_word' id='word_1_249' title='bbox 341 2337 452 2371; x_wconf 84' lang='lat' dir='ltr'>aciem</span> <span class='ocrx_word' id='word_1_250' title='bbox 472 2337 686 2377; x_wconf 76' lang='lat' dir='ltr'>instruxisse,</span> <span class='ocrx_word' id='word_1_251' title='bbox 705 2336 821 2373; x_wconf 79' lang='lat' dir='ltr'>locum</span> <span class='ocrx_word' id='word_1_252' title='bbox 842 2347 1040 2385; x_wconf 76' lang='lat' dir='ltr'>occupasse,</span> <span class='ocrx_word' id='word_1_253' title='bbox 1057 2340 1098 2372; x_wconf 78' lang='lat' dir='ltr'>ut</span> <span class='ocrx_word' id='word_1_254' title='bbox 1118 2336 1229 2372; x_wconf 79' lang='lat' dir='ltr'>tribu-</span> 
     </span>
    </p>
   </div>
   <div class='ocr_carea' id='block_1_12' title="bbox 637 2398 716 2435">
    <p class='ocr_par' dir='ltr' id='par_1_13' title="bbox 637 2398 716 2435">
     <span class='ocr_line' id='line_1_35' title="bbox 637 2398 716 2435; baseline 0 0"><span class='ocrx_word' id='word_1_255' title='bbox 637 2398 716 2435; x_wconf 81' lang='lat' dir='ltr'>U4</span> 
     </span>
    </p>
   </div>
  </div>
 </body>
</html>
