1527 2661
27 292 70 322 U.
85 293 120 324 C.
135 301 208 325 451.

24 336 65 366 A.
79 336 116 367 C.
134 343 208 369 301.

24 484 61 515 C.
78 485 194 515 Junius

23 529 167 560 dictator.

21 803 159 845 Cleony-

22 858 96 878 mus
114 849 172 880 La·

21 900 96 922 eon.

223 186 276 237 76
679 201 723 228 T.
749 202 880 231 L1v11

220 293 370 324 tantum
399 288 534 325 Romae
568 295 750 326 terrorem
779 291 916 336 fecere,
947 293 1037 343 quia
1067 294 1129 331 vix
1156 294 1334 331 credibile

221 359 315 396 erat,
335 359 415 390 tam
435 353 591 390 adfectis
612 354 722 391 rebus
743 355 844 391 solos
864 369 931 407 per
950 370 989 394 se
1010 358 1157 408 AEquos
1178 359 1227 395 ad
1251 358 1332 395 bel-

221 415 299 452 lum
326 424 493 460 coortos,
515 425 557 453 ut
582 418 766 454 tumultus
788 418 867 469 ejus
893 433 1027 457 caussa
1046 423 1211 458 dictator
1232 422 1333 459 dice-

221 487 324 517 retur
345 482 388 519 C.
408 482 544 518 Junius
575 482 793 519 Bubulcus:
826 485 871 527 is,
893 498 978 521 cum
1004 485 1060 522 M.
1081 486 1228 523 Titinio
1255 500 1335 523 ma-

219 548 340 597 gistro
367 549 535 597 equitum
565 548 772 598 profectus,
803 550 926 599 primo
955 564 1161 599 congressu
1184 552 1334 601 AEquos

219 613 384 662 subegit,
411 627 468 657 ac,
489 615 549 650 die
575 620 711 650 octavo
737 615 975 665 triumphans
1001 617 1040 653 in
1067 617 1200 653 urbem
1219 630 1335 667 quum

218 678 390 721 redisset,
412 678 529 713 aedem
551 677 706 721 Salutis,
727 691 839 727 quam
859 680 992 716 consul
1012 687 1179 724 voverat,
1201 694 1335 718 censor

216 741 422 785 locaverat,
444 742 608 778 dictator
627 742 825 780 dedicavit.

272 805 325 843 II.
358 806 506 842 Eodem
542 819 643 842 anno
681 806 809 843 classis
848 807 1082 852 Graecorum,
1123 809 1334 859 Cleonymo

217 870 312 906 duce
328 870 634 912 Lacedaemonio,
649 870 697 905 acl
712 868 833 906 Italiae
850 870 964 907 litora
979 872 1148 922 adpulsa,
1165 872 1329 909 Thurias

216 934 349 971 urbem
378 935 417 970 in
448 933 665 970 Sallentinis
688 934 799 984 cepit.
829 935 1018 971 Adversus
1049 937 1150 972 hunc
1179 937 1330 972 hostem

216 997 350 1035 consul
370 996 549 1035 AEinilius
570 998 704 1033 missus
725 997 861 1047 proelio
882 1012 958 1035 uno
977 999 1153 1048 fugatum
1173 1013 1330 1051 compu-

214 1063 260 1099 lit
280 1064 318 1099 in
337 1076 464 1100 naves.
503 1063 658 1099 Thuriae
678 1063 832 1099 redditae
854 1065 968 1100 veteri
990 1064 1149 1101 cultori:
1184 1065 1330 1102 Sallen-

213 1129 373 1177 tinoque
402 1141 494 1176 agro
524 1141 599 1178 pax
627 1134 748 1177 parta.
790 1128 949 1165 Junium
974 1129 1191 1166 Bubulcum
1209 1131 1328 1167 dicta-

215 1199 338 1228 torem
363 1194 519 1228 missum
545 1193 583 1228 in
605 1192 850 1237 Sallentinos,
871 1194 910 1229 in
930 1194 1156 1242 quibusdam
1182 1195 1329 1231 annali-

212 1258 283 1295 bus
307 1259 483 1294 inveni0:
517 1264 555 1294 et
575 1257 827 1306 Cleonymum
853 1258 970 1307 prius,
992 1271 1104 1307 quam
1124 1258 1331 1308 confligen-

213 1323 302 1359 dum
321 1329 420 1358 esset
440 1335 525 1358 cum
550 1322 753 1364 Romanis,
775 1321 889 1357 Italia
909 1323 1136 1358 excessisse:
1169 1323 1331 1360 circum-

212 1394 340 1424 vectus
362 1387 449 1423 inde
468 1387 662 1423 Brundisii
688 1388 1007 1436 promontorium,
1026 1388 1226 1436 medioque
1246 1389 1331 1425 sinu

215 1452 441 1488 Hadriatico
456 1452 576 1488 ventis
597 1451 709 1494 latus,
727 1464 842 1500 quum
859 1451 951 1487 laeva
967 1452 1191 1501 inportuosa
1208 1451 1331 1488 Italiae

212 1516 340 1559 litora,
357 1517 491 1552 dextra
510 1516 629 1565 Illyrii
643 1515 881 1564 Liburnique
901 1522 938 1551 et
958 1515 1060 1558 Isti-i,
1080 1522 1211 1564 gentes
1224 1516 1329 1560 ferae,

210 1588 251 1618 et
280 1594 419 1630 magna
452 1594 498 1617 ex
532 1587 639 1631 parte
671 1581 879 1617 latrociniis
918 1580 1116 1615 maritimis
1151 1580 1326 1624 infames,

211 1652 412 1688 terrerent,
433 1646 583 1695 penitus
605 1646 652 1681 ad
670 1645 784 1681 litora
796 1646 1029 1682 Venetorum
1050 1647 1243 1696 pervenit:
1276 1647 1328 1684 ibi

211 1710 394 1760 expositis
421 1711 565 1760 paucis,
586 1710 651 1758 qui
675 1709 761 1746 loca
781 1709 1036 1760 explorarent,
1058 1723 1174 1760 quum
1203 1711 1327 1747 audis-

213 1782 284 1818 set,
305 1782 419 1811 tenue
449 1781 676 1825 praetentum
705 1774 795 1811 litus
817 1788 922 1820 esse,
956 1775 1057 1824 quod
1086 1776 1329 1823 transgressis

212 1847 349 1888 stagna
384 1839 431 1876 ab
465 1845 575 1888 tergo
605 1841 695 1882 sint,
730 1840 882 1888 inrigua
916 1840 1068 1876 aestibus
1092 1840 1325 1894 Jnaritimis;

211 1916 322 1952 agros
343 1904 443 1940 haud
473 1903 606 1954 procul
634 1904 828 1953 proximos
859 1910 1087 1954 campestres
1113 1905 1239 1949 cerni3
1272 1904 1329 1940 ul·

211 1969 353 2005 teriora
389 1967 502 2003 colles
518 1984 528 2012 5
566 1967 651 2003 iude
685 1980 765 2002 esse
799 1968 939 2003 ostium
971 1967 1136 2003 fluminis
1168 1968 1328 2016 praealti,

211 2044 287 2081 quo
318 2032 524 2080 circumagi
561 2044 674 2067 naves
705 2032 744 2067 in
775 2031 980 2067 stationem
1012 2037 1134 2066 tutam
1168 2031 1326 2067 vidisse:

214 2096 441 2146 (Meduacus
472 2097 592 2132 amnis
612 2097 710 2143 erat)
734 2109 780 2131 eo
810 2096 995 2131 invectam
1016 2095 1173 2131 classem
1203 2095 1329 2132 subire

211 2162 365 2200 flumine
381 2161 538 2197 adverso
550 2160 679 2211 jussit.
710 2160 960 2196 Gravissimas
981 2160 1133 2195 navium
1148 2172 1226 2196 non
1245 2172 1332 2211 per-

209 2227 298 2263 tulit
325 2226 451 2263 alveus
472 2225 636 2262 fluminis
653 2241 659 2261 :
693 2225 732 2261 in
752 2224 893 2260 leviora
920 2224 1073 2272 navigia
1091 2231 1328 2272 transgressa

167 2289 169 2291 ’
209 2291 414 2328 multitudo
445 2297 678 2327 armatorum
716 2290 762 2326 ad
793 2289 1009 2338 frequentes
1044 2301 1170 2337 agros,
1205 2288 1325 2325 tribus

207 2357 406 2393 maritimis
436 2357 709 2394 Patavinorum
738 2356 829 2393 vicis
854 2355 1068 2393 colentibus
1099 2368 1182 2392 eam
1202 2367 1322 2398 oram,
