1527 2661
342 187 497 215 anER
522 188 568 215 x.
599 188 708 215 CAP.
732 188 813 216 xv.
1083 188 1135 230 93

24 274 197 324 Equites,
214 275 370 312 ducibus
391 275 567 319 tribunis,
585 276 686 312 haud
706 276 825 311 multo
841 275 923 326 plus
944 277 1132 321 hostibus,
1149 287 1190 316 U.
1208 286 1244 316 C.
1261 292 1336 316 45⁵.

1145 331 1186 360 A.
1202 330 1237 360 C.
1256 334 1331 363 297.

23 353 135 390 quam
156 342 246 385 suis,
269 354 315 378 ex
340 342 533 391 inproviso
554 347 642 377 ante
673 341 781 388 signa
807 341 940 383 evecti,
962 341 1132 390 praebue-

10 395 113 440 ¹runt
131 404 326 441 tumultus.
377 405 564 440 Adversus
586 405 760 440 incitatas
780 410 922 440 turmas
943 405 1049 440 stetit
1075 406 1134 441 in-

23 475 127 505 mota
147 469 373 506 Samnitium
399 470 512 512 acies,
534 482 602 505 nec
630 475 736 518 parte
756 468 829 504 ulla
851 468 939 518 pelli
958 475 1024 505 aut
1049 483 1135 520 per-

21 535 145 584 rumpi
165 536 301 584 potuit.
342 535 407 577 Et,
429 543 630 584 postquam
652 535 800 570 irritum
819 535 1012 584 inceptum
1038 541 1134 579 erat,

6 599 162 649 2reeepti
184 606 270 649 post
289 601 398 649 signa
424 600 559 650 proelio
585 605 838 636 excesserunt.
869 600 998 635 Crevit
1024 613 1135 646 ex‘eo

21 663 187 699 hostium
204 664 351 700 emimus
367 681 377 709 3
400 677 470 700 nec
489 665 674 699 sustinere
692 664 797 700 frons
818 664 938 713 prima
952 670 1031 700 tam
1050 664 1135 701 lon-

23 739 111 776 gum
138 734 326 763 certamen
354 728 701 775 increscentemque
720 727 857 762 fiducia
883 729 940 763 sui
967 729 1040 764 vim
1066 742 1136 778 po-

0 791 169 844 ¹¹tuisset,
189 791 229 826 ni
256 792 419 827 secunda
449 793 546 827 acies
569 791 681 841 jussu
711 790 875 827 consulis
904 792 942 827 in
972 792 1135 841 primum

0 854 271 891 (successisset.
315 855 375 891 Ibi
408 856 565 903 integrae
595 854 690 890 vires
725 855 863 889 sistunt
892 854 1134 893 invehentem

2 905 58 966 ise
70 917 153 969 jam
181 919 411 956 Samnitem:
446 926 483 955 et
503 926 675 969 tempore
701 920 893 969 inprovisa
919 932 965 955 ex
990 921 1132 957 monti-

0 983 87 1033 ⁴Jbus
108 984 215 1032 signa
230 983 445 1034 clamorque
465 984 634 1020 sublatus
652 996 729 1020 non
749 996 839 1019 vero
859 990 1009 1020 tantum
1027 991 1133 1022 metu

0 1041 1 1088 Ξ
17 1053 183 1084 terruere
200 1049 425 1085 Samnitium
445 1050 591 1085 animos
607 1064 614 1085 ε
648 1062 735 1084 nam
756 1055 793 1084 et
812 1048 951 1085 Fabius
967 1049 1130 1086 Decium

18 1112 204 1161 collegam
229 1113 531 1163 adpropinquare
551 1113 790 1156 exclamavit,
811 1119 848 1149 et
874 1126 943 1163 pro
970 1126 1009 1149 se
1028 1114 1130 1162 quis-

19 1188 91 1225 que
111 1176 230 1219 miles,
262 1179 381 1213 adesse
411 1179 566 1213 alterum
596 1179 786 1220 consulem,
817 1178 935 1214 adesse
964 1179 1129 1225 legiones,

17 1240 156 1288 gaudio
194 1240 333 1277 alacres
366 1241 555 1285 fremunt3
593 1253 771 1289 errorque
808 1240 909 1275 utilis
943 1241 1129 1277 Romanis

15 1303 164 1340 oblatus
184 1304 283 1353 fugae
303 1305 589 1353 formidinisque
610 1305 795 1340 Samnites
818 1303 987 1353 inplevit,
1008 1306 1129 1341 maxi-

14 1379 74 1404 me
93 1369 258 1411 territos,
279 1381 326 1404 ne
347 1369 393 1404 ab
414 1369 533 1404 altero
554 1369 719 1404 exercitu
739 1369 889 1415 integro
910 1369 1129 1418 intactoque

11 1431 99 1468 fessi
119 1432 444 1482 obprimerentur:
477 1439 527 1476 et,
549 1433 637 1483 quia
656 1433 795 1482 passim
815 1432 853 1467 in
872 1432 1003 1480 fugam
1019 1434 1127 1469 dissi-

12 1497 90 1546 pati
120 1503 221 1541 sunt,
255 1497 379 1533 minor
409 1498 540 1540 caedes,
574 1510 686 1545 quam
715 1509 784 1546 pro
814 1502 921 1532 tanta
954 1497 1126 1541 victoria,
1141 1497 1283 1551 Vincung

11 1561 107 1598 fuit:
139 1563 213 1598 tria
232 1562 350 1598 millia
370 1570 406 1598 et
427 1563 692 1611 quadringenti
716 1561 801 1597 caesi
819 1575 825 1595 z
858 1562 958 1610 capti
980 1568 1125 1598 trecen·
1140 1542 1291 1578 Romam.

14 1625 44 1662 ti
72 1625 189 1662 ferme
217 1632 256 1662 et
284 1626 464 1675 triginta:
498 1626 607 1675 signa
643 1625 824 1661 militaria
853 1632 962 1675 capta
991 1627 1065 1662 tria
1090 1634 1128 1662 et

14 1690 159 1739 viginti.

66 1754 154 1791 XV.
185 1755 415 1791 Samnitibus
436 1755 551 1804 Apuli
572 1767 611 1790 se
630 1760 717 1790 ante
738 1753 914 1803 proelium
940 1753 1127 1803 conjunx-

13 1819 146 1861 issent,
166 1818 205 1853 ni
224 1818 267 1854 P.
287 1817 428 1854 Decius
445 1817 577 1854 consul
597 1819 641 1853 iis
662 1818 709 1853 ad
728 1817 988 1853 Maleventum
1004 1824 1127 1855 castra

14 1882 231 1933 objecisset,
262 1890 450 1920 extractos
481 1884 615 1919 deinde
651 1884 698 1919 ad
731 1889 921 1919 certamen
954 1883 1126 1921 fudisset.

14 1946 74 1984 Ibi
93 1961 241 1997 quoque
267 1948 349 1998 plus
370 1948 469 1996 fugae
493 1947 579 1991 fuit,
601 1961 711 1996 quam
741 1947 874 1983 caedis:
908 1947 983 1983 duo
1009 1947 1127 1985 millia

11 2011 223 2062 Apulorum
239 2025 334 2048 caesa
349 2026 356 2046 τ
380 2018 580 2062 spretoque
597 2024 642 2047 eo
661 2012 785 2053 hoste,
802 2008 943 2046 Decius
959 2012 998 2046 in
1018 2012 1126 2047 Sam-

10 2076 114 2112 nium
140 2075 308 2124 legiones
339 2076 457 2112 duxit.
500 2075 559 2111 Ibi
585 2075 661 2111 duo
680 2074 896 2111 consulares
924 2076 1124 2118 exercitus,

10 2139 162 2176 diversis
181 2140 307 2188 vagati
326 2139 511 2189 partibus,
533 2140 661 2174 omnia
687 2139 811 2189 spatio
831 2139 995 2187 quinque
1018 2151 1124 2175 men-

13 2204 108 2240 sium
142 2209 369 2240 evastarunt.
411 2203 674 2252 Quadraginta
708 2209 745 2238 et
775 2202 940 2251 quinque
970 2201 1054 2237 loca
1086 2203 1126 2239 in

11 2266 165 2303 Samnio
194 2266 312 2309 fuere,
341 2267 379 2302 in
409 2267 545 2316 quibus
572 2265 684 2302 Decii
710 2273 834 2301 castra
863 2265 1038 2300 suerunt:
1071 2265 1125 2300 al-

14 2331 126 2367 !erius
156 2330 319 2367 consulis
350 2342 415 2367 sex
444 2336 482 2366 et
511 2330 732 2378 octoginta:
766 2341 833 2365 nec
860 2328 944 2364 valli
977 2334 1125 2364 tantum
