1527 2661
308 187 363 230 26
736 198 781 227 T.
806 200 938 229 mvn

112 291 203 364 gg.
221 287 542 337 435.t1·iumphum
568 287 771 324 decessisse
799 287 966 324 Romam
994 287 1188 337 Papirium
1219 288 1423 326 Cursorem

145 358 152 365 .
195 341 294 369 .317.

111 388 255 462 &3183ss
307 423 439 466 tesque
459 415 680 467 subjugum
699 417 834 452 missos
865 424 1038 452 auctores
1058 423 1158 452 sunt.
1206 417 1259 452 Et
1278 417 1349 453 fuit
1370 418 1426 453 vir

309 352 493 395 scribunt,
514 352 578 401 qui
607 364 652 387 eo
682 352 776 388 duce
805 351 1007 388 Luceriam
1038 358 1243 401 receptam,
1274 354 1424 390 Sanmi-

112 473 232 505 Ῑέωᾱθὸ·
306 481 409 518 haud
438 481 551 516 dubie
581 481 717 529 dignus
748 482 850 517 omni
882 480 1019 517 bellica
1047 480 1170 524 laude,
1200 494 1279 517 non
1309 482 1427 518 animi

306 545 429 581 solum
456 545 600 593 vigore,
622 545 687 580 sed
717 545 831 580 etiam
858 545 1027 593 corporis
1058 544 1199 580 viribus
1227 545 1428 583 excellens.

305 609 503 659 Praecipua
531 609 668 658 pedum
697 609 900 658 pernicitas
931 609 1067 651 inerat,
1099 621 1181 657 quae
1211 621 1426 658 cognomen

305 674 419 709 etiam
439 673 565 709 dedit:
600 673 856 722 victoremque
877 686 989 709 cursu
1010 673 1181 709 omnium
1209 674 1329 709 aetatis
1350 687 1427 711 suae

304 738 421 774 fuisse
453 737 603 774 ferunt:
637 744 675 774 et
709 751 773 774 seu
805 738 939 773 virium
971 737 1021 780 vi,
1053 749 1120 772 seu
1156 738 1430 775 exercitatione

304 801 437 844 multa,
460 801 533 837 cibi
553 802 706 850 vinique
727 802 899 837 eumdem
920 801 1206 850 capacissimum
1224 815 1230 836 :
1255 814 1324 838 nec
1341 815 1428 838 cum

304 865 383 902 ullo
413 867 643 916 asperiorem
667 867 773 916 (quia
803 868 883 917 ipse
912 867 1043 902 invicti
1070 866 1116 902 ad
1145 865 1314 902 laborem
1344 880 1429 904 cor-

305 930 408 980 poris
431 931 546 977 esset)
570 929 685 966 fuisse
712 930 887 966 mistiam
917 931 1035 979 pediti
1062 930 1203 979 pariter
1226 931 1431 979 equitique.

305 993 466 1042 Equites
488 994 602 1029 etiam
623 993 833 1043 aliquando
855 1006 967 1030 ausos
989 993 1036 1029 ab
1059 1006 1104 1028 eo
1134 1000 1276 1042 petere,
1296 999 1339 1029 ut
1359 993 1432 1030 sibi

306 1071 376 1110 pro
405 1072 445 1094 re
473 1058 571 1095 bene
601 1065 709 1107 gesta
743 1058 894 1095 laxaret
923 1058 1066 1107 aliquid
1099 1058 1263 1094 laboris:
1297 1058 1434 1107 quibus

305 1122 384 1166 ille,
407 1124 465 1159 Ne
484 1124 575 1159 nihil
594 1125 772 1159 remissum
796 1125 939 1166 dicatis,
961 1125 1119 1165 remitto,
1142 1123 1279 1171 inquit,
1298 1136 1343 1159 ‘ne
1362 1126 1434 1160 uti-

306 1200 372 1236 que
392 1189 532 1224 dorsum
555 1190 799 1230 demulceatis,
822 1201 930 1236 quum
951 1200 991 1223 ex
1010 1190 1107 1235 equis
1126 1189 1340 1223 descendetis
1353 1204 1365 1223 .·
1396 1194 1435 1224 et

305 1251 359 1287 vis
382 1258 462 1287 erat
492 1252 531 1287 in
552 1264 597 1287 eo
628 1253 708 1287 viro
728 1252 877 1302 imperii
906 1252 1040 1300 ingens
1071 1252 1212 1300 pariter
1238 1252 1276 1286 in
1307 1252 1431 1288 socios

306 1315 493 1364 civesque.
541 1316 797 1351 Praenestinus
826 1322 967 1365 praetor
996 1328 1062 1364 per
1083 1316 1257 1350 timorem
1278 1317 1430 1364 segnius

307 1392 354 1416 ex
373 1380 548 1416 subsidiis
580 1393 666 1416 suos
698 1381 858 1416 (luxerat
886 1381 925 1415 in
956 1380 1118 1429 primam
1140 1380 1286 1415 aciem:
1319 1392 1431 1428 quem

306 1456 422 1493 quum
451 1443 690 1479 inambulans
712 1450 800 1480 ante
828 1442 1121 1479 tabernaculum
1151 1442 1430 1492 voca1·ijussis-

305 1515 376 1552 set,
397 1508 571 1544 lictorem
598 1509 773 1557 expedire
801 1509 960 1543 securim
985 1506 1124 1557 jussit:
1158 1507 1203 1543 ad
1225 1520 1338 1555 quarn
1364 1520 1432 1544 vo-

307 1584 388 1608 cem
409 1574 574 1608 exanimi
601 1579 726 1608 stante
757 1572 1009 1614 Praenestino,
1032 1574 1211 1619 Agedum,
1234 1573 1351 1614 lictor,
1373 1585 1434 1608 ex-

307 1638 385 1673 cide
404 1639 560 1673 radicem
582 1638 687 1680 hanc,
706 1638 843 1685 inquit,
862 1639 1125 1673 incommodam
1145 1637 1436 1674 ambulantzbus:

306 1701 576 1753 perfusumque
604 1702 726 1737 ultimi
750 1701 924 1751 supplicii
952 1707 1069 1742 metu,
1092 1700 1212 1735 multa
1233 1700 1353 1743 dicta,
1375 1701 1432 1736 di-

307 1765 422 1801 misit,
464 1765 581 1800 Haud
611 1765 724 1801 dubie
758 1764 823 1800 illa
853 1770 978 1807 aetate,
1010 1777 1084 1812 qua
1112 1763 1217 1798 nulla
1247 1764 1431 1800 virtutum

307 1829 469 1866 feracior
488 1830 575 1873 fuit,
606 1843 719 1866 nemo
751 1842 846 1866 unus
868 1836 949 1865 erat
968 1830 1039 1871 vir,
1061 1841 1136 1877 quo
1167 1829 1287 1876 magis
1308 1829 1435 1865 innisa

308 1907 366 1931 res
387 1894 565 1930 Romana
585 1901 724 1931 staret:
759 1895 850 1943 quin
872 1906 956 1929 eum
978 1905 1108 1942 parem
1129 1892 1324 1928 destinant
1350 1893 1433 1928 ani-

309 1960 379 1996 mis
398 1958 546 2007 Magno
566 1958 786 1995 Alexandro
807 1959 955 2001 ducem,
977 1957 1009 1993 si
1036 1969 1154 1998 arma,
1175 1956 1269 1992 Asia
1297 1957 1434 2007 perdo·

309 2023 418 2066 mita,
438 2024 478 2058 in
497 2023 693 2073 Europam
713 2024 899 2059 vertisset.
922 2070 925 2073 Δ

117 2088 299 2129 Disputatio
365 2087 496 2124 XVII.
538 2088 648 2124 Nihil
676 2088 799 2124 minus
820 2087 1019 2136 quaesitum
1050 2099 1072 2121 a
1100 2085 1290 2135 principio
1319 2083 1432 2135 hujus

115 2135 154 2164 de
173 2134 266 2164 Alex-

114 2177 214 2208 andro
231 2178 277 2208 Μ.

116 2226 148 2269 et
163 2220 282 2251 Roma-
313 2217 398 2253 dine
414 2215 640 2252 declinarem
655 2232 665 2260 5
684 2215 1005 2264 varietatibusque
1019 2212 1288 2262 distinguendo
1302 2225 1432 2262 opere,

118 2273 179 2295 ms-

312 2152 435 2202 operis
452 2152 569 2187 videri
590 2158 730 2202 potest,
748 2164 860 2200 quam
877 2157 918 2186 ut
937 2149 1020 2200 plus
1034 2149 1143 2199 justo
1163 2148 1210 2184 ab
1231 2161 1355 2184 rerum
1373 2161 1436 2185 or-

313 2287 352 2317 et
381 2280 596 2329 legentibus
626 2279 729 2315 velut
758 2279 989 2315 deverticula
1017 2291 1181 2321 amoena,
1202 2285 1240 2313 et
1269 2277 1436 2325 requiem

312 2345 442 2382 animo
471 2357 556 2381 meo
586 2357 816 2395 quaererem:
849 2350 978 2381 tamen
998 2344 1096 2381 tanti
1126 2342 1224 2392 regis
1254 2354 1298 2378 ac
1327 2341 1433 2378 ducit
