1527 2661
307 179 384 209 122
753 182 798 209 T.
822 182 954 211 LIVII

239 287 289 310 ss.
303 268 448 317 aliquot
466 270 566 306 circa
585 269 694 306 urbes
715 270 904 306 conscisse
919 270 1049 320 fugam
1063 288 1073 317 5
1106 284 1193 308 suos
1215 274 1337 323 prima
1354 273 1410 310 vi-

239 331 290 356 94·
304 333 395 381 gilia
409 333 600 383 profectos
617 348 624 369 ε
649 333 811 376 credere,
829 334 998 370 camdem
1014 336 1053 370 in
1073 335 1155 372 aliis
1173 336 1328 373 urbibus
1349 349 1411 373 so-

302 397 500 433 litudinem
517 398 748 435 inventuros.
786 399 910 435 Dictis
931 402 1167 450 captivorum
1184 402 1274 439 fides
1295 403 1411 445 exsti-

302 462 372 497 tit:
406 462 561 497 desertis
583 463 732 511 oppidis
754 463 886 499 consul
905 465 1062 513 potitur.

107 520 235 594 {eq-um
354 527 528 562 XXXV.
559 526 681 562 Alteri
697 526 843 563 consuli
862 527 918 564 M.
935 528 1056 564 Atilio
1074 542 1314 579 nequaquam
1333 537 1411 567 tam

107 572 210 638 fatczilneo
223 576 287 596 non
300 590 412 627 facile
433 590 574 626 bellum
592 590 677 626 fuit.
735 591 864 630 Quum
890 591 936 627 ad
954 591 1157 630 Luceriam
1177 594 1330 631 duceret
1357 595 1411 631 le-

301 657 447 704 giones,
469 668 581 704 quam
600 655 811 705 obpugnari
834 655 880 691 ab
902 656 1134 694 Samnitibus
1160 659 1344 702 audierat,
1365 659 1412 696 ad

109 279 198 309 U.C.
217 287 234 310 4

112 323 148 352 A.
163 323 198 352 C.
217 331 233 353 2

299 721 411 757 finem
432 720 663 757 Lucerinum
683 721 718 756 ei
743 720 864 757 hostis
885 721 1017 758 obvius
1037 723 1133 760 fuit:
1165 724 1219 760 ibi
1243 725 1298 760 ira
1317 724 1412 760 vires

300 786 473 834 aequavit.
531 784 713 820 Proelium
743 785 887 821 varium
915 792 953 822 et
982 799 1119 837 anceps
1139 787 1234 823 fuit:
1266 788 1411 824 tristius

298 857 426 889 tamen
446 857 583 887 eventu
601 849 787 886 Romanis
802 867 812 896 3
846 857 883 887 et
899 852 987 900 quia
1006 853 1144 888 insueti
1165 860 1273 889 erant
1293 853 1407 897 vinci,

297 922 336 954 et
356 917 444 965 quia
463 915 713 964 digredientes
734 916 869 964 magis,
891 929 1004 965 quam
1022 917 1060 953 in
1082 918 1165 967 ipso
1186 919 1405 962 certamine,

297 987 509 1023 senserunt,
531 987 714 1029 quantum
743 981 782 1016 in
812 993 879 1017 sua
907 988 1014 1031 parte
1044 982 1126 1032 plus
1147 983 1344 1019 vulnerum
1363 996 1407 1020 ac

297 1047 408 1083 caedis
428 1046 573 1081 fuisset.
631 1045 765 1094 Itaque
786 1046 815 1081 is
846 1052 968 1082 terror
987 1047 1026 1082 in
1052 1048 1183 1083 castris
1204 1054 1322 1090 ortus,
1344 1048 1407 1096 qui

295 1112 326 1147 si
347 1117 560 1161 pugnantes
588 1111 762 1160 cepisset,
784 1111 942 1159 insignis
971 1118 1127 1162 accepta
1145 1111 1268 1148 clades
1294 1111 1406 1148 foret.

295 1175 395 1211 Tum
414 1187 565 1224 quoque
594 1174 757 1210 sollicita
785 1187 863 1211 uox
891 1174 964 1210 fuit
986 1174 1069 1224 jam
1098 1176 1315 1211 invasurum
1345 1188 1407 1211 ca·

296 1246 373 1276 stra
403 1240 612 1275 Samnitem
650 1238 904 1282 credentibus,
943 1245 1010 1275 aut
1045 1240 1168 1289 prima
1203 1239 1286 1276 luce
1321 1253 1407 1277 cum

293 1303 502 1340 victoribus
523 1303 772 1339 conserendas
801 1316 947 1340 manus.
1003 1303 1134 1340 Minus
1155 1304 1284 1348 cladis,
1306 1311 1406 1341 cete-

293 1382 377 1405 rum
407 1381 484 1404 non
514 1367 597 1418 plus
628 1368 854 1410 animorum,
877 1368 921 1403 ad
951 1368 1080 1404 hostes
1111 1375 1213 1404 erat:
1247 1368 1311 1405 ubi
1329 1370 1406 1419 pri-

293 1446 397 1470 mum
430 1431 581 1474 inluxit,
616 1431 720 1466 abire
756 1431 837 1466 sine
871 1432 1075 1467 certamine
1108 1432 1276 1482 cupiunt.
1334 1433 1408 1470 Sed

292 1499 352 1535 via
374 1511 461 1540 una,
483 1504 521 1533 et
541 1509 585 1532 ea
603 1497 685 1546 ipsa
710 1503 846 1546 praeter
866 1496 1010 1539 hostes,
1032 1504 1133 1533 erat:
1168 1510 1242 1546 qua
1260 1497 1404 1547 ingres-

292 1564 338 1605 si,
372 1562 566 1613 praebuere
595 1562 758 1610 speciem
788 1568 891 1597 recta
922 1561 1160 1598 tendentium
1196 1562 1243 1598 ad
1281 1568 1404 1599 castra

292 1627 561 1677 obpugnanda.
621 1626 765 1661 Consul
785 1639 890 1662 arma
910 1638 1042 1675 capere
1062 1626 1200 1662 milites
1214 1625 1342 1675 jubet,
1363 1633 1402 1664 et

292 1692 398 1741 sequi
427 1704 466 1726 se
496 1699 603 1726 extra
632 1689 794 1725 vallum:
827 1687 976 1738 legatis,
1007 1689 1184 1733 tribunis,
1215 1690 1401 1739 praefectis

292 1756 483 1792 sociorum
514 1755 687 1804 imperat,
708 1753 810 1802 quod
840 1753 938 1802 apud
968 1765 1154 1802 quemque
1172 1752 1402 1804 facto'opus

292 1827 360 1857 est.
418 1819 562 1855 Omnes
600 1817 814 1861 adfirmant,
844 1830 879 1854 se
907 1819 1047 1866 quidem
1081 1820 1202 1854 omnia
1218 1817 1403 1866 facturos,

288 1887 349 1921 sed
370 1886 524 1920 militum
537 1883 662 1930 jacere
680 1885 841 1918 animos:
871 1887 948 1918 tota
969 1887 1069 1919 nocte
1095 1885 1186 1918 inter
1206 1884 1353 1920 vulnera
1371 1889 1406 1920 et

286 1951 439 1997 gemitus
460 1950 685 1984 morientium
712 1948 903 1994 vigilatum
923 1959 1004 1982 esse.
1036 1947 1095 1991 ,Si
1120 1952 1203 1982 ante
1223 1949 1335 1984 lucem
1354 1950 1404 1985 ad

287 2018 406 2049 castra
424 2018 565 2048 ventam
576 2011 694 2060 foret,
717 2016 855 2047 tantum
873 2012 1016 2058 pavoris
1034 2009 1163 2058 fuisse,
1184 2016 1225 2046 ut
1242 2012 1405 2048 relicturi

284 2080 387 2126 signa
395 2077 543 2126 fuerint
556 2094 568 2112 .·
598 2089 689 2112 nunc
709 2077 848 2124 pudore
867 2087 889 2110 a
906 2074 1008 2123 fuga
1034 2077 1220 2117 contineri,
1241 2077 1402 2124 alioquin

283 2155 352 2191 pro
372 2143 474 2178 victis
491 2153 572 2177 esse.
618 2140 714 2179 Quae
736 2139 800 2176 ubi
819 2138 952 2174 consul
979 2139 1137 2189 accepit,
1158 2138 1310 2175 sibimet
1329 2141 1400 2190 ipsi

285 2205 572 2243 circumeundos
603 2204 938 2253 adloquendosque
967 2202 1104 2238 milites
1131 2209 1248 2245 ratus,
1280 2210 1321 2240 ut
1351 2205 1396 2241 ad

284 2283 454 2320 quosque
482 2275 651 2312 venerat,
682 2275 904 2305 cunctantes
930 2280 1034 2304 arma
1062 2280 1194 2318 capere
1225 2269 1394 2319 increpa-

281 2335 372 2380 bat;
408 2336 505 2377 Quid
524 2339 709 2376 cessarent,
732 2335 1116 2382 tergiversarenturque
1131 2334 1152 2369 ,9
1187 2334 1336 2369 Hostem
1359 2335 1395 2369 in
