1527 2661
400 190 554 220 LIBER
576 189 696 219 XXV.
727 188 835 218 cAP.
858 189 930 218 lx.
1129 189 1213 235 447

103 278 237 331 procul
255 284 446 331 spectator
464 278 625 328 agminis
644 276 819 323 falleret;
850 288 1078 328 praegressos
1094 286 1213 317 retra·
1227 287 1271 320 U.
1282 285 1321 319 C.
1336 295 1413 321 ⁵⁴0.

102 344 251 388 herent,
288 343 421 381 obvios
459 342 688 385 occiderent,
727 346 770 377 ut
811 341 1033 392 praedonum
1077 345 1214 394 magis,
1228 332 1268 364 Α·
1280 330 1318 363 C·
1334 338 1410 364 ²¹²·

105 421 218 458 quam
244 408 445 451 exereitus,
466 406 607 444 adcolis
636 405 779 457 species
809 412 930 442 esset:
962 406 1057 457 ipse,
1076 409 1216 459 raptim

104 472 256 521 agmine
275 478 376 516 acto,
397 471 610 522 quindecim
631 470 749 507 ferme
768 469 929 507 millium
949 472 1073 521 spatio
1092 480 1218 511 castra

104 537 153 574 ab
171 537 341 574 Tarento
360 537 511 588 posuit:
544 542 596 579 et,
615 547 664 572 ne
683 534 737 572 ibi
756 535 908 585 quidem
926 536 1125 582 nunciato,
1141 550 1219 588 quo

104 608 321 652 pergerent,
350 607 500 638 tantum
529 606 759 637 convocatos
792 599 930 637 milites
962 602 1127 646 monuit,
1157 603 1220 640 via

106 677 237 702 omnes
266 666 390 712 irent;
421 678 491 702 nec
520 665 654 702 diverti
673 677 914 714 quemquam,
945 672 1011 702 aut
1039 666 1220 705 excedere

106 730 278 767 ordinem
297 731 458 780 agminis
483 737 717 781 paterentur,
738 738 773 767 et
794 730 834 766 in
852 730 982 780 primis
1008 731 1145 767 intenti
1172 731 1220 769 ad

105 795 264 844 imperia
281 796 501 846 accipienda
519 802 642 831 essent
656 811 667 840 5
699 807 773 831 neu
789 794 878 844 quid
897 795 970 830 nisi
985 794 1122 832 ducum
1134 794 1221 846 jus-

107 870 151 893 su
169 857 359 894 facerent:
393 871 431 894 se
451 859 490 894 in
504 864 676 908 tempore
695 858 897 901 editurum,
915 871 998 907 quae
1012 858 1126 895 vellet
1144 860 1220 908 agi.

107 921 253 959 Eadem
287 921 406 959 ferme
447 922 544 959 hora
589 922 799 959 Tarentum
834 921 936 958 fama
982 929 1219 972 pervenerat,

108 985 294 1023 Numidas
314 987 457 1036 equites
486 999 627 1038 paucos
657 986 832 1037 populari
859 998 986 1035 agros,
1016 992 1220 1024 terrorem-

107 1063 180 1100 que
207 1050 283 1088 late
320 1051 530 1100 agrestibus
561 1050 747 1101 injecisse.
803 1051 864 1087 Ad
894 1063 1006 1100 quem
1038 1051 1221 1088 nuncium

107 1113 203 1151 nihil
223 1113 321 1150 ultra
339 1121 464 1150 motus
485 1114 684 1164 praefectus
704 1114 918 1157 Romanus,
940 1126 1053 1163 quam
1072 1120 1115 1150 ut
1133 1127 1221 1165 par-

108 1184 185 1214 tem
205 1177 373 1227 equitum
392 1184 546 1228 postero
566 1178 625 1214 die
644 1177 727 1214 luce
746 1178 867 1227 prima
879 1176 1035 1226 juberet
1055 1178 1156 1214 exire
1174 1178 1222 1214 ad

108 1241 312 1278 arcendum
342 1241 653 1291 populationibus
691 1242 840 1278 hostem
856 1256 863 1277 z
886 1242 934 1283 ,in
970 1248 1094 1278 cetera
1126 1242 1220 1279 adeo

107 1305 204 1343 nihil
219 1306 269 1342 ob
284 1305 322 1342 id
341 1306 488 1342 intenta
504 1319 592 1342 cura
611 1312 681 1349 est,
699 1312 740 1342 ut
755 1312 889 1342 contra
904 1319 973 1356 pro
993 1313 1220 1354 argumento

107 1370 222 1406 fuerit
240 1369 306 1406 illa
323 1372 560 1421 procursatio
579 1370 845 1413 Numidarum,
867 1369 1127 1406 Hannibalem
1153 1384 1219 1407 ex-

82 1467 86 1470 .
108 1434 341 1483 ercitumque
356 1435 488 1470 castris
503 1447 581 1471 non
598 1435 771 1471 movisse.
819 1434 1016 1471 Hannibal
1032 1434 1222 1472 concubia

107 1504 221 1536 nocte
236 1499 355 1535 movit
370 1512 377 1533 ε
410 1498 484 1534 dux
499 1498 740 1534 Philemenus
757 1505 850 1542 erat,
869 1512 953 1535 cum
969 1498 1083 1535 solito
1099 1505 1219 1550 captae

109 1563 322 1599 venationis
342 1575 479 1598 onere:
514 1563 629 1598 ceteri
648 1562 860 1611 proditores
876 1576 938 1606 ea,
960 1575 1042 1611 quae
1063 1575 1220 1613 compo-

111 1629 184 1663 sita
202 1633 324 1670 erant,
340 1626 624 1676 exspectabant.
656 1627 895 1663 Convenerat
911 1633 1052 1670 autem,
1069 1635 1111 1664 ut
1129 1627 1223 1664 Phi-

111 1691 294 1733 lemenus,
320 1690 471 1740 portula
503 1690 657 1726 adsueta
687 1691 927 1726 venationem
957 1691 1136 1734 inferens,
1162 1705 1222 1728 ar-

109 1763 232 1793 matos
251 1755 464 1792 induceret:
487 1763 593 1805 parte
613 1755 687 1791 alia
705 1762 859 1805 portam
877 1754 1087 1791 Temenida
1101 1756 1222 1792 adiret

110 1819 320 1858 Hannibal.
375 1819 433 1855 Ea
453 1820 724 1856 mediterranea
742 1819 897 1868 regione
914 1819 1097 1856 orientem
1114 1831 1222 1870 spec-

109 1885 239 1922 tabat:
273 1883 506 1933 aliquantum
526 1884 627 1920 intra
640 1884 782 1919 moenia
797 1883 1052 1920 includuntur.
1092 1884 1222 1923 Quum

110 1955 230 2000 portae
259 1948 591 1998 adpropinquaret,
613 1948 732 1984 editus
753 1961 799 1984 ex
819 1948 1032 1998 composito
1053 1948 1152 1996 ignis
1173 1947 1222 1984 ab

109 2011 329 2050 Hannibale
357 2019 427 2055 est,
457 2012 698 2062 refulsitque:
732 2012 830 2049 idem
859 2012 1046 2048 redditum
1076 2011 1124 2049 ab
1149 2011 1224 2048 Ni-

111 2089 207 2114 cone
243 2077 392 2125 signum
408 2092 416 2112 ε
449 2077 644 2113 exstinctae
674 2077 808 2113 deinde
846 2077 1034 2126 utrimque
1061 2075 1222 2119 flammae

110 2147 210 2178 sunt.
267 2139 464 2177 Hannibal
483 2140 635 2177 silentio
655 2141 817 2178 ducebat
836 2141 882 2177 ad
901 2146 1064 2192 portam.
1119 2140 1222 2177 Nico
1231 2151 1412 2184 Tarentum

112 2217 160 2241 ex
178 2205 372 2256 inproviso
391 2205 543 2242 adortus
565 2206 712 2256 sopitos
731 2205 863 2254 vigiles
883 2205 922 2240 in
939 2203 1125 2240 cubilibus
1146 2204 1220 2240 suis
1234 2195 1408 2271 ῧξζὲἳιῑέξῖ

112 2268 329 2313 obtruncat,
349 2275 574 2320 portamque
600 2270 733 2320 aperit.
788 2268 986 2306 Hannibal
1015 2280 1099 2305 cum
1118 2268 1223 2319 pedi-

111 2339 191 2369 tum
211 2333 361 2382 agmine
381 2333 603 2383 ingreditur,
620 2333 764 2383 equites
782 2332 985 2370 subsistere
997 2330 1134 2383 jubet:
1166 2338 1224 2377 ut,
