1527 2661
372 183 527 212 Lmen
551 181 672 210 xxv.
705 179 814 210 cAe.
837 179 981 210 xxm.
1140 178 1222 223 479

108 273 252 321 quando
269 271 366 310 nobis
384 273 559 309 libertatis
578 276 714 320 tempus
721 268 854 319 fuisse,
875 270 969 317 quod
990 271 1090 318 pacis
1107 270 1218 307 vobis·
1233 276 1274 305 U.
1298 275 1335 306 C.
1354 283 1427 308 540.

110 349 190 373 cum
208 336 416 386 nonfuerit.
457 337 564 372 Nunc
581 341 676 372 certe
693 336 788 371 caede
806 347 942 376 eorum,
963 336 1024 382 qui
1042 335 1220 382 obpressus
1231 323 1271 352 A.
1295 321 1331 352 C·
1346 328 1420 357 ²¹²·

110 402 275 438 tenebant
299 402 508 450 Syracusas,
536 413 644 450 quum
667 402 827 449 primum
846 401 957 436 nostri
985 400 1126 436 arbitrii
1154 412 1224 437 esse

110 468 289 513 caepimus,
309 467 486 514 extemplo
504 467 663 501 venimus
677 466 727 500 acl
746 464 922 500 tradenda
938 476 1041 499 arma
1053 480 1066 507 ;
1094 465 1225 501 deden-

111 531 174 566 dos
191 541 266 572 nos,
287 530 422 573 urbem,
439 532 567 566 moenia
581 546 593 566 .·
620 530 760 566 nullam
774 529 1003 564 recusandam
1013 527 1225 576 fortunam,

110 606 189 642 quoe
202 596 356 642 inposita
372 607 394 630 a
409 595 504 630 vobis
511 594 646 643 suerit.
695 595 860 629 Gloriam
875 598 989 641 captae
1003 593 1228 629 nobilissimae

102 658 423 708 pulcherrimaeque
459 660 553 696 urbis
595 660 798 695 Graecarum
831 658 908 694 Dei
936 658 1000 693 tibi
1036 659 1224 702 dederunt,

108 723 308 761 Marcelle:
336 725 509 773 quidquid
531 736 701 772 umquam
720 728 818 759 terra
845 724 1005 771 marique
1022 735 1224 759 memoran-

109 788 194 823 dum
210 790 392 835 gessimus,
413 790 451 824 id
475 791 527 824 tui
547 788 721 836 triumphi
746 789 851 824 titulo
869 788 1018 824 accedit.
1064 789 1225 824 Famoene

109 852 204 887 credi
230 853 329 894 velis,
351 857 488 900 quanta
515 852 597 888 urbs
615 865 638 887 a
668 857 702 888 te
726 857 834 900 capta
861 853 921 894 sit,
943 863 1050 899 quam
1075 854 1226 900 posteris

110 928 248 964 quoque
264 929 344 952 eam
357 918 561 965 spectaculo
580 929 663 959 esse,
684 917 771 964 (quo
790 918 934 964 quisque
953 921 1063 958 terra,
1080 918 1226 964 quisque

107 981 203 1016 mari
220 983 368 1024 venerit,
390 994 481 1017 nunc
500 986 621 1017 nostra
639 982 682 1017 de
698 970 967 1017 Atheniensibus
983 980 1223 1028 Karthagini-

109 1043 312 1092 ensibusque
332 1050 480 1093 tropaea,
500 1057 594 1081 nunc
618 1050 684 1080 tua.
701 1046 744 1080 de
768 1045 866 1080 nobis
884 1044 1061 1088 ostendat)
1087 1046 1225 1081 incolu-

110 1119 250 1157 mesque
269 1109 466 1158 Syracusas
479 1109 643 1157 familiae
660 1114 783 1145 vestrae
799 1109 862 1146 sub
881 1110 1049 1145 clientela
1075 1111 1226 1146 nominis

111 1172 369 1208 [Marcellorum
387 1175 569 1221 tutelaque
584 1173 762 1209 habendas
777 1174 898 1209 tradas
911 1174 931 1208 ἴ)
960 1173 1016 1209 Ne
1031 1173 1115 1221 plus
1126 1174 1226 1222 apud

109 1247 169 1271 vos
187 1236 412 1284 Hieronymi,
434 1249 540 1284 qnam
560 1238 740 1280 Hieronis,
767 1237 940 1272 memoria
966 1238 1135 1272 momenti
1153 1235 1225 1284 sa-

109 1302 205 1338 ciat:
233 1303 369 1337 diutius
386 1303 447 1337 ille
476 1303 588 1338 multo
617 1304 750 1338 amicus
767 1302 865 1351 fuit,
886 1314 993 1350 quam
1022 1302 1079 1338 hic
1095 1302 1202 1338 hostis
1214 1317 1227 1338 .-

109 1370 146 1400 et
165 1366 261 1402 illius
277 1368 387 1402 etiam
407 1366 592 1415 benefitcta
609 1368 851 1415 persensistis,·
881 1365 984 1412 hujus
999 1367 1158 1401 amentia
1177 1366 1227 1402 ad

108 1431 300 1477 perniciem
330 1436 469 1467 tantum
500 1432 761 1480 ipsiusvaluit.
818 1430 959 1465 Omnia
991 1437 1028 1465 et
1056 1430 1225 1479 inpetra-

109 1492 201 1529 bilia
220 1500 257 1528 et
278 1500 360 1529 tuta
380 1502 488 1531 erant
515 1495 614 1544 apud
635 1493 831 1530 Romanos
851 1509 857 1529 :
891 1494 990 1529 inter
1008 1493 1109 1542 ipsos
1140 1493 1223 1544 plus

111 1555 199 1592 belli
220 1570 263 1593 ac
293 1558 450 1607 periculi
470 1566 561 1595 erat.
618 1559 796 1607 Namque
815 1556 1036 1606 transfugae,
1056 1557 1154 1593 tradi
1183 1570 1221 1593 se
1234 1565 1428 1611 Transfuga-

112 1619 298 1657 Romanis
319 1623 405 1664 rati,
426 1623 744 1659 mercenariorum
764 1635 913 1671 quoque
933 1621 1092 1657 militum
1115 1623 1220 1658 auxi·
1235 1619 1382 1687 ssgcgga

110 1683 160 1719 lia
183 1685 222 1719 in
251 1686 422 1722 eumdem
453 1686 667 1736 compulere
695 1692 861 1722 metum:
894 1685 1132 1735 adreptisque
1162 1699 1220 1723 ar·
1233 1696 1352 1729 riorum
1369 1677 1421 1732 ni-

110 1748 182 1784 mis
210 1756 390 1798 praetores
420 1751 582 1800 primum
612 1750 856 1793 obtruncant,
886 1750 973 1786 inde
1001 1750 1049 1786 ad
1082 1751 1220 1787 caedem
1233 1740 1357 1816 ξὲἒὲέῑξ
1370 1745 1429 1785 Sy-

113 1811 436 1860 Syracusanorum
473 1813 708 1849 discurrunt:
746 1826 915 1862 quosque
950 1813 1028 1849 fors
1065 1813 1219 1858 obtulit,
1355 1808 1363 1817 ⁸

112 1875 198 1910 irati
218 1875 453 1919 interfecere,
475 1883 587 1925 atque
607 1878 748 1919 omnia,
770 1890 851 1926 quae
872 1878 911 1913 in
930 1885 1082 1927 promtu
1098 1885 1218 1922 erant,

110 1939 367 1988 diripuerunt:
401 1947 496 1984 tum,
516 1953 564 1976 ne
589 1941 669 1976 sine
688 1941 844 1977 ducibus
872 1947 1011 1983 essent,
1031 1954 1096 1978 sex
1125 1955 1222 1992 prae-

109 2002 230 2038 sectos
251 2016 436 2048 creavere,
457 2011 500 2041 ut
525 2006 622 2041 terni
640 2005 866 2041 Achradinae
895 2017 938 2041 ac
956 2004 1064 2041 Naso
1083 2018 1221 2055 praees-

111 2072 207 2103 sent.
265 2067 402 2104 Sedato
427 2068 581 2105 tandem
609 2068 786 2111 tumultu,
807 2069 1098 2117 exsequentibus
1128 2070 1222 2106 scis-

109 2130 262 2165 citando
283 2133 536 2175 mercenariis,
557 2134 638 2180 quae
659 2138 744 2168 acta
763 2144 847 2168 cum
866 2130 1051 2168 Romanis
1079 2142 1218 2178 essent,

111 2193 288 2237 dilucere,
318 2196 355 2231 id
376 2196 476 2244 quod
495 2202 588 2239 erat,
619 2197 758 2248 coepit3
792 2196 903 2233 aliani
929 2210 1034 2233 suam
1064 2210 1106 2234 ac
1135 2210 1221 2249 per-

112 2256 286 2305 fugarum
306 2271 476 2295 caussam
497 2272 589 2296 esse.

164 2321 301 2359 XXX.
331 2322 377 2359 In
407 2329 577 2375 tempore
605 2323 721 2373 legati
750 2337 772 2361 a
798 2323 984 2362 Marcello
1015 2324 1220 2370 redierunt,
