1527 2661
353 192 410 234 94
792 189 838 217 T.
863 189 995 218 L1v11

159 279 202 310 U..
214 280 250 311 C.
269 287 342 314 455.
355 293 398 317 ac
417 279 605 316 fossarum
634 279 793 327 vestigia
819 278 966 321 relicta,
987 278 1052 314 sed
1071 277 1192 314 multo
1219 276 1292 313 illis
1311 276 1470 325 insigni-

161 324 200 353 A'
213 323 249 354 C'
268 332 424 382 297ὀηι
442 351 691 380 monumenta
720 344 909 379 vastitatis
937 344 1038 379 circa
1062 343 1338 391 regionumque
1356 342 1472 391 depo-

354 409 582 460 pulatarum.
623 407 762 444 Fabius
795 409 910 444 etiam
945 408 1076 443 urbem
1107 407 1313 442 Cimetram
1347 406 1470 455 cepit:

348 474 407 510 jbi
438 480 549 523 capta
575 479 807 508 armatorum
827 472 902 508 (luo
929 471 1047 507 millia
1066 471 1356 520 quadringenti:
1389 469 1476 506 caesi

352 538 471 574 ferme
500 543 713 587 pugnantes
744 538 790 572 ad
811 536 1108 585 quadringentos
1136 536 1307 584 triginta.
1364 534 1473 576 Inde,

349 602 597 638 comitiorum
642 613 774 636 caussa
818 600 983 635 Romam
1027 599 1234 649 profectus,
1271 598 1476 635 maturavit

356 678 440 701 eam
473 677 553 700 rem
586 677 723 713 agere:
758 677 874 713 quum
910 665 1034 714 primo
1065 669 1210 700 vocatae
1244 663 1294 702 Q.
1312 662 1474 699 Fabium

353 728 550 765 consulem
587 728 755 764 dicerent
793 741 925 764 omnes
964 728 1160 770 centuriae,
1199 728 1273 777 Ap.
1294 726 1473 763 Claudius

353 793 562 830 consularis
599 793 830 835 candidatus,
855 793 911 828 vir
942 804 1027 828 acer
1056 798 1094 828 et
1125 791 1365 834 ambitiosus,
1394 803 1473 827 nou

353 859 412 894 sui
436 859 558 907 magis
585 858 741 894 honoris
769 870 914 900 caussa,
935 870 1047 906 quam
1074 863 1116 893 ut
1144 857 1295 907 patricii
1318 868 1476 905 recupe-

353 928 484 958 rarent
510 922 585 958 duo
613 921 828 957 consularia
858 920 956 964 loca,
978 934 1094 969 quum
1124 921 1216 963 suis,
1246 927 1329 956 tum
1353 920 1472 956 totius

159 985 336 1059 31⁷³?OE
353 986 566 1023 nobilitatis
604 986 760 1029 viribus,
792 986 979 1029 incubuit,
1010 992 1053 1021 ut
1086 997 1126 1021 se
1163 997 1250 1021 cum
1282 984 1331 1024 Q.
1351 983 1473 1022 Fabio

179 1039 261 1060 ODSU
277 1039 309 1059 a·

159 1078 232 1102 tum
246 1082 335 1104 recu·

160 1122 220 1147 sat·
355 1129 438 1165 quae
470 1116 600 1166 priore
637 1128 753 1158 anno,
788 1114 963 1158 dicendo,
1002 1114 1194 1151 abnuere:
1231 1114 1476 1150 circumstare

355 1179 486 1215 sellam
506 1180 628 1215 omnis
658 1179 864 1223 nobilitas3
897 1191 1019 1222 orare,
1041 1184 1084 1214 ut
1112 1190 1159 1214 ex
1185 1190 1296 1214 coeno
1324 1176 1475 1228 plebeio

356 1243 597 1279 consulatum
640 1244 870 1287 extraheret,
918 1242 1232 1293 majestatemque
1273 1243 1474 1293 pristinam

355 1050 550 1088 consulem
570 1051 750 1087 dicerent.
780 1050 919 1087 Fabius
946 1051 1084 1101 primo,
1106 1050 1151 1086 de
1171 1063 1210 1086 se
1230 1050 1360 1086 eadem
1379 1049 1472 1093 fere,

355 1314 437 1344 tum
455 1308 609 1350 honori,
626 1314 707 1343 tum
727 1309 894 1358 patriciis
912 1307 1088 1357 gentibus
1104 1307 1288 1344 redderet.
1317 1306 1473 1351 Fabius,

357 1372 510 1409 silentio
532 1372 651 1415 facto,
681 1373 806 1409 media
835 1374 1008 1409 oratione
1038 1373 1161 1409 studia
1187 1372 1387 1408 homiuum
1416 1384 1475 1408 se-

356 1437 481 1473 davit:
504 1436 701 1486 facturum
728 1439 820 1473 enlm
847 1449 882 1473 se
899 1437 1019 1486 faisse
1037 1437 1146 1480 dixit,
1166 1441 1209 1473 ut
1228 1438 1380 1472 duorum
1404 1448 1475 1485 pa-

356 1504 541 1538 triciorum
562 1504 705 1537 nomina
734 1504 920 1550 reciperet,
940 1504 970 1538 εἰ
999 1504 1124 1545 alium,
1146 1514 1255 1550 quam
1282 1514 1331 1545 se,
1351 1513 1475 1538 consu-

357 1568 427 1602 lem
440 1567 528 1616 fieri
546 1568 681 1602 videret
695 1584 706 1602 .·
735 1580 826 1603 nunc
851 1580 887 1603 se
907 1569 960 1603 sui
985 1569 1162 1604 rationem
1182 1568 1346 1610 comitiis,
1367 1578 1476 1615 quum

356 1637 483 1667 contra
504 1632 594 1679 leges
609 1631 783 1680 ficturum
811 1634 870 1675 sit,
888 1634 1040 1681 pessimo
1060 1633 1219 1680 exemplo
1244 1644 1313 1668 non
1335 1631 1476 1668 habitu·

337 1709 448 1732 -rum,
489 1695 550 1732 Ita
568 1696 615 1732 L.
636 1695 864 1732 Volumnius
891 1697 936 1732 de
965 1697 1075 1747 plebe
1105 1710 1191 1732 cum
1219 1697 1292 1747 Ap.
1314 1695 1475 1732 Claudio

161 1697 190 1770 >m

196 1697 254 1771 [010

270 1704 309 1774 &3

313 1703 332 1772 0¹0³

336 1761 491 1798 'consul
524 1769 580 1797 est
608 1761 746 1804 factus,
782 1761 908 1811 priore
946 1762 1037 1798 item
1072 1760 1274 1797 consulatu
1306 1761 1405 1796 inter
1438 1772 1478 1796 se

356 1827 578 1877 comparati.
620 1826 816 1863 Nobilitas
845 1825 1040 1877 objectare
1066 1826 1202 1869 Fabio,
1222 1825 1366 1875 fugisse
1391 1838 1476 1862 eum

355 1893 428 1941 Ap.
450 1890 651 1927 Claudium
680 1891 879 1940 collegam,
902 1891 1121 1940 eloquentia
1140 1890 1387 1941 civilibusque
1415 1903 1474 1926 ai·-

354 1955 456 1991 tibus
475 1955 577 1990 haud
597 1954 709 1990 dubie
728 1961 984 2004 praestantem.

408 2019 519 2056 XVI.
559 2019 733 2055 Comitiis
767 2018 958 2069 perfectis,
997 2025 1141 2055 veteres
1176 2018 1349 2055 consules
1376 2017 1473 2069 jussi

353 2085 496 2122 bellum
522 2087 560 2122 in
589 2086 743 2122 Samnio
764 2098 906 2135 gerere,
934 2093 1143 2135 prorogato
1171 2086 1206 2120 in
1236 2097 1302 2120 sex
1327 2096 1474 2120 menses

353 2150 526 2200 imperio.
580 2149 715 2198 Itaque
752 2150 966 2198 insequenti
1000 2162 1150 2198 quoque
1184 2161 1299 2192 anno,
1330 2147 1375 2185 L.
1396 2148 1476 2184 Vo-

353 2216 514 2259 lumnio,
553 2216 626 2265 Ap.
659 2215 820 2252 Claudio
865 2214 1098 2257 consulibus,
1143 2214 1185 2253 P.
1216 2214 1373 2257 Decius,
1411 2215 1475 2263 qui

354 2284 489 2320 consul
508 2285 546 2319 in
575 2283 731 2319 Samnio
758 2283 911 2319 relictus
939 2296 962 2320 a
981 2282 1129 2332 collega
1147 2282 1286 2326 fuerat,
1307 2294 1472 2332 procon-

355 2347 412 2383 sul
430 2348 528 2384 idem
556 2347 730 2399 populari
755 2360 833 2384 non
854 2348 1000 2385 destxitit
1025 2360 1152 2398 agrOS,
1174 2347 1294 2384 donec
1324 2346 1471 2383 Samni-
