1527 2661
400 176 556 205 LIBER
582 173 654 204 lx.
688 173 796 202 cAr.
820 173 976 202 XVIII.
1190 170 1242 216 29

129 269 225 307 ferre
260 270 444 306 intanto
483 281 570 317 rege
605 268 712 317 piget
753 265 954 316 superbam
990 265 1241 301 mutationem
1254 275 1296 305 U.
1314 273 1350 303 C.
1363 279 1437 305 4535.

130 334 257 377 vestis,
289 340 327 369 et
356 333 584 369 desideratas
618 332 723 367 humi
745 330 958 380 jacentium
988 329 1240 372 adulationes,
1253 319 1293 349 Α·
1307 317 1343 348 C·
1363 321 1438 351 ³¹7·

129 398 243 434 etiam
262 398 369 433 victis
389 389 666 433 Macedonibus
687 408 833 444 graveS,
854 395 993 430 nedum
1015 394 1219 430 victoribus
1229 410 1240 440 3

129 469 167 499 et
195 463 299 499 foeda
331 462 528 512 supplicia,
550 468 587 497 et
616 462 715 497 inter
747 461 876 496 vinum
906 466 944 495 et
967 458 1094 509 epulas
1125 458 1244 494 caedes

130 528 352 570 amicorum,
377 534 415 563 et
439 528 646 563 vanitatem
673 525 921 561 ementiendae
948 524 1086 574 stirpis.
1127 523 1244 567 Quid,

130 593 161 629 si
188 593 267 628 vini
297 602 403 628 amor
431 592 471 627 in
490 592 568 627 dies
588 591 695 628 ficret
723 590 873 626 acrior?
902 589 1005 639 quid,
1027 589 1057 624 si
1085 594 1174 624 trux
1202 599 1247 623 ac

130 656 353 708 praefervida
377 656 457 692 ira?
489 658 576 704 (nec
596 655 800 705 quidquam
821 653 976 690 dubium
1002 654 1102 689 inter
1128 653 1246 702 scrip-

127 727 229 757 tores
250 719 390 767 refero)
412 719 565 756 nullane
589 719 672 756 haec
698 719 836 755 damna
854 718 1107 768 imperatoriis
1127 717 1248 753 virtu-

127 784 228 820 tibus
248 783 444 820 ducimus?
473 782 517 819 Id
543 796 632 819 vero
658 781 866 833 periculum
893 787 987 825 erat,
1008 781 1109 831 quod
1135 780 1248 817 levis-

128 847 213 884 s'nni
242 860 289 884 ex
307 847 464 890 Graecis,
486 848 550 896 qui
579 846 808 882 Parthorum
835 858 986 895 quoque
1016 852 1150 882 contra
1177 856 1250 880 no-

130 923 218 948 men
247 911 467 947 Romanum
497 910 627 959 gloriae
657 910 801 954 favent,
832 910 1006 946 dictitare
1036 908 1174 951 solent,
1201 919 1251 944 ne

130 974 369 1026 majestatem
396 976 561 1012 nominis
583 974 791 1011 Alexandri
813 976 943 1024 (quem
969 986 1018 1010 ne
1043 973 1146 1009 fama
1164 973 1250 1022 qui-

130 1044 215 1081 dem
243 1043 316 1079 illis
348 1049 482 1079 notum
513 1042 677 1079 arbitror
699 1042 832 1089 fuisse)
856 1042 1041 1078 sustinere
1070 1052 1150 1076 non
1179 1051 1250 1090 po-

132 1110 246 1146 tuerit
265 1107 426 1160 populus
446 1108 660 1151 Romanus,
683 1114 734 1151 et,
751 1107 926 1144 adversus
944 1119 1055 1157 quem
1070 1105 1249 1149 Athenis,

131 1174 172 1210 in
201 1173 355 1209 civitate
373 1173 495 1208 fracta
522 1170 780 1208 Macedonum
810 1173 938 1216 armis,
961 1178 1139 1207 cernente
1167 1178 1251 1206 tum

133 1240 297 1277 maxime
325 1251 444 1289 prope
464 1238 653 1274 fumantes
683 1237 903 1274 Thebarum
932 1239 1074 1281 ruinas,
1097 1232 1251 1273 concio-

132 1305 215 1341 nari
242 1303 359 1339 libere
389 1302 470 1338 ausi
502 1303 579 1338 sint
608 1303 796 1344 homines,
821 1303 876 1350 (id
906 1303 1007 1352 quod
1037 1314 1082 1337 ex
1116 1314 1252 1337 monu-

132 1369 268 1405 mentis
290 1368 507 1404 orationum
531 1366 655 1416 patet)
679 1366 855 1403 adversus
877 1380 963 1403 eum
988 1379 1101 1403 nemo
1129 1379 1175 1403 ex
1193 1371 1255 1402 tot

131 1431 351 1484 proceribus
372 1430 559 1468 Romanis
585 1444 717 1467 vocem
737 1431 895 1468 liberam
922 1433 1102 1468 missurus
1125 1430 1253 1468 fuerit.

131 1495 383 1536 Quantalibet
405 1495 629 1544 magnitudo
656 1492 820 1532 hominis
843 1496 1081 1547 concipiatur
1107 1495 1250 1539 animo,

131 1562 242 1598 unius
273 1567 401 1597 tamen
436 1573 479 1596 ea
509 1554 734 1609 magnitudo
762 1562 928 1597 hominis
960 1562 1045 1604 erit,
1078 1560 1252 1597 conlecta

131 1625 261 1678 paullo
280 1625 363 1675 plus
385 1625 514 1661 decem
535 1636 722 1661 annorum
742 1625 947 1662 felicitate:
981 1639 1093 1674 quam
1113 1626 1177 1674 qui
1204 1638 1250 1661 eo
1263 1627 1435 1677 Fortunae·

133 1689 336 1732 extollunt,
357 1689 459 1738 quod
484 1688 646 1738 populus
669 1688 880 1732 Romanus,
903 1690 973 1725 etsi
1000 1688 1106 1725 nullo
1132 1669 1437 1742 138110,ἓὲξῗέἓέη

131 1753 260 1790 multis
285 1759 414 1788 tamen
443 1752 587 1802 proeliis
617 1752 737 1787 victus
768 1753 830 1794 sit,
862 1751 1081 1788 Alexandro
1110 1752 1249 1788 nullius
1264 1765 1341 1785 cum
1359 1755 1458 1788 fortu-

133 1829 271 1868 pugnae
291 1829 369 1852 non
389 1816 553 1852 secunda
571 1815 727 1852 fortuna
747 1816 884 1861 fue1·it;
917 1829 994 1852 non
1017 1815 1250 1866 intelligunt,
1265 1808 1396 1875 {zelo-p·

134 1894 174 1917 se
202 1881 368 1917 hominis
398 1893 455 1916 res
475 1886 616 1928 gestas,
647 1886 685 1915 et
713 1879 793 1929 ejus
816 1879 984 1929 juvenis,
1006 1893 1091 1916 cum
1122 1881 1255 1931 populi

128 1944 211 1995 jam
244 1944 605 1991 octingentesimum
636 1942 812 1979 bellantis
847 1956 988 1979 annum
1018 1944 1130 1980 rebus
1161 1957 1253 1980 con-

134 2008 244 2045 ferre.
286 2007 487 2051 Miremur,
516 2008 561 2050 si,
582 2019 697 2056 quum
725 2020 771 2043 ex
790 2008 861 2043 hac
887 2014 994 2057 parte
1015 2008 1142 2044 secula
1170 2008 1254 2058 plu-

134 2085 176 2109 ra
205 2078 463 2114 numerentur,
497 2084 610 2120 quam
648 2084 693 2107 ex
732 2071 796 2107 illa
834 2073 938 2113 anni,
977 2072 1059 2121 plus
1099 2073 1137 2108 in
1174 2079 1255 2109 tam

135 2135 251 2185 longo
285 2136 423 2185 spatio,
458 2147 572 2184 quam
608 2135 646 2170 in
687 2142 797 2171 aetate
835 2136 1014 2172 tredecim
1051 2148 1254 2179 annorum,

137 2199 293 2235 fortuna
321 2201 545 2235 variaverit?
575 2200 679 2239 Quin
705 2206 746 2235 tu
776 2201 941 2236 hominis
970 2214 1054 2238 cum
1085 2201 1255 2245 homine,

139 2270 178 2300 et
196 2264 298 2300 ducis
325 2276 409 2299 cum
430 2264 538 2306 duce,
566 2264 760 2300 fortunam
788 2278 872 2301 cum
900 2265 1055 2301 fortuna
1080 2265 1258 2302 confers?

139 2327 245 2367 Quot
274 2327 471 2364 Romanos
503 2329 615 2365 duces
647 2330 854 2372 nominem,
882 2329 1018 2379 quibus
1049 2342 1256 2380 numquam
