1527 2661
90 213 181 243 U.C.
197 220 259 243 440

86 258 125 286 A.
144 257 180 287 C.
197 262 258 286 312

62 1493 216 1525 Proelium

63 1545 141 1566 cum
160 1538 251 1568 Sam-

61 1580 194 1611 nitibus.

280 120 337 159 42
751 118 797 146 T.
823 118 955 147 mvn

264 206 468 243 Publilius
490 208 603 243 etiam
624 206 751 249 Philo,
777 206 1037 256 multiplicatis
1062 205 1217 241 summis
1237 205 1395 241 honori-

263 271 367 315 ‘bus,
389 278 476 322 post
495 284 552 307 res
577 277 636 307 tot
662 271 763 306 domi
787 271 964 319 belloque
992 277 1131 319 gestas,
1153 276 1320 306 ceterum
1339 269 1397 304 in-

281 336 383 372 visus
420 335 628 378 nobilitati,
665 348 836 371 caussam
874 335 984 377 dixit,
1024 333 1296 382 absolutusque
1328 337 1397 368 est.

281 398 365 435 Nec
386 399 540 441 diutius,
567 407 607 433 ut
636 398 689 440 fit,
711 411 823 446 quam
849 398 937 433 dum
963 409 1092 433 recens
1120 403 1214 439 erat,
1235 396 1396 444 quaestio

280 476 347 512 per
368 463 470 499 clara
488 463 645 498 nomina
665 475 815 498 reorum
836 462 957 508 viguit
975 473 982 493 :
1014 461 1102 496 inde
1121 460 1197 496 labi
1215 460 1332 509 coepit
1351 458 1399 495 ad

278 526 415 562 viliora
436 527 574 575 capita,
598 525 718 561 donec
740 524 971 560 coitionibus
992 523 1314 571 factionibusque,
1331 522 1398 558 ad-

264 601 408 625 versus
430 601 522 637 quas
543 594 764 637 comparata
784 594 878 630 erat,
901 587 1083 637 obpressa
1102 592 1169 622 est.

335 652 511 688 XXVII.
541 652 685 688 Earum
713 652 815 687 fama
844 664 983 694 rerum,
1011 651 1132 698 magis
1159 656 1288 685 tamen
1314 660 1399 699 spes

283 717 489 766 Campanae
528 716 766 759 defectionis,
806 717 845 751 in
882 729 995 764 quam
1029 713 1270 764 conjuratum
1303 718 1398 756 erat,

283 780 487 824 Samnites,
520 782 556 816 in
591 780 771 829 Apuliam
800 793 942 823 versos,
977 791 1103 815 rursus
1135 779 1182 814 ad
1213 777 1399 813 Caudium

281 846 499 883 revocavit:
533 851 575 880 ut
600 845 688 880 inde
714 858 760 881 ex
786 845 1017 894 propinquo,
1045 843 1161 891 siqui
1186 847 1312 877 motus
1333 853 1397 877 oc-

281 911 475 947 casionem
496 909 673 958 aperiret,
696 909 867 958 Capuam
886 908 1074 943 Romanis
1096 907 1296 956 eriperent.
1336 904 1398 941 Eo

278 973 454 1012 consules
487 986 573 1009 cum
602 973 727 1008 valido
758 974 928 1008 exercitu
959 977 1170 1008 venerunt:
1208 977 1245 1006 et
1274 969 1398 1019 primo

278 1038 380 1074 circa
410 1037 543 1080 saltus,
572 1050 687 1086 quum
715 1038 905 1085 utrimque
931 1036 978 1072 ad
1005 1037 1156 1071 hostem
1182 1035 1313 1082 iniqua
1337 1033 1400 1069 via

278 1109 390 1145 esset,
425 1102 594 1138 cunctati
625 1108 735 1137 sunt:
783 1102 918 1137 deinde
949 1101 1138 1136 Samnites
1169 1111 1235 1148 per
1264 1103 1398 1147 aperta

277 1166 363 1202 loca
391 1166 496 1202 brevi
526 1166 688 1201 circuitu
716 1166 756 1200 in
785 1165 871 1200 loca
898 1164 1026 1214 plana,
1049 1164 1266 1213 Campanos
1294 1174 1396 1197 cam-

276 1243 362 1280 pos,
401 1242 537 1278 agmen
576 1229 796 1272 demittunt,
835 1229 963 1277 ibique
1001 1229 1164 1278 primum
1201 1232 1326 1263 castra
1356 1226 1398 1262 in

278 1300 486 1342 conspectu
522 1292 697 1328 hostibus
736 1293 849 1328 data:
891 1292 1026 1328 deinde
1058 1291 1202 1326 levibus
1238 1289 1396 1339 proeliis,

278 1358 448 1406 equitum
468 1358 618 1407 saepiuS‚
641 1369 753 1405 quam
774 1356 956 1406 peditum,
977 1356 1166 1404 utrimque
1186 1353 1397 1403 periculum

277 1420 448 1465 factum3
499 1434 569 1456 nec
607 1427 672 1455 aut
707 1426 862 1455 eventus
901 1432 1032 1455 eorum
1065 1418 1298 1460 Romanum,
1333 1422 1399 1452 aut

278 1498 407 1528 morae,
440 1498 514 1534 qua
541 1485 748 1520 trahebant
778 1484 933 1527 bellum,
961 1483 1187 1534 poenitebat.
1247 1481 1397 1518 Samni-

277 1550 373 1585 tium
394 1557 528 1585 contra
551 1549 723 1592 ducibus,
752 1556 789 1585 et
815 1549 917 1598 carpi
945 1549 1068 1597 parvis
1093 1547 1264 1596 quotidie
1291 1546 1397 1582 dam-

277 1615 351 1657 nis,
381 1620 418 1650 et
445 1626 640 1649 senescere
667 1613 849 1649 dilatione
876 1613 965 1648 belli
989 1613 1084 1648 vires
1113 1624 1189 1647 suae
1216 1610 1396 1646 videban-

277 1684 360 1714 tur:
395 1679 522 1726 itaque
544 1679 581 1712 in
603 1678 722 1713 aciem
743 1677 966 1726 procedunt,
984 1675 1173 1724 equitibus
1194 1676 1232 1710 in
1254 1686 1397 1710 cornua

277 1743 431 1779 divisis:
465 1742 600 1791 quibus
629 1748 858 1791 praeceptum
887 1747 980 1783 erat,
1011 1740 1235 1775 intentiores
1263 1739 1310 1774 ad
1337 1751 1395 1774 re-

276 1813 448 1855 spectum
478 1812 703 1847 castrorum,
734 1817 782 1839 ne
809 1817 883 1853 qua
910 1816 954 1839 eo
982 1805 1035 1838 vis
1064 1802 1183 1845 fieret,
1208 1815 1319 1851 quam
1348 1803 1395 1839 ad

276 1869 468 1919 proelium,
501 1875 667 1904 starent:
701 1869 818 1904 aciem
850 1868 968 1917 pediti
996 1874 1120 1903 tutam
1149 1867 1241 1904 fore.
1292 1867 1395 1902 Con-

276 1932 399 1969 sulum
421 1932 608 1982 Sulpicius
630 1934 667 1968 in
689 1933 837 1976 dextro,
870 1932 1052 1968 Poeteiius
1082 1932 1121 1966 {n
1151 1930 1247 1966 laevo
1276 1943 1397 1967 cornu

276 1998 502 2033 consistunt.
560 1997 707 2033 Dextra
730 2010 827 2046 par&
851 2010 923 2045 qua
945 2002 982 2031 et
1006 1996 1195 2031 Samnites
1215 1995 1308 2030 raris
1330 2007 1394 2030 01·-

276 2060 442 2102 dinibus,
474 2066 539 2095 aut
572 2060 618 2096 ad
652 2061 938 2096 circumeundos
969 2061 1113 2101 hostes,
1146 2066 1212 2094 aut
1242 2071 1290 2094 ne
1320 2059 1394 2108 ipsi

276 2123 578 2166 circumirentur,
610 2124 874 2166 constiterant,
906 2124 1018 2159 latius
1053 2122 1245 2172 patefacta
1274 2122 1395 2158 stetit.

276 2186 462 2228 Sinistris‚
496 2192 747 2235 praeterquain
777 2188 877 2235 quod
908 2186 1158 2223 confertiores
1190 2190 1391 2229 steterant,

273 2250 476 2300 repentino
509 2249 669 2287 consilio
701 2249 852 2286 lc’oetelii
892 2249 1058 2287 consulis
1094 2248 1230 2286 additae
1266 2248 1388 2286 vires:
