1527 2661
284 182 371 228 504
748 185 791 212 T.
817 183 949 214 L1v11

91 274 134 305 U·
147 274 182 304 C·
203 276 400 312 ⁵41·cunia
419 274 659 324 anquisisset,
673 275 787 311 tertio
807 275 941 324 capitis
961 287 1000 310 se
1020 275 1217 324 anquirere
1238 274 1397 323 diceret,-¹

89 319 129 347 A.
146 318 181 347 C*
200 325 273 348 ‘Ml'
287 340 429 377 tribuni
450 339 570 390 plebis
591 339 784 390 adpellati,
805 341 961 387 collegae,
982 346 1184 389 negarunt,
1200 344 1288 377 sein
1301 355 1402 378 mora

286 418 369 448 esse,
404 418 473 453 quo
505 406 634 446 minus,
669 405 763 453 quod
791 406 822 440 ei
856 416 951 440 more
981 398 1160 450 majorum
1192 408 1401 454 permissum

285 476 384 512 esset,
400 482 460 506 seu
482 469 628 517 legibus,
644 481 704 505 seu
723 469 878 505 moribus
896 470 1035 512 mallet,
1049 472 1268 518 anquireret,
1285 472 1403 519 quoad

284 535 341 570 rel
360 535 502 582 capitis,
523 534 579 569 vel
594 535 752 581 pecunia>
761 531 959 578 judicasset
975 535 1133 581 privator
1175 533 1275 570 Tum
1295 534 1401 571 Sem-

284 597 455 647 pronius,
481 597 740 645 perduellionis
771 609 807 632 se
826 596 997 643 judicare
1028 597 1092 633 Cn.
1118 597 1257 641 Fulvio,
1290 598 1401 641 dixit,

283 662 459 710 diemque
485 660 649 697 comitiis
670 660 717 696 ab
739 660 782 696 C.
801 659 1010 710 Calpurnio
1032 667 1194 711 praetore
1214 660 1315 698 urbis
1335 674 1402 712 pe-

283 726 342 762 tit.
400 724 495 761 Inde
515 723 589 760 alia
612 736 695 773 spes
715 723 763 760 ab
783 736 849 760 reo
868 729 1018 761 tentata
1036 730 1115 761 est:
1149 725 1180 760 si
1207 725 1335 762 adesse
1361 726 1402 762 in

276 788 425 840 judicio
445 789 493 828 Q.
510 788 665 825 Fulvius
685 788 803 825 frater
822 795 964 839 posset,
985 789 1123 826 florens
1142 795 1225 826 tum
1243 795 1282 826 et
1298 789 1402 826 fama

282 866 408 890 rerum
428 859 634 902 gestarum,
656 858 694 888 et
713 853 927 902 propinqua
945 865 1011 904 spe
1032 853 1172 904 Capuae
1193 853 1400 903 potiundae.

90 924 166 954 ltin
187 925 269 955 exsi-
284 918 329 955 Id
349 930 464 967 quum
493 930 560 968 per
589 917 715 953 literas
743 917 1008 954 miserabiliter
1032 931 1102 969 pro
1124 917 1250 955 fratris
1277 919 1401 969 capite

87 969 181 999 lium.
283 985 442 1035 scriptas
469 984 626 1034 petisset
650 982 819 1026 Fulvius,
846 990 1124 1033 negassentque
1149 984 1281 1021 Patres
1302 997 1322 1021 e
1341 997 1400 1020 re-

281 1048 435 1100 publica
464 1060 559 1090 esse,
580 1046 731 1083 abscedi
760 1060 782 1083 a
812 1047 944 1096 Capua
960 1063 970 1093 3
1002 1057 1204 1098 postquam
1231 1049 1307 1085 dies
1333 1062 1399 1085 co-

282 1113 476 1150 mitiorum
498 1112 641 1155 aderat,
663 1111 733 1148 Cn.
749 1110 902 1148 Fulvius
931 1112 1143 1149 exsulatum
1168 1110 1398 1162 Tarquinios

282 1178 398 1215 abiit:
432 1177 469 1213 id
489 1178 522 1213 ei
536 1176 685 1227 justum
705 1176 879 1213 exsilium
899 1189 994 1220 esse,
1014 1177 1125 1213 scivit
1142 1176 1262 1227 plebs·

86 1246 208 1295 Cap-uae
334 1242 403 1279 IV.
442 1242 547 1278 Inter
576 1242 656 1277 haec
686 1242 740 1277 vis
771 1241 894 1277 omnis
925 1240 1014 1278 belli
1034 1254 1140 1278 versa
1164 1242 1204 1278 in
1229 1242 1399 1292 Capuam

82 1296 198 1364 Zffigpr
212 1289 268 1319 ob-
281 1314 361 1344 erat
381 1323 388 1344 ε
424 1306 669 1343 obsidebatur
698 1314 824 1342 tamen
854 1306 990 1350 acrius,
1012 1319 1124 1355 quam
1150 1303 1398 1357 obpugnaba-

142 1368 144 1370 ’
281 1378 343 1408 tur
362 1387 369 1408 ε
409 1383 478 1407 nec
499 1378 564 1406 aut
584 1370 722 1407 famem
743 1369 905 1406 tolerare
928 1372 1081 1408 servitia
1099 1384 1143 1407 ac
1161 1371 1267 1422 plebs
1287 1378 1397 1422 pote-

279 1442 379 1478 rant,
401 1443 467 1472 aut
487 1436 636 1471 mittere
656 1436 815 1471 nuncios
837 1435 884 1472 ad
904 1435 1164 1472 Hannibalem
1182 1448 1249 1486 per
1267 1441 1396 1473 custo-

278 1501 356 1538 dias
377 1507 455 1536 tani
475 1506 587 1536 artas,
645 1499 827 1536 Inventus
849 1506 906 1536 est
927 1500 1109 1543 Numida,
1131 1501 1210 1549 qui,
1230 1501 1394 1551 acceptis

278 1564 412 1607 literis,
433 1576 630 1600 evasurum
651 1575 689 1598 se
709 1563 915 1614 professus,
932 1570 973 1600 ut
992 1565 1220 1614 promissum
1239 1571 1395 1615 praesta-

278 1636 349 1671 ret,
370 1641 436 1679 per
456 1629 579 1666 media
597 1628 775 1664 Romana
795 1635 919 1665 castra
943 1635 1057 1665 nocte
1084 1641 1269 1677 egressuS,
1291 1641 1395 1679 spem

278 1692 452 1729 accendit
476 1692 695 1742 CalupaniS,
717 1692 803 1728 dum
836 1691 976 1742 aliquid
1003 1692 1139 1728 virium
1168 1700 1394 1743 superesset,

278 1756 326 1793 ab
361 1757 465 1793 omui
496 1763 603 1807 parte
634 1758 873 1807 eruptionem
906 1756 1090 1794 tentandi.
1149 1758 1326 1793 Ceterum
1354 1758 1395 1793 in

277 1821 406 1857 multis
427 1821 696 1858 certaminibus
717 1823 906 1870 equestria
926 1822 1061 1872 proelia
1078 1822 1196 1859 ferme
1215 1835 1397 1873 prospera

278 1885 469 1922 faciebant
489 1902 495 1922 ε
542 1886 686 1936 pedites
721 1887 997 1936 superabantur
1015 1901 1022 1922 :
1062 1887 1127 1923 sed
1156 1899 1394 1936 nequaquam

275 1956 354 1986 tam
380 1949 508 1985 laetum
529 1950 691 1993 vincere,
714 1963 826 1999 quam
846 1951 954 1986 triste
972 1951 1072 1986 vinci
1094 1950 1169 1987 ulla
1187 1958 1294 2001 parte
1314 1958 1395 1987 erat

278 2013 323 2050 ab
345 2014 500 2050 obsesso
522 2021 559 2050 et
579 2028 696 2064 prope
717 2021 937 2065 expugnato
956 2016 1080 2052 hoste.
1119 2014 1222 2051 Inita
1240 2015 1394 2052 tandem

274 2079 374 2114 ratio
398 2086 468 2121 est,
491 2086 546 2123 ut,
571 2080 671 2128 quod
702 2080 843 2116 viribus
873 2080 1015 2123 deerat,
1047 2086 1127 2116 arte
1157 2086 1391 2129 aequaretur:

275 2156 321 2180 ex
341 2144 517 2180 omnibus
538 2144 753 2193 legionibus
785 2145 895 2182 electi
925 2151 1012 2181 sunt
1033 2144 1209 2195 juvenes,
1230 2145 1394 2180 maxime

273 2208 405 2256 vigore
425 2220 469 2243 ac
488 2207 641 2244 levitate
662 2222 864 2258 corporum
884 2209 1051 2245 veloces:
1077 2208 1128 2244 eis
1149 2220 1287 2258 parmae
1307 2207 1391 2244 bre-

276 2271 412 2314 viores,
435 2284 546 2320 quam
567 2279 773 2321 equestres,
796 2279 833 2309 et
860 2279 1017 2323 septena
1037 2271 1169 2322 jacula
1187 2279 1390 2321 quaternos

275 2333 390 2382 longa
410 2336 521 2385 pedes
543 2336 644 2377 data,
668 2336 821 2387 praefixa
844 2337 959 2381 ferro,
984 2336 1095 2387 quale
1120 2336 1237 2372 hastis
1259 2335 1390 2372 velita-

1505 1554 1507 1558 λ
1500 1366 1509 1547 imae-<um-
