1527 2661
376 203 533 233 mmm
555 201 674 232 xxv.
707 201 814 231 eAr.
836 202 981 231 xxxr.
1156 190 1237 243 481

127 292 232 330 mina
261 299 493 330 armatorum
525 297 807 335 concurrerent,
834 289 974 328 relictis
1008 290 1237 328 stationibus
1252 302 1344 335 uc,
1361 312 1438 338 540,

129 357 204 393 suis
225 357 272 393 ad
290 357 366 393 vim
384 362 422 393 et
446 357 618 408 inpetum
636 355 902 392 Romanorum
927 354 1143 392 arcendum.
1191 354 1236 392 In
1250 347 1287 378 A·
1302 347 1339 379 C·
1355 355 1429 380 ⁹¹²·

125 419 202 456 hoc
217 420 382 457 tumultu
401 420 579 458 actuariae
598 432 727 463 naves,
748 420 942 457 instructae
954 419 1038 470 jam
1057 426 1146 457 ante
1166 420 1238 456 cir-

125 492 418 535 cumvectaeque,
438 486 486 522 ad
504 485 653 522 Nasum
672 491 837 522 armatos
857 490 1069 535 exponunt,
1086 484 1165 534 qui,
1182 485 1241 521 in-

125 550 278 600 proviso
291 550 415 587 adorti
430 549 654 601 semiplenas
671 550 854 587 stationes
870 555 909 586 et
925 549 1122 601 adapertas
1139 549 1240 587 fores

124 621 260 664 portae,
290 627 365 664 qua
401 613 528 665 paullo
558 620 647 651 ante
679 619 924 651 excurrerant
960 614 1109 658 armati,
1139 613 1241 651 haud

125 690 265 727 magno
294 679 500 715 certamine
518 677 667 715 Nasum
695 689 841 728 cepere,
862 677 1048 714 desertam
1077 678 1240 729 trepida-

123 742 228 779 tione
248 749 286 779 et
303 743 396 792 fuga
419 743 642 780 custodum:
674 755 797 792 neque
815 741 900 779 ullis
923 742 1047 779 minus
1076 742 1239 793 praesidii

122 813 188 842 aut
206 808 423 857 pertinaciae
443 808 488 844 ad
508 807 753 851 manendum,
769 819 883 857 quam
900 807 1123 857 transfugis,
1140 807 1213 845 fuit
1228 822 1235 843 ε

120 871 221 920 quia,
242 883 289 908 ne
318 873 394 908 suis
413 871 565 921 quidem
594 872 684 907 satis
705 871 898 908 credentes
929 883 982 915 se,
1003 872 1129 908 medio
1158 885 1238 910 cer-

120 935 263 971 tamine
292 935 517 984 effugerunt.
571 934 778 972 Marcellus
804 940 847 970 ut
875 940 1026 985 captam
1055 947 1136 973 esse
1155 936 1237 974 Na-

120 1011 204 1035 sum
232 999 377 1043 didicit,
407 1006 445 1036 et
473 999 699 1036 Achradinae
728 1000 924 1049 regionem
953 1012 1069 1037 unam
1100 1001 1237 1046 teneri,

119 1062 383 1113 Mericumque
402 1076 487 1101 cum
512 1064 688 1115 praesidio
708 1064 783 1100 suis
813 1062 1048 1114 adjunctum,
1069 1066 1239 1116 receptui

121 1127 282 1164 cecinit:
314 1140 362 1163 ne
390 1128 502 1176 regiae
531 1139 636 1177 opes,
658 1139 818 1177 quarum
835 1126 938 1164 fama
966 1126 1103 1179 major,
1124 1141 1238 1179 quam

120 1203 193 1234 res,
214 1198 308 1234 erat,
329 1191 592 1242 diriperentur.

174 1256 332 1294 XXXI.
363 1256 573 1308 Subpresso
601 1256 734 1307 inpetu
762 1254 940 1300 militum,
961 1262 999 1292 et
1020 1257 1081 1301 iis,
1103 1258 1167 1308 qui
1196 1258 1236 1296 in

118 1321 338 1358 Achradina
365 1326 487 1364 erant,
508 1319 715 1369 transfugis
743 1321 908 1371 spatium
935 1320 1116 1371 locusque
1134 1321 1235 1372 fugae

117 1386 228 1423 datus
248 1391 328 1431 est3
361 1391 399 1421 et
419 1385 658 1435 Syracusani,
678 1384 832 1422 tandem
851 1384 961 1422 liberi
979 1392 1097 1430 metu,
1113 1388 1232 1438 portis
1247 1393 1436 1435 Syracusani

115 1450 344 1488 Achradinae.
371 1450 525 1501 apertis,
545 1456 715 1487 oratores
739 1450 787 1487 ad
804 1449 1030 1487 Marcellum
1059 1452 1231 1496 mittunt,
1244 1442 1436 1517 ξξῐᾷἰὲἱὲὲῗξ

115 1514 213 1551 nihil
240 1519 411 1565 petentes
439 1513 553 1557 aliud,
568 1526 687 1563 quam
713 1513 1015 1555 incolumitatem
1039 1514 1112 1552 sibi
1137 1515 1287 1557 libe-10.

116 1579 240 1627 risque
260 1579 349 1614 suis.
394 1577 614 1622 Marcellus,
631 1578 791 1615 consilio
808 1579 1007 1621 advocato,
1024 1586 1063 1616 et
1083 1580 1231 1618 adhibi-

115 1642 162 1678 tis
183 1643 294 1678 etiam
313 1643 572 1691 Syracusanis,
589 1642 654 1691 qui
670 1655 737 1693 per
756 1643 961 1679 seditiones
982 1643 1079 1693 pulsi
1100 1644 1147 1680 ab
1163 1645 1231 1681 do-

115 1720 178 1743 mo
214 1708 316 1742 intra
353 1706 526 1756 praesidia
554 1705 733 1744 Romana
761 1714 883 1749 erant,
911 1708 1129 1757 respondit:
1161 1722 1231 1746 nou

108 1773 220 1820 plura
237 1783 303 1819 per
320 1783 432 1807 annos
450 1773 710 1820 quinquaginta
725 1771 911 1821 benefacta
925 1773 1105 1817 Hieronis,
1123 1786 1232 1822 quam

106 1838 234 1885 paucis
252 1836 306 1872 his
324 1837 425 1872 annis
451 1837 629 1885 maleficia
655 1847 790 1878 eorum,
811 1837 873 1884 qui
891 1836 1088 1884 Syracusas
1110 1843 1228 1875 tenue-

109 1903 197 1944 rint,
211 1912 297 1948 erga
307 1900 483 1948 populum
499 1900 705 1936 Romanum
719 1912 810 1937 esse:
829 1902 893 1936 sed
907 1902 1078 1950 pleraque
1092 1914 1227 1948 eorum,

110 1977 179 2014 quo
208 1964 404 2006 debuerint,
434 1965 618 2008 recidisse5
636 1963 889 2013 foederumque
919 1970 1109 2013 ruptorum
1136 1969 1229 2015 ipsos

107 2030 153 2066 ab
169 2041 207 2065 se
221 2030 405 2077 graviores
424 2028 550 2072 multo,
571 2042 677 2077 quam
689 2030 844 2078 populus
860 2029 1043 2066 Romanus
1057 2033 1224 2075 voluerit,

103 2106 226 2143 paenas
244 2095 406 2141 exegisse.
449 2093 496 2129 Se
510 2094 649 2141 quidem
666 2095 808 2130 tertium
827 2106 955 2130 annum
973 2096 1226 2132 circumsedere

107 2157 328 2206 Syracusas:
354 2168 425 2193 non
442 2161 482 2192 ut
504 2157 658 2205 populus
677 2157 861 2194 Romanus
883 2169 1020 2194 servam
1044 2161 1221 2196 civitatem

108 2221 263 2265 haberet,
279 2222 342 2258 sed
356 2233 399 2257 ne
414 2220 684 2270 transfugarum
700 2223 804 2258 duces
816 2227 960 2271 captam
974 2227 1007 2258 et
1025 2223 1224 2271 obpressum

108 2291 278 2323 tenerent.
328 2287 426 2328 Quid
450 2288 635 2335 potuerint
653 2287 874 2335 Syracusani
890 2286 1035 2336 facere,
1066 2289 1225 2336 exemplo

106 2350 161 2387 vel
179 2362 235 2387 eos
253 2350 560 2399 Syracusanorum
579 2362 662 2395 esse,
681 2353 741 2400 qui
760 2353 857 2388 intra
872 2352 1042 2399 praesidia
1058 2352 1223 2389 Romana

161 2412 263 2452 Vox..
293 2413 347 2452 11.
654 2414 692 2451 Y
