1527 2661
305 138 390 185 426
765 151 809 180 r.
838 151 966 180 mvn

111 235 153 309 H·
164 235 200 309 g
220 242 294 304 289-
307 237 461 274 Vicilini
481 239 638 290 templo,
659 242 760 290 quod
788 243 827 278 in
851 242 1069 292 Compsano
1097 256 1189 292 agro
1219 250 1290 289 est,
1312 258 1418 283 arma

144 300 151 309 ⁸
194 300 201 310 '
221 287 293 311 ’ω’
307 305 571 353 concrepuisse
587 319 594 340 ε
628 312 665 341 et
680 305 819 341 flumen
836 306 1022 342 Amiterni
1041 314 1238 344 cruentum
1253 307 1418 347 fluxisse.

307 365 380 401 His
401 369 612 416 procuratis
639 382 685 405 ex
705 369 856 406 decreto
883 371 1120 419 pontificum,
1142 372 1304 421 profecti
1329 387 1420 410 con·

308 429 420 472 sules,
450 431 694 481 Sempronius
722 433 762 468 in
781 432 975 479 Lucanos,
1003 435 1042 470 in
1061 436 1240 485 Apuliam
1266 436 1419 474 Fabius.

112 496 229 528 Fabius
308 493 423 529 Pater
448 494 526 530 filio
559 495 706 543 legatus
745 497 791 532 ad
824 497 1040 533 Suessulam
1070 499 1109 534 in
1142 506 1266 536 castra
1293 501 1420 536 venit:

109 546 252 613 {iigrdz-
309 570 424 606 quum
443 558 594 595 obviam
614 559 711 595 filius
738 560 1043 609 progrederetur,
1066 561 1296 611 lictoresque
1321 575 1426 599 vere-

112 628 262 674 scendere
309 621 446 658 cundia
464 622 674 673 majestatis
701 622 781 673 ejus
809 623 916 659 taciti
945 625 1158 670 anteirent,
1190 632 1328 676 praeter
1357 639 1428 662 un-

114 678 280 741 {SEOJus-
310 685 431 721 decim
450 686 570 723 fasces
592 700 690 735 equo
710 693 918 737 praevectus
941 700 1070 732 senex,
1091 696 1134 724 ut
1153 689 1287 738 consul
1307 690 1429 726 anim-

310 752 504 789 advertere
533 754 749 803 proximum
774 753 949 789 lictorem
973 752 1105 804 jussit,
1137 761 1176 791 et
1200 755 1246 798 is,
1284 761 1328 791 ut
1363 756 1430 791 de-

310 817 507 854 scenderet
521 831 567 854 ex
581 831 693 867 equo,
710 817 928 856 inclamavit
942 835 952 864 3
974 825 1057 855 tum
1071 819 1223 856 demum
1239 819 1430 863 desiliens,

312 883 496 931 Experiri,
523 884 660 932 inquit,
688 884 800 927 volui,
815 885 894 934 fiii,
918 886 1026 920 satin’
1046 886 1165 929 scires,
1194 885 1373 921 consulem
1399 888 1434 920 te

311 960 393 983 esse.

117 1021 256 1051 Altinius
366 1011 492 1048 XLV.
523 1010 569 1047 In
590 1024 633 1047 ea
653 1017 777 1047 castra
796 1010 937 1047 Dasius
958 1011 1125 1047 Altinius
1145 1012 1313 1061 Arpinus
1333 1011 1432 1048 clam

118 1066 260 1138 ἒὲἒῖῗξέ
312 1082 426 1111 nocte
456 1089 542 1111 cum
571 1074 691 1110 tribus
726 1075 841 1110 servis
870 1076 989 1118 venit,
1019 1076 1261 1125 promittens,
1292 1076 1323 1111 si
1360 1075 1433 1112 sibi

119 1159 184 1181 ρος,
314 1140 471 1189 praemio
504 1139 618 1182 foret,
654 1151 693 1175 se
721 1139 848 1189 Arpos
885 1140 1125 1189 proditurum
1155 1152 1248 1177 esse.
1304 1140 1434 1179 Quum

313 1217 399 1240 eam
427 1216 506 1239 rem
537 1204 582 1239 ad
615 1203 816 1239 consilium
845 1203 1037 1240 retulisset
1065 1203 1223 1247 Fabius,
1254 1203 1336 1240 aliis
1365 1217 1437 1252 pro

316 1267 508 1316 transfuga
543 1268 777 1303 verberandus
818 1269 1064 1316 necandusque
1099 1267 1232 1310 videri,
1270 1269 1439 1316 ancipitis

315 1333 431 1368 animi
457 1333 653 1367 communis
682 1331 815 1367 hostis:
843 1333 905 1379 qui
932 1337 1013 1380 post
1037 1331 1255 1368 Cannensem
1283 1332 1436 1376 cladem,

317 1401 503 1443 tamquam
521 1408 601 1431 cum
619 1394 780 1444 fortuna
796 1396 914 1445 fidem
937 1401 1034 1432 stare
1053 1400 1244 1444 oporteret,
1265 1397 1314 1431 ad
1330 1395 1439 1432 Han-

316 1460 472 1496 nibalem
493 1461 711 1502 discessisset,
731 1462 961 1508 traxissetque
980 1461 1028 1496 ad
1043 1459 1275 1508 defectionem
1296 1461 1415 1508 Arpos
1426 1476 1439 1504 ,-

319 1536 498 1572 quumque
522 1536 577 1559 res
597 1525 764 1559 Romana
794 1530 919 1560 contra
947 1536 1045 1572 spem
1072 1528 1223 1571 votaque
1241 1521 1316 1569 ejus
1342 1524 1441 1560 velut

318 1593 529 1634 resurgeret,
553 1589 694 1636 turpius
711 1589 877 1624 videatur
897 1600 1022 1623 novam
1043 1586 1178 1635 referre
1198 1588 1442 1635 proditionem

317 1652 474 1698 proditis
493 1652 579 1686 olim
593 1667 605 1687 :
635 1653 693 1698 qui
713 1652 862 1687 aliunde
876 1655 945 1686 stet
963 1662 1115 1698 semper,
1133 1651 1278 1686 aliunde
1295 1652 1440 1694 sentiat,

321 1715 450 1763 infidus
473 1717 600 1757 socius,
631 1727 744 1751 vanus
777 1715 910 1758 hostis,·
940 1715 988 1750 ad
1017 1715 1239 1750 Faleriorum
1269 1714 1444 1762 Pyrrhive

317 1780 542 1827 proditorem
563 1781 706 1815 tertium
725 1779 923 1827 transfugis
935 1780 1187 1815 documentum
1206 1783 1304 1814 esset.
1337 1779 1441 1814 Con-

321 1851 381 1880 tra
400 1858 444 1880 ea
464 1845 628 1881 consulis
650 1852 757 1895 pater
775 1846 931 1888 Fabius,
954 1851 1153 1893 temporum
1180 1845 1308 1881 oblitos
1328 1845 1440 1880 horni-

321 1921 394 1951 nes,
417 1911 453 1944 in
474 1911 589 1946 medio
614 1912 744 1947 ardore
762 1911 858 1953 beili,
881 1916 1065 1959 tamquam
1085 1912 1122 1946 in
1144 1922 1249 1958 pace,
1272 1910 1381 1945 libera
1400 1910 1444 1944 de

324 1985 463 2020 quoque
480 1974 633 2009 arbitria
652 1986 769 2021 agere,
791 1973 938 2009 aiebat:
974 1974 1058 2016 Qui,
1081 1986 1187 2021 quum
1207 1974 1303 2009 illud
1323 1973 1446 2020 potius

324 2037 503 2084 agendum
532 2042 639 2085 atque
667 2039 716 2073 eis
744 2039 974 2085 cogitandum
1002 2040 1062 2080 sit,
1091 2039 1122 2072 si
1141 2049 1208 2085 quo
1237 2037 1343 2072 modo
1359 2036 1449 2084 fieri

324 2103 450 2150 possit,
470 2114 514 2137 ne
532 2104 594 2149 qui
611 2104 698 2138 socii
715 2115 737 2138 a
755 2103 890 2151 populo
908 2103 1073 2138 Romano
1094 2102 1300 2142 desciscant,
1319 2101 1357 2135 id
1375 2112 1446 2136 non

328 2168 485 2212 cogitent
497 2183 508 2209 ,-
539 2168 786 2202 documentum
806 2172 927 2202 autem
947 2168 1069 2202 (licant
1087 2167 1199 2202 statui
1220 2169 1396 2212 oportere,
1416 2167 1447 2201 si

329 2233 406 2278 quis
420 2232 616 2278 resipiscat,
633 2236 667 2266 et
682 2234 869 2279 antiquam
883 2232 1088 2267 societatem
1104 2231 1282 2278 respiciat.
1342 2228 1448 2269 Quod

327 2296 358 2329 si
386 2294 482 2330 abire
511 2295 554 2330 ab
574 2294 747 2331 Romanis
767 2296 886 2336 lit-eat,
917 2296 1035 2331 redire
1064 2295 1113 2330 ad
1141 2306 1198 2330 eos
1225 2304 1294 2329 non
1316 2292 1444 2335 liceat,-

1495 483 1497 497 l

1513 2645 1527 2661 2
1512 2472 1527 2638 -ὲὴᾼᾼῇᾣᾼ
