1527 2661
142 287 231 318 U.C.
250 294 323 319 534.

142 332 180 361 A.
195 330 231 361 C.
248 338 322 362 218.

335 189 416 220 220
789 191 833 219 T.
856 191 988 220 L1V11

334 289 406 326 que
431 289 474 313 ac
500 277 704 320 montanis,
732 277 777 313 ad
806 277 1008 315 ferociores
1031 278 1114 329 jam
1143 284 1273 328 gentes
1289 276 1431 315 valuitz

334 352 403 376 nec
427 352 502 390 pax
528 339 640 375 modo
667 340 765 388 apud
788 353 869 384 eos,
895 341 960 377 sed
986 343 1146 379 societas
1172 342 1286 378 etiam
1311 354 1435 378 armo-

333 416 430 446 rum,
450 409 582 453 parata
601 409 682 437 est:
718 402 922 452 validaeque
948 405 1093 453 aliquot
1118 404 1343 441 auxiliorum
1372 416 1438 440 co-

333 467 462 502 hortes
483 478 529 501 ex
549 466 592 500 iis
614 466 834 514 conscriptae
855 473 952 502 sunt.
990 467 1192 503 Hannonis
1213 468 1264 503 cis
1285 467 1439 503 Iberum

334 529 529 579 provincia
548 534 645 563 erat:
669 541 755 574 eum
773 528 975 577 reliquerat
990 529 1187 566 Hannibal
1206 530 1253 566 ad
1272 530 1436 578 regionis

332 592 414 642 ejus
444 591 684 642 praesidium:
724 592 851 639 itaque
887 593 1004 640 prius,
1038 605 1150 642 quam
1186 592 1440 628 alienarentur

330 657 476 699 omnia,
496 655 646 691 obviam
665 655 829 691 eundum
858 662 975 699 ratuS,
1006 657 1135 693 castris
1165 657 1206 692 in
1233 661 1441 706 conspectu

332 721 500 757 hostium
519 719 667 769 positis,
694 719 734 754 in
764 719 883 756 aciem
901 720 1050 756 eduxit:
1083 733 1151 756 nec
1169 719 1348 756 Romano
1368 719 1440 756 dif-

333 784 529 821 ferendum
549 789 740 820 certamen
768 784 910 820 visum:
943 785 1081 834 quippe
1109 785 1174 833 qui
1202 785 1327 827 sciret,
1355 795 1441 820 cum

332 848 527 885 Hannone
546 853 584 883 et
603 845 844 883 Hasdrubale
863 847 935 883 sibi
951 847 1204 883 dimicandum
1223 860 1322 891 esse3
1345 847 1440 883 mal-

332 912 459 961 letque
488 911 662 948 adversus
692 910 860 960 singulos
890 912 1105 962 separatim,
1127 924 1239 960 quam
1265 911 1440 947 adversus

333 976 426 1013 duos
449 975 573 1018 simul,
594 988 673 1011 rem
692 987 833 1023 gerere.
888 975 973 1012 Nec
1001 976 1131 1024 magni
1156 975 1370 1012 certaminis
1397 987 1442 1011 ea

334 1041 527 1077 dimicatio
555 1039 650 1075 fuit:
683 1052 749 1076 sex
775 1039 893 1076 millia
912 1041 1081 1076 hostium
1108 1053 1217 1084 caesa,
1237 1041 1312 1077 duo
1332 1045 1443 1089 capta

333 1116 420 1141 cum
448 1103 624 1153 praesidio
652 1108 886 1139 castrorum:
918 1116 1006 1139 nam
1026 1109 1064 1139 et
1083 1111 1206 1140 castra
1224 1109 1442 1153 expugnata

334 1174 436 1211 sunt,
458 1174 570 1216 atque
590 1168 668 1217 ipse
694 1167 767 1203 dux
795 1181 881 1203 cum
907 1168 1053 1217 aliquot
1081 1167 1312 1218 principibus
1339 1167 1441 1217 capi-

335 1239 475 1269 untur:
507 1238 543 1267 et
565 1231 712 1273 Scissis,
733 1232 986 1281 propinquum
1010 1231 1140 1267 castris
1161 1231 1355 1282 oppidim1‚
1377 1243 1441 1268 ex-

335 1302 538 1347 pugnatur.
595 1295 774 1331 Ceterum
802 1294 929 1346 praeda
954 1295 1083 1347 oppidi
1112 1296 1217 1345 parvi
1244 1295 1356 1345 pretii
1383 1307 1442 1330 re-

335 1373 419 1397 rum
437 1360 537 1405 fuit3
569 1358 737 1409 supellex
764 1358 975 1403 barbarica,
1006 1372 1050 1395 ac
1077 1359 1207 1396 vilium
1234 1359 1443 1408 mancipio-

336 1437 442 1461 rum:
475 1429 598 1460 castra
625 1422 784 1458 militem
813 1423 977 1460 ditavere
991 1440 1001 1468 3
1034 1436 1112 1459 non
1139 1423 1217 1473 ejus
1237 1424 1351 1459 modo
1378 1436 1443 1459 ex-

337 1490 489 1531 ercitus,
511 1488 575 1536 qui
594 1488 713 1522 victus
734 1493 827 1529 erat,
849 1488 912 1523 sed
932 1494 969 1523 et
989 1487 1083 1538 ejus,
1104 1488 1167 1536 qui
1187 1501 1272 1525 cum
1292 1488 1442 1524 Hanni-

336 1552 423 1589 bale
454 1553 493 1588 in
522 1551 635 1587 Italia
660 1550 862 1594 militabat,
893 1551 1067 1587 omnibns
1097 1552 1175 1588 fere
1207 1553 1301 1588 caris
1331 1553 1443 1589 rebus

341 1617 407 1664 (ne
427 1617 554 1664 gravia
580 1615 836 1664 inpedimenta
854 1614 1060 1651 ferentibus
1081 1617 1221 1663 essent)
1251 1618 1345 1652 citra
1369 1616 1444 1665 Py-

339 1691 505 1716 renaeum
524 1678 676 1714 relictis.

393 1741 506 1778 LXI.
534 1741 758 1789 Priusquam
778 1747 881 1777 certa
898 1739 1010 1791 hujus
1038 1740 1150 1778 cladis
1180 1741 1281 1778 fama
1299 1743 1443 1780 accide-

341 1812 412 1849 ret,
432 1812 687 1853 transgressus
707 1804 860 1841 Iberum
881 1804 1100 1841 Hasdrubal
1122 1818 1207 1841 cum
1225 1812 1314 1842 octo
1332 1807 1444 1843 milli-

340 1870 411 1906 bus
441 1870 623 1919 peditum,
651 1868 752 1905 mille
778 1869 960 1918 equitum,
989 1875 1182 1918 tamquam
1211 1870 1257 1906 ad
1285 1871 1447 1920 primum

344 1936 545 1972 adventum
564 1934 827 1970 Romanorum
843 1934 1083 1977 obcursurus,
1105 1942 1305 1984 postquam
1323 1937 1446 1986 perdi-

343 2006 402 2037 tas
422 2011 478 2035 res
499 1999 546 2034 ad
566 1998 718 2034 Scissim
745 1999 954 2046 amissaque
983 2007 1106 2035 castra
1133 2001 1292 2048 accepit,
1313 2000 1383 2036 iter
1403 2001 1449 2037 ad

345 2075 447 2099 mare
470 2062 668 2098 convertit.
723 2061 839 2097 Haud
868 2061 999 2110 procul
1026 2061 1242 2098 Tarracone
1271 2062 1446 2099 classicos

345 2126 482 2162 milites
519 2124 743 2173 navalesque
779 2124 916 2166 socios,
954 2137 1068 2173 vagos
1106 2124 1350 2174 palantesque
1383 2139 1450 2176 per

346 2201 470 2239 agros,
502 2188 620 2237 (quod
639 2188 755 2224 ferme
775 2188 830 2231 fit,
852 2194 893 2223 ut
912 2189 1081 2224 secundae
1102 2201 1158 2224 res
1178 2188 1449 2237 negligentiam

346 2252 490 2298 creent)
523 2252 648 2300 equite
680 2252 819 2301 passim
853 2252 1019 2294 dimisso,
1054 2264 1139 2287 cum
1166 2264 1305 2299 magna
1333 2253 1448 2295 caede,

346 2315 490 2366 majore
514 2315 605 2364 fuga
631 2316 678 2352 ad
702 2328 815 2353 naves
839 2315 1053 2367 compellit:
1085 2328 1153 2352 nec
1182 2315 1321 2353 diutius
1350 2317 1449 2352 circa
