1527 2661
107 247 197 284 U.C.
217 254 290 278 540.

103 292 144 327 A.
162 290 198 322 C.
216 298 290 322 212.

107 1153 249 1182 Marcelli

105 1198 255 1227 ¹«amimae.

300 158 384 202 472
765 161 809 189 T.
835 159 967 189 1,1v11

304 250 433 294 cellus,
465 249 640 287 omnibus
676 251 794 301 copiis
832 250 964 288 urbem
1002 252 1208 300 ingressus,
1239 251 1433 289 excitavit-

303 315 566 364 convertitque
594 327 724 350 omnes
751 314 798 351 ad
824 328 929 351 arma
948 315 1145 365 capienda,
1165 328 1366 365 opemque,
1387 316 1420 352 si

302 393 416 430 quam
431 386 601 430 possent,
615 379 699 428 jam
715 387 835 429 captae
850 393 968 431 prope
986 379 1071 416 urbi
1086 379 1292 417 ferendam.
1325 380 1420 431 Epi-

302 444 426 493 cydes,
458 443 505 479 ab
537 442 681 486 Insula,
713 456 827 492 quam
853 444 924 493 ipsi
958 443 1092 480 Nason
1123 450 1276 486 vocant,
1301 445 1419 481 citato

300 507 495 558 profectus
534 507 698 556 agmine,
732 507 833 543 haud
861 507 1009 550 dubius,
1039 508 1130 556 quin
1168 520 1323 556 paucos,
1354 521 1421 558 per

301 572 574 621 negligentiam
596 572 795 608 custodum
822 578 1078 621 transgressos
1107 585 1268 615 murum,
1290 571 1422 622 expul-

302 649 409 672 surus
430 635 544 679 foret,
566 635 855 672 obcurrentibus
876 637 1035 687 pavidis,
1056 636 1261 672 tumultum
1282 649 1420 686 augere

302 712 381 743 eos,
403 700 596 742 dictitans,
619 708 655 735 et
676 699 822 749 majora
841 713 884 736 ac
905 700 1135 736 terribiliora
1154 712 1242 735 vero
1259 699 1418 745 adferre,

301 771 504 813 postquam
521 764 719 813 conspexit
733 765 863 799 omnia
874 765 974 800 circa
990 763 1173 813 Epipolas
1187 765 1299 800 armis
1316 777 1420 800 com·

299 828 416 876 pleta,
438 827 614 864 lacessito
635 835 784 864 tantum
803 829 914 864 hoste
934 829 1062 878 paucis
1083 827 1302 871 missilibm,
1319 835 1422 865 retro

301 893 339 927 in
360 892 617 928 Achradinam
638 905 774 940 agmen
799 893 999 933 convertit,
1022 905 1101 928 non
1128 900 1207 928 tam
1227 893 1302 928 vim
1322 892 1419 929 mul-

299 957 577 1005 titudinemque
604 957 773 993 hostium
794 965 980 1000 metuens,
1003 970 1112 1006 quam
1141 970 1188 994 ne
1209 970 1282 1006 qua
1301 958 1418 994 intes-

299 1022 381 1056 tina
401 1021 502 1056 fraus
524 1034 590 1070 per
612 1022 853 1056 occasionem
874 1022 1050 1063 oriretur,
1072 1020 1293 1069 clausasque
1319 1022 1418 1057 inter

298 1083 505 1120 tumultum
524 1084 751 1120 Achradinae
773 1092 886 1133 atque
907 1084 1045 1121 Insulae
1070 1085 1256 1120 inveniret
1275 1091 1417 1134 portas.

300 1148 520 1192 Marcellus,
535 1155 590 1191 ut,
608 1150 750 1185 moenia
764 1150 970 1197 ingressuS,
988 1163 1031 1185 ex
1049 1149 1304 1199 superioribus
1320 1149 1418 1186 locis

301 1214 446 1256 urbem,
464 1214 634 1249 omnium
650 1214 769 1250 ferme
784 1213 849 1250 illa
864 1222 1091 1264 tempestate
1111 1214 1417 1265 pulcherrimam,

299 1277 510 1328 subjectam
538 1278 657 1316 oculis
686 1278 792 1321 vidit,
822 1278 1078 1315 inlacrimasse
1101 1279 1253 1321 dicitur,
1281 1280 1418 1329 partim

298 1342 438 1391 gaudio
468 1349 585 1379 tantae
615 1350 840 1392 perpetratae
871 1344 938 1385 rei,
960 1344 1099 1393 partim
1127 1350 1276 1379 vetusta
1297 1343 1419 1392 gloria

299 1406 413 1442 urbis.
470 1406 762 1442 Atheniensium
792 1407 928 1443 classes
959 1407 1152 1450 demersae,
1184 1414 1222 1443 et
1251 1407 1325 1442 duo
1357 1409 1417 1443 in-

298 1478 429 1519 gentes
450 1472 637 1507 exercitus
665 1485 747 1507 cum
771 1472 917 1508 duobus
939 1471 1154 1508 clarissimis
1175 1471 1332 1508 ducibus
1353 1472 1418 1508 de-

298 1535 378 1577 leti,
406 1534 676 1577 obem-rebant,
699 1542 735 1571 et
761 1542 820 1571 tot
848 1535 948 1571 bella
974 1548 1059 1571 cum
1077 1535 1426 1584 Karthaginiensi-

298 1599 368 1635 bus
396 1606 506 1635 tanto
535 1612 618 1635 cum
647 1600 863 1636 discrimine
889 1608 1021 1649 gesta,
1054 1607 1114 1636 tot
1139 1607 1218 1636 tam
1245 1600 1417 1650 opulenti

298 1664 450 1712 tyranni
477 1676 682 1712 regesque,
716 1670 852 1713 praeter
879 1672 1023 1700 ceteros
1052 1664 1188 1707 Hiero,
1218 1677 1333 1713 quum
1361 1677 1420 1700 re-

298 1728 525 1763 centissimae
546 1728 738 1764 memoriae
758 1741 839 1771 rex,
861 1736 942 1764 tum
970 1736 1058 1764 ante
1078 1729 1220 1770 omnia,
1241 1742 1324 1778 quae
1343 1729 1418 1764 vir-

298 1798 358 1827 tus
380 1792 413 1827 ei
432 1791 663 1841 fortunaque
684 1806 750 1828 sua
771 1793 939 1835 dederat,
960 1792 1152 1829 beneficiis
1173 1794 1212 1828 in
1235 1792 1419 1842 populum

298 1855 519 1891 Romanum
546 1857 730 1905 insignis:
765 1870 809 1893 ea
829 1870 943 1906 quum
973 1858 1146 1892 universa
1173 1856 1420 1893 obeam-erent

299 1920 442 1962 animo,
464 1920 683 1970 subiretque
700 1923 900 1970 cogitatio,
916 1922 999 1972 jam
1020 1921 1084 1957 illa
1099 1928 1295 1957 momento
1313 1921 1418 1958 horae

300 1996 431 2020 arsura
467 1985 609 2028 onmia,
638 1993 676 2020 et
713 1986 760 2022 ad
798 1986 940 2022 cineres
980 1986 1166 2021 reditura:
1200 1986 1421 2035 priusquam

298 2051 410 2099 signa
435 2051 694 2088 Achradinam
727 2053 959 2097 admoveret,
987 2053 1185 2103 praemittit
1215 2053 1418 2102 Syracusa-

298 2129 383 2160 nos,
406 2118 469 2166 qui
490 2118 589 2154 intra
609 2120 783 2169 praesidia
801 2120 994 2163 Romana,
1016 2126 1057 2155 ut
1077 2126 1165 2156 ante
1184 2119 1326 2155 dictum
1346 2125 1417 2162 est,

298 2181 465 2225 fuerant,
487 2190 529 2218 ut
560 2183 739 2233 adloquio
769 2185 844 2221 leni
876 2185 1100 2236 perlicerent
1129 2184 1257 2220 hostes
1288 2183 1335 2220 ad
1354 2184 1417 2220 de-

298 2245 459 2282 dendam
480 2246 624 2284 urbem.

348 2310 484 2367 XXV.
532 2311 734 2350 Tenebaut
768 2314 998 2351 Achradinae
1041 2320 1170 2365 portas
1214 2325 1421 2362 murosque
