1527 2661
303 195 457 225 LIBER
480 195 638 223 XXIII.
674 195 782 224 eAP.
804 194 1001 223 xxvul.
1116 194 1199 237 339

91 281 178 319 inde
204 284 251 320 ab
271 285 510 334 Karthagine
537 284 705 321 adlatum
731 290 801 327 est,
824 290 866 319 ut
884 281 1103 320 Hasdrubal
1123 283 1199 332 pri·
1213 282 1307 356 g-CC-
1318 288 1398 356 051ὶὲ-

91 359 153 382 mo
174 361 322 398 quoque
351 355 522 399 tempore
552 349 591 384 in
612 348 764 384 Italiam
794 347 1001 383 exercitum
1021 346 1195 382 duceret:
1213 379 1392 409 Hasdrubal

90 424 172 460 quae
191 413 344 462 vulgata
370 427 427 450 res
444 426 514 464 per
539 412 769 463 Hispaniam
789 411 958 447 omniurn
977 410 1095 447 ferme
1118 411 1341 460 ani-jubetur
1356 422 1413 452 du-

86 487 167 510 mos
188 476 234 512 ad
252 476 449 513 Romanos
470 477 619 513 avertit.
664 475 798 524 Itaque
818 473 1037 511 Hasdrubal
1056 480 1199 510 extem·
1212 474 1284 538 ξὲῐῐξ
1296 467 1414 538 ‘3⁸1¹ng

87 537 151 588 plo
171 539 297 576 literas
318 541 601 589 Karthaginem
619 540 753 582 mittit,
775 539 960 581 indicans,
981 545 1124 587 quanto
1143 538 1199 575 fa·
1213 550 1302 581 uam,

86 614 148 638 ma
162 604 409 653 profectionis
426 617 501 641 suae
520 605 659 640 damno
675 603 819 640 fuisset.
867 604 909 639 Si
923 615 1005 639 vero
1021 605 1104 640 inde
1118 616 1201 652 per-

83 672 196 714 geret,
215 670 425 716 priusquam
441 669 583 705 Iberum
604 669 784 709 transiret,
802 667 1048 703 Romanorum
1066 667 1202 716 Hispa-

84 731 183 766 niam
204 731 306 780 fore.
363 733 475 775 Nam,
502 737 745 780 praeterquam
770 732 865 779 quod
892 743 955 767 nec
979 733 1202 779 praesidium,

84 806 148 830 nec
167 796 291 832 ducem
309 797 465 839 haberet,
487 809 589 845 quem
612 797 827 843 relinqueret
841 808 910 843 pro
927 807 986 838 se,-
1015 807 1072 831 eos
1090 798 1203 844 impe-

81 863 219 896 ratores
247 872 317 896 esse
336 861 531 903 Romanos,
559 860 683 908 quibus
709 861 769 895 vix
797 861 905 907 oequis
931 859 1062 895 viribus
1089 862 1203 896 resisti

84 925 204 971 possit.
262 925 392 973 Itaque
416 927 447 961 si
473 925 550 960 ulla
576 925 764 973 Hispaniae
789 936 877 959 cura
901 928 1000 966 esset,
1027 936 1200 960 successo-

84 1001 160 1025 rem
177 989 242 1025 sibi
259 1002 340 1026 cum
364 991 485 1026 valido
504 991 660 1026 eoeercitu
685 990 892 1025 mitterent:
921 990 991 1031 cui,
1023 994 1064 1025 ut
1083 992 1201 1026 omnia

82 1065 252 1101 prospere
286 1055 477 1095 evenirent,
515 1065 587 1089 non
631 1057 752 1089 tamen
788 1054 939 1088 otiosam
976 1054 1201 1100 provinciam

76 1116 175 1165 fore.

141 1180 337 1219 XXVIII.
368 1181 442 1220 Hae
462 1180 581 1218 literae
603 1193 831 1230 quamquam
853 1181 976 1231 primo
997 1180 1199 1219 admodum

84 1253 286 1282 moverunt
315 1252 511 1290 senatum3
545 1252 686 1287 tamen,
708 1246 798 1293 quia
826 1243 948 1281 Italiae
979 1258 1068 1281 cura
1094 1246 1198 1295 prior

86 1308 287 1358 potiorque
308 1316 402 1353 erat,
424 1309 519 1345 nihil
534 1309 579 1344 de
599 1308 854 1351 Hasdrubale,
872 1321 993 1357 neque
1013 1309 1058 1345 de
1077 1310 1196 1359 copiis

86 1369 166 1420 ejus
187 1379 375 1408 mutatum
402 1379 469 1409 est.
528 1371 712 1414 Himilco,
734 1384 819 1407 cum
842 1373 1009 1408 exercitu
1023 1371 1132 1421 justo
1159 1379 1196 1408 et
1212 1386 1355 1419 Himilco

84 1442 195 1471 aucta
215 1436 345 1478 classe,
367 1437 414 1472 ad
441 1436 677 1471 retinendam
697 1442 797 1471 terra
823 1436 992 1484 marique
1015 1449 1058 1472 ac
1085 1444 1194 1472 tuen·
1209 1431 1348 1501 gluttitus
1364 1433 1397 1462 in

82 1499 169 1534 dam
194 1499 436 1550 Hispaniam,
465 1506 523 1536 est
549 1501 682 1535 missus
697 1515 707 1545 3
740 1500 818 1548 qui,
839 1506 882 1535 ut
907 1500 1098 1549 pedestres
1126 1513 1193 1537 na·
1244 1484 1412 1514 spamam

82 1561 256 1612 valesque
284 1564 412 1614 copias
441 1562 606 1613 trajecit,
637 1563 769 1599 castris
799 1564 1056 1606 communitis,
1087 1565 1193 1600 navi-

80 1624 224 1675 busque
250 1627 443 1663 subductis
471 1634 508 1662 et
537 1626 637 1662 vallo
658 1626 911 1668 circumdatis,
943 1639 1028 1662 cum
1054 1629 1194 1677 equiti-

78 1688 147 1724 bus
169 1689 322 1726 delectis
343 1691 436 1739 ipse,
458 1696 642 1738 quantum
668 1691 832 1726 maxime
852 1690 1063 1726 adcelerare
1083 1699 1192 1741 pote-

79 1760 151 1794 rat,
181 1765 247 1802 per
272 1753 405 1789 dubios
435 1753 669 1801 infestosque
697 1753 858 1804 populos
881 1753 995 1803 juxta
1023 1755 1192 1791 intentus

79 1816 125 1852 ad
157 1815 435 1852 Hasdrubalem
465 1818 647 1865 pervenit.
705 1817 833 1856 Quum
857 1817 1007 1854 decreta
1036 1826 1188 1855 senatus

78 1878 330 1928 mandataque
364 1880 614 1929 exposuisset,
650 1886 763 1928 atque
793 1880 1006 1917 edidicisset
1035 1882 1116 1932 ipse
1148 1883 1188 1918 in

79 1943 211 1984 vicem,
241 1943 557 1991 quemadmodum
585 1943 826 1980 tractandum
854 1943 995 1981 bellum
1025 1946 1063 1981 in
1093 1945 1186 1982 His-

76 2006 190 2057 pania
218 2005 331 2048 foret,
362 2012 463 2042 retro
500 2006 540 2041 in
579 2018 646 2042 sua
674 2013 797 2043 castra
825 2008 957 2053 rediit5
991 2008 1094 2045 nulla
1132 2021 1184 2052 re,

76 2081 188 2119 quam
208 2068 414 2111 celeritate,
436 2070 567 2113 tutior,
589 2070 690 2119 quod
709 2071 872 2120 undique
892 2072 1051 2116 abierat,
1072 2081 1184 2110 ante-

72 2145 184 2181 quam
204 2134 475 2168 consentirent.
532 2132 763 2177 Hasdrubal,
781 2137 998 2184 priusquam
1014 2146 1181 2174 moveret
1196 2157 1375 2191 Hasdrubal

72 2205 207 2242 castra,
228 2200 406 2249 pecunias
427 2199 586 2248 imperat
605 2199 754 2249 populis
775 2199 949 2235 omnibus
971 2212 1045 2236 suae
1067 2201 1179 2237 ditio-
1193 2200 1225 2248 in
1244 2201 1369 2234 Itaffiam

71 2262 144 2304 nis,
173 2263 264 2299 satis
293 2275 447 2312 gnarus,
486 2261 745 2299 Hannibalem
781 2264 962 2300 transitus
996 2253 1234 2312 quosdam¹re
1251 2254 1347 2284 paffl'

70 2326 192 2374 pretio
220 2333 451 2363 mercatum:
483 2339 553 2363 nec
582 2326 723 2364 auxilia
747 2326 895 2364 Gallica
923 2327 1045 2371 aliter,
1065 2341 1179 2378 quam

582 2389 663 2430 02
