<?xml version="1.0" encoding="UTF-8"?>
<!DOCTYPE html PUBLIC "-//W3C//DTD XHTML 1.0 Transitional//EN"
    "http://www.w3.org/TR/xhtml1/DTD/xhtml1-transitional.dtd">
<html xmlns="http://www.w3.org/1999/xhtml" xml:lang="en" lang="en">
 <head>
  <title>
</title>
<meta http-equiv="Content-Type" content="text/html;charset=utf-8" />
  <meta name='ocr-system' content='tesseract 3.04.00' />
  <meta name='ocr-capabilities' content='ocr_page ocr_carea ocr_par ocr_line ocrx_word'/>
</head>
<body>
  <div class='ocr_page' id='page_1' title='image "./historiarumquaes02livyuoft/historiarumquaes02livyuoft_0239.png"; bbox 0 0 1527 2661; ppageno 0'>
   <div class='ocr_carea' id='block_1_1' title="bbox 0 0 15 983">
    <p class='ocr_par' dir='ltr' id='par_1_1' title="bbox 0 0 15 983">
     <span class='ocr_line' id='line_1_1' title="bbox 0 0 15 983; baseline 0 0"><span class='ocrx_word' id='word_1_1' title='bbox 0 0 15 983; x_wconf 95' lang='lat' dir='ltr'> </span> 
     </span>
    </p>
   </div>
   <div class='ocr_carea' id='block_1_2' title="bbox 9 919 13 1655">
    <p class='ocr_par' dir='ltr' id='par_1_2' title="bbox 9 919 13 1655">
     <span class='ocr_line' id='line_1_2' title="bbox 9 919 13 1655; baseline 0 0"><span class='ocrx_word' id='word_1_2' title='bbox 9 919 13 1655; x_wconf 95' lang='lat' dir='ltr'> </span> 
     </span>
    </p>
   </div>
   <div class='ocr_carea' id='block_1_3' title="bbox 9 919 13 1655">
    <p class='ocr_par' dir='ltr' id='par_1_3' title="bbox 9 919 13 1655">
     <span class='ocr_line' id='line_1_3' title="bbox 9 919 13 1655; baseline 0 0"><span class='ocrx_word' id='word_1_3' title='bbox 9 919 13 1655; x_wconf 95' lang='lat' dir='ltr'> </span> 
     </span>
    </p>
   </div>
   <div class='ocr_carea' id='block_1_4' title="bbox 9 919 13 1655">
    <p class='ocr_par' dir='ltr' id='par_1_4' title="bbox 9 919 13 1655">
     <span class='ocr_line' id='line_1_4' title="bbox 9 919 13 1655; baseline 0 0"><span class='ocrx_word' id='word_1_4' title='bbox 9 919 13 1655; x_wconf 95' lang='lat' dir='ltr'> </span> 
     </span>
    </p>
   </div>
   <div class='ocr_carea' id='block_1_5' title="bbox 9 919 13 1655">
    <p class='ocr_par' dir='ltr' id='par_1_5' title="bbox 9 919 13 1655">
     <span class='ocr_line' id='line_1_5' title="bbox 9 919 13 1655; baseline 0 0"><span class='ocrx_word' id='word_1_5' title='bbox 9 919 13 1655; x_wconf 95' lang='lat' dir='ltr'> </span> 
     </span>
    </p>
   </div>
   <div class='ocr_carea' id='block_1_6' title="bbox 0 979 2 1762">
    <p class='ocr_par' dir='ltr' id='par_1_6' title="bbox 0 979 2 1762">
     <span class='ocr_line' id='line_1_6' title="bbox 0 979 2 1762; baseline 0 0"><span class='ocrx_word' id='word_1_6' title='bbox 0 979 2 1762; x_wconf 95' lang='lat' dir='ltr'> </span> 
     </span>
    </p>
   </div>
   <div class='ocr_carea' id='block_1_7' title="bbox 355 191 1173 235">
    <p class='ocr_par' dir='ltr' id='par_1_7' title="bbox 355 191 1173 235">
     <span class='ocr_line' id='line_1_7' title="bbox 355 191 1173 235; baseline -0.002 -10"><span class='ocrx_word' id='word_1_7' title='bbox 355 195 510 225; x_wconf 85' lang='lat' dir='ltr'>LIBER</span> <span class='ocrx_word' id='word_1_8' title='bbox 533 194 665 223; x_wconf 84' lang='lat' dir='ltr'><strong>xxll.</strong></span> <span class='ocrx_word' id='word_1_9' title='bbox 697 193 803 222; x_wconf 85' lang='lat' dir='ltr'><strong>CAP.</strong></span> <span class='ocrx_word' id='word_1_10' title='bbox 826 192 884 221; x_wconf 88' lang='lat'>11.</span> <span class='ocrx_word' id='word_1_11' title='bbox 1091 191 1173 235; x_wconf 81' lang='lat'>229</span> 
     </span>
    </p>
   </div>
   <div class='ocr_carea' id='block_1_8' title="bbox 67 280 1371 1223">
    <p class='ocr_par' dir='ltr' id='par_1_8' title="bbox 67 280 1371 1161">
     <span class='ocr_line' id='line_1_8' title="bbox 70 280 1370 334; baseline -0.008 -11"><span class='ocrx_word' id='word_1_12' title='bbox 70 285 215 323; x_wconf 85' lang='lat' dir='ltr'>Junoni</span> <span class='ocrx_word' id='word_1_13' title='bbox 231 284 390 334; x_wconf 86' lang='lat' dir='ltr'>Reginae</span> <span class='ocrx_word' id='word_1_14' title='bbox 407 283 447 320; x_wconf 90' lang='lat' dir='ltr'>in</span> <span class='ocrx_word' id='word_1_15' title='bbox 464 283 669 325; x_wconf 81' lang='lat' dir='ltr'>Aventino,</span> <span class='ocrx_word' id='word_1_16' title='bbox 685 281 710 317; x_wconf 86' lang='lat' dir='ltr'>J</span> <span class='ocrx_word' id='word_1_17' title='bbox 713 281 904 330; x_wconf 90' lang='lat' dir='ltr'>unonique</span> <span class='ocrx_word' id='word_1_18' title='bbox 921 280 1080 331; x_wconf 81' lang='lat' dir='ltr'>Sospitae</span> <span class='ocrx_word' id='word_1_19' title='bbox 1096 280 1174 317; x_wconf 83' lang='lat' dir='ltr'>La·</span> <span class='ocrx_word' id='word_1_20' title='bbox 1186 283 1230 313; x_wconf 92' lang='lat' dir='ltr'>U.</span> <span class='ocrx_word' id='word_1_21' title='bbox 1241 282 1277 313; x_wconf 86' lang='lat' dir='ltr'>C.</span> <span class='ocrx_word' id='word_1_22' title='bbox 1297 287 1370 313; x_wconf 84' lang='lat'>535.</span> 
     </span>
     <span class='ocr_line' id='line_1_9' title="bbox 68 326 1371 400; baseline -0.005 -13"><span class='ocrx_word' id='word_1_23' title='bbox 68 350 173 387; x_wconf 83' lang='lat' dir='ltr'>nuvii</span> <span class='ocrx_word' id='word_1_24' title='bbox 190 348 395 400; x_wconf 86' lang='lat' dir='ltr'>majoribus</span> <span class='ocrx_word' id='word_1_25' title='bbox 417 348 552 383; x_wconf 90' lang='lat' dir='ltr'>hostiis</span> <span class='ocrx_word' id='word_1_26' title='bbox 572 346 843 383; x_wconf 87' lang='lat' dir='ltr'>sacrificaretur</span> <span class='ocrx_word' id='word_1_27' title='bbox 860 361 870 391; x_wconf 77' lang='lat'><em>3</em></span> <span class='ocrx_word' id='word_1_28' title='bbox 901 328 1226 394; x_wconf 69' lang='lat' dir='ltr'>mat1·onaeque,A·</span> <span class='ocrx_word' id='word_1_29' title='bbox 1242 326 1280 356; x_wconf 72' lang='lat' dir='ltr'>C·</span> <span class='ocrx_word' id='word_1_30' title='bbox 1296 331 1371 360; x_wconf 69' lang='lat'>²¹7&#39;</span> 
     </span>
     <span class='ocr_line' id='line_1_10' title="bbox 69 409 1175 464; baseline -0.005 -15"><span class='ocrx_word' id='word_1_31' title='bbox 69 413 230 464; x_wconf 86' lang='lat' dir='ltr'>pecunia</span> <span class='ocrx_word' id='word_1_32' title='bbox 255 411 419 455; x_wconf 85' lang='lat' dir='ltr'>conlata,</span> <span class='ocrx_word' id='word_1_33' title='bbox 441 416 622 460; x_wconf 86' lang='lat' dir='ltr'>quantum</span> <span class='ocrx_word' id='word_1_34' title='bbox 648 409 819 446; x_wconf 83' lang='lat' dir='ltr'>conferre</span> <span class='ocrx_word' id='word_1_35' title='bbox 845 409 979 458; x_wconf 87' lang='lat' dir='ltr'>cuique</span> <span class='ocrx_word' id='word_1_36' title='bbox 1006 420 1175 445; x_wconf 91' lang='lat' dir='ltr'>commo-</span> 
     </span>
     <span class='ocr_line' id='line_1_11' title="bbox 69 473 1177 522; baseline -0.004 -10"><span class='ocrx_word' id='word_1_37' title='bbox 69 476 157 512; x_wconf 90' lang='lat' dir='ltr'>dum</span> <span class='ocrx_word' id='word_1_38' title='bbox 186 482 297 520; x_wconf 87' lang='lat' dir='ltr'>esset,</span> <span class='ocrx_word' id='word_1_39' title='bbox 331 476 472 512; x_wconf 88' lang='lat' dir='ltr'>donum</span> <span class='ocrx_word' id='word_1_40' title='bbox 505 475 650 510; x_wconf 89' lang='lat' dir='ltr'>Junoni</span> <span class='ocrx_word' id='word_1_41' title='bbox 682 474 841 522; x_wconf 85' lang='lat' dir='ltr'>Reginae</span> <span class='ocrx_word' id='word_1_42' title='bbox 871 474 911 510; x_wconf 93' lang='lat' dir='ltr'>in</span> <span class='ocrx_word' id='word_1_43' title='bbox 943 473 1177 508; x_wconf 88' lang='lat' dir='ltr'>Aventinum</span> 
     </span>
     <span class='ocr_line' id='line_1_12' title="bbox 67 536 1177 587; baseline -0.004 -11"><span class='ocrx_word' id='word_1_44' title='bbox 67 539 223 583; x_wconf 86' lang='lat' dir='ltr'>ferrent,</span> <span class='ocrx_word' id='word_1_45' title='bbox 243 539 588 587; x_wconf 85' lang='lat' dir='ltr'>lectisterniumque</span> <span class='ocrx_word' id='word_1_46' title='bbox 607 538 712 574; x_wconf 86' lang='lat' dir='ltr'>fieret</span> <span class='ocrx_word' id='word_1_47' title='bbox 722 554 732 582; x_wconf 78' lang='lat'>3</span> <span class='ocrx_word' id='word_1_48' title='bbox 764 538 854 586; x_wconf 90' lang='lat' dir='ltr'>quin</span> <span class='ocrx_word' id='word_1_49' title='bbox 875 543 911 573; x_wconf 91' lang='lat' dir='ltr'>et</span> <span class='ocrx_word' id='word_1_50' title='bbox 930 536 1115 573; x_wconf 85' lang='lat' dir='ltr'>libertinae</span> <span class='ocrx_word' id='word_1_51' title='bbox 1134 544 1177 572; x_wconf 88' lang='lat' dir='ltr'>ut</span> 
     </span>
     <span class='ocr_line' id='line_1_13' title="bbox 67 602 1176 653; baseline -0.003 -13"><span class='ocrx_word' id='word_1_52' title='bbox 67 603 172 653; x_wconf 66' lang='lat' dir='ltr'>ipsae,</span> <span class='ocrx_word' id='word_1_53' title='bbox 201 604 300 640; x_wconf 91' lang='lat' dir='ltr'>unde</span> <span class='ocrx_word' id='word_1_54' title='bbox 326 603 497 640; x_wconf 87' lang='lat' dir='ltr'>Feroniae</span> <span class='ocrx_word' id='word_1_55' title='bbox 527 603 667 638; x_wconf 89' lang='lat' dir='ltr'>donum</span> <span class='ocrx_word' id='word_1_56' title='bbox 693 602 856 645; x_wconf 85' lang='lat' dir='ltr'>daretur,</span> <span class='ocrx_word' id='word_1_57' title='bbox 883 602 1081 651; x_wconf 89' lang='lat' dir='ltr'>pecuniam</span> <span class='ocrx_word' id='word_1_58' title='bbox 1105 613 1176 652; x_wconf 87' lang='lat' dir='ltr'>pro</span> 
     </span>
     <span class='ocr_line' id='line_1_14' title="bbox 67 665 1175 708; baseline -0.002 -5"><span class='ocrx_word' id='word_1_59' title='bbox 67 667 311 704; x_wconf 83' lang='lat' dir='ltr'>facultatibus</span> <span class='ocrx_word' id='word_1_60' title='bbox 332 669 406 704; x_wconf 89' lang='lat' dir='ltr'>suis</span> <span class='ocrx_word' id='word_1_61' title='bbox 428 666 654 703; x_wconf 85' lang='lat' dir='ltr'>conferrent.</span> <span class='ocrx_word' id='word_1_62' title='bbox 692 665 787 702; x_wconf 86' lang='lat' dir='ltr'>Haec</span> <span class='ocrx_word' id='word_1_63' title='bbox 807 665 871 701; x_wconf 85' lang='lat' dir='ltr'>ubi</span> <span class='ocrx_word' id='word_1_64' title='bbox 892 665 1006 708; x_wconf 88' lang='lat' dir='ltr'>facta,</span> <span class='ocrx_word' id='word_1_65' title='bbox 1028 665 1175 702; x_wconf 87' lang='lat' dir='ltr'>decem·-</span> 
     </span>
     <span class='ocr_line' id='line_1_15' title="bbox 68 728 1172 778; baseline -0.002 -12"><span class='ocrx_word' id='word_1_66' title='bbox 68 730 137 765; x_wconf 88' lang='lat' dir='ltr'>viri</span> <span class='ocrx_word' id='word_1_67' title='bbox 162 731 294 766; x_wconf 88' lang='lat' dir='ltr'>Ardeae</span> <span class='ocrx_word' id='word_1_68' title='bbox 321 731 359 766; x_wconf 89' lang='lat' dir='ltr'>in</span> <span class='ocrx_word' id='word_1_69' title='bbox 386 730 471 765; x_wconf 89' lang='lat' dir='ltr'>foro</span> <span class='ocrx_word' id='word_1_70' title='bbox 494 728 698 778; x_wconf 87' lang='lat' dir='ltr'>majoribus</span> <span class='ocrx_word' id='word_1_71' title='bbox 728 729 862 764; x_wconf 86' lang='lat' dir='ltr'>hostiis</span> <span class='ocrx_word' id='word_1_72' title='bbox 892 729 1172 765; x_wconf 87' lang='lat' dir='ltr'>sacrificarunt:</span> 
     </span>
     <span class='ocr_line' id='line_1_16' title="bbox 67 791 1175 843; baseline -0.001 -15"><span class='ocrx_word' id='word_1_73' title='bbox 67 798 260 843; x_wconf 89' lang='lat' dir='ltr'>postremo</span> <span class='ocrx_word' id='word_1_74' title='bbox 291 793 495 830; x_wconf 89' lang='lat' dir='ltr'>Decembri</span> <span class='ocrx_word' id='word_1_75' title='bbox 524 791 607 842; x_wconf 86' lang='lat' dir='ltr'>jam</span> <span class='ocrx_word' id='word_1_76' title='bbox 639 804 767 827; x_wconf 81' lang='lat' dir='ltr'>mense</span> <span class='ocrx_word' id='word_1_77' title='bbox 800 792 846 827; x_wconf 88' lang='lat' dir='ltr'>ad</span> <span class='ocrx_word' id='word_1_78' title='bbox 876 792 992 827; x_wconf 83' lang='lat' dir='ltr'>aedem</span> <span class='ocrx_word' id='word_1_79' title='bbox 1022 792 1175 828; x_wconf 84' lang='lat' dir='ltr'>Saturni</span> 
     </span>
     <span class='ocr_line' id='line_1_17' title="bbox 67 855 1174 904; baseline -0.003 -11"><span class='ocrx_word' id='word_1_80' title='bbox 67 855 202 893; x_wconf 84' lang='lat' dir='ltr'>Romae</span> <span class='ocrx_word' id='word_1_81' title='bbox 227 857 452 894; x_wconf 88' lang='lat' dir='ltr'>inmolatum</span> <span class='ocrx_word' id='word_1_82' title='bbox 472 862 542 899; x_wconf 86' lang='lat' dir='ltr'>est,</span> <span class='ocrx_word' id='word_1_83' title='bbox 570 855 915 904; x_wconf 82' lang='lat' dir='ltr'>lectisterniumque</span> <span class='ocrx_word' id='word_1_84' title='bbox 934 856 1174 904; x_wconf 90' lang='lat' dir='ltr'>imperatum,</span> 
     </span>
     <span class='ocr_line' id='line_1_18' title="bbox 72 919 1176 967; baseline 0.001 -13"><span class='ocrx_word' id='word_1_85' title='bbox 72 920 128 967; x_wconf 85' lang='lat' dir='ltr'>(et</span> <span class='ocrx_word' id='word_1_86' title='bbox 153 932 237 956; x_wconf 90' lang='lat' dir='ltr'>eum</span> <span class='ocrx_word' id='word_1_87' title='bbox 262 920 401 956; x_wconf 87' lang='lat' dir='ltr'>lectum</span> <span class='ocrx_word' id='word_1_88' title='bbox 430 926 622 955; x_wconf 71' lang='lat' dir='ltr'>senatores</span> <span class='ocrx_word' id='word_1_89' title='bbox 646 919 875 965; x_wconf 85' lang='lat' dir='ltr'>straverunt)</span> <span class='ocrx_word' id='word_1_90' title='bbox 905 924 942 954; x_wconf 89' lang='lat' dir='ltr'>et</span> <span class='ocrx_word' id='word_1_91' title='bbox 962 920 1176 955; x_wconf 85' lang='lat' dir='ltr'>convivium</span> 
     </span>
     <span class='ocr_line' id='line_1_19' title="bbox 69 981 1177 1034; baseline 0 -15"><span class='ocrx_word' id='word_1_92' title='bbox 69 983 281 1033; x_wconf 68' lang='lat' dir='ltr'>publicum,</span> <span class='ocrx_word' id='word_1_93' title='bbox 314 997 357 1021; x_wconf 89' lang='lat' dir='ltr'>ac</span> <span class='ocrx_word' id='word_1_94' title='bbox 376 996 443 1034; x_wconf 91' lang='lat' dir='ltr'>per</span> <span class='ocrx_word' id='word_1_95' title='bbox 462 983 592 1019; x_wconf 87' lang='lat' dir='ltr'>urbem</span> <span class='ocrx_word' id='word_1_96' title='bbox 612 981 826 1017; x_wconf 86' lang='lat' dir='ltr'>Saturnalia</span> <span class='ocrx_word' id='word_1_97' title='bbox 845 981 942 1018; x_wconf 88' lang='lat' dir='ltr'>diem</span> <span class='ocrx_word' id='word_1_98' title='bbox 962 995 1005 1018; x_wconf 90' lang='lat' dir='ltr'>ac</span> <span class='ocrx_word' id='word_1_99' title='bbox 1024 989 1177 1019; x_wconf 87' lang='lat' dir='ltr'>noctem</span> 
     </span>
     <span class='ocr_line' id='line_1_20' title="bbox 69 1045 1177 1098; baseline 0.001 -15"><span class='ocrx_word' id='word_1_100' title='bbox 69 1047 285 1091; x_wconf 89' lang='lat' dir='ltr'>clamatum,</span> <span class='ocrx_word' id='word_1_101' title='bbox 310 1047 546 1098; x_wconf 89' lang='lat' dir='ltr'>populusque</span> <span class='ocrx_word' id='word_1_102' title='bbox 571 1058 656 1082; x_wconf 90' lang='lat' dir='ltr'>eum</span> <span class='ocrx_word' id='word_1_103' title='bbox 682 1046 780 1081; x_wconf 90' lang='lat' dir='ltr'>diem</span> <span class='ocrx_word' id='word_1_104' title='bbox 802 1045 940 1082; x_wconf 87' lang='lat' dir='ltr'>festum</span> <span class='ocrx_word' id='word_1_105' title='bbox 968 1046 1106 1083; x_wconf 86' lang='lat' dir='ltr'>habere</span> <span class='ocrx_word' id='word_1_106' title='bbox 1132 1060 1177 1084; x_wconf 90' lang='lat' dir='ltr'>ac</span> 
     </span>
     <span class='ocr_line' id='line_1_21' title="bbox 71 1107 669 1161; baseline -0.003 -15"><span class='ocrx_word' id='word_1_107' title='bbox 71 1122 216 1146; x_wconf 85' lang='lat' dir='ltr'>servare</span> <span class='ocrx_word' id='word_1_108' title='bbox 235 1112 274 1147; x_wconf 90' lang='lat' dir='ltr'>in</span> <span class='ocrx_word' id='word_1_109' title='bbox 293 1117 515 1161; x_wconf 89' lang='lat' dir='ltr'>perpetuum</span> <span class='ocrx_word' id='word_1_110' title='bbox 527 1107 669 1159; x_wconf 87' lang='lat' dir='ltr'>jussus.</span> 
     </span>
    </p>

    <p class='ocr_par' dir='ltr' id='par_1_9' title="bbox 121 1172 1177 1223">
     <span class='ocr_line' id='line_1_22' title="bbox 121 1172 1177 1223; baseline 0.002 -14"><span class='ocrx_word' id='word_1_111' title='bbox 121 1173 175 1211; x_wconf 89' lang='grc' dir='ltr'>ΙῘ.</span> <span class='ocrx_word' id='word_1_112' title='bbox 204 1174 307 1211; x_wconf 90' lang='lat' dir='ltr'>Dum</span> <span class='ocrx_word' id='word_1_113' title='bbox 327 1174 459 1210; x_wconf 85' lang='lat' dir='ltr'>consul</span> <span class='ocrx_word' id='word_1_114' title='bbox 483 1173 674 1223; x_wconf 81' lang='lat' dir='ltr'>placandis</span> <span class='ocrx_word' id='word_1_115' title='bbox 699 1172 835 1208; x_wconf 86' lang='lat' dir='ltr'>Romae</span> <span class='ocrx_word' id='word_1_116' title='bbox 860 1173 946 1209; x_wconf 90' lang='lat' dir='ltr'>Diis</span> <span class='ocrx_word' id='word_1_117' title='bbox 971 1175 1177 1211; x_wconf 88' lang='lat' dir='ltr'>trahendo-</span> 
     </span>
    </p>
   </div>
   <div class='ocr_carea' id='block_1_9' title="bbox 70 1235 1353 1309">
    <p class='ocr_par' dir='ltr' id='par_1_10' title="bbox 70 1235 1353 1309">
     <span class='ocr_line' id='line_1_23' title="bbox 70 1235 1353 1309; baseline -0.002 -35"><span class='ocrx_word' id='word_1_118' title='bbox 70 1249 142 1285; x_wconf 86' lang='lat' dir='ltr'>que</span> <span class='ocrx_word' id='word_1_119' title='bbox 162 1237 308 1273; x_wconf 90' lang='lat' dir='ltr'>delectu</span> <span class='ocrx_word' id='word_1_120' title='bbox 327 1238 389 1273; x_wconf 89' lang='lat' dir='ltr'>dat</span> <span class='ocrx_word' id='word_1_121' title='bbox 409 1249 575 1286; x_wconf 86' lang='lat' dir='ltr'>operam,</span> <span class='ocrx_word' id='word_1_122' title='bbox 597 1235 807 1279; x_wconf 83' lang='lat' dir='ltr'>Hannibal,</span> <span class='ocrx_word' id='word_1_123' title='bbox 834 1236 1026 1285; x_wconf 87' lang='lat' dir='ltr'>profectus</span> <span class='ocrx_word' id='word_1_124' title='bbox 1052 1250 1098 1274; x_wconf 83' lang='lat' dir='ltr'>ex</span> <span class='ocrx_word' id='word_1_125' title='bbox 1116 1239 1174 1274; x_wconf 91' lang='lat' dir='ltr'>hi—</span> <span class='ocrx_word' id='word_1_126' title='bbox 1187 1235 1353 1309; x_wconf 43' lang='lat' dir='ltr'>{32:32}ae</span> 
     </span>
    </p>
   </div>
   <div class='ocr_carea' id='block_1_10' title="bbox 69 1299 1274 1362">
    <p class='ocr_par' dir='ltr' id='par_1_11' title="bbox 69 1299 1274 1362">
     <span class='ocr_line' id='line_1_24' title="bbox 69 1299 1274 1362; baseline 0.004 -26"><span class='ocrx_word' id='word_1_127' title='bbox 69 1300 209 1344; x_wconf 88' lang='lat' dir='ltr'>bernis,</span> <span class='ocrx_word' id='word_1_128' title='bbox 227 1303 314 1350; x_wconf 84' lang='lat' dir='ltr'>quia</span> <span class='ocrx_word' id='word_1_129' title='bbox 325 1300 409 1351; x_wconf 85' lang='lat' dir='ltr'>jam</span> <span class='ocrx_word' id='word_1_130' title='bbox 427 1301 655 1337; x_wconf 88' lang='lat' dir='ltr'>Flaminium</span> <span class='ocrx_word' id='word_1_131' title='bbox 671 1299 863 1336; x_wconf 79' lang='lat' dir='ltr'>consulem</span> <span class='ocrx_word' id='word_1_132' title='bbox 879 1301 1071 1338; x_wconf 85' lang='lat' dir='ltr'>Arretium</span> <span class='ocrx_word' id='word_1_133' title='bbox 1090 1315 1175 1353; x_wconf 83' lang='lat' dir='ltr'>per·</span> <span class='ocrx_word' id='word_1_134' title='bbox 1187 1323 1274 1362; x_wconf 82' lang='lat' dir='ltr'>petit.</span> 
     </span>
    </p>
   </div>
   <div class='ocr_carea' id='block_1_11' title="bbox 67 1365 1176 2053">
    <p class='ocr_par' dir='ltr' id='par_1_12' title="bbox 67 1365 1176 2053">
     <span class='ocr_line' id='line_1_25' title="bbox 67 1365 1175 1415; baseline 0.003 -13"><span class='ocrx_word' id='word_1_135' title='bbox 67 1367 214 1403; x_wconf 82' lang='lat' dir='ltr'>venisse</span> <span class='ocrx_word' id='word_1_136' title='bbox 232 1366 332 1403; x_wconf 85' lang='lat' dir='ltr'>fama</span> <span class='ocrx_word' id='word_1_137' title='bbox 347 1373 440 1410; x_wconf 89' lang='lat' dir='ltr'>erat,</span> <span class='ocrx_word' id='word_1_138' title='bbox 458 1379 572 1415; x_wconf 89' lang='lat' dir='ltr'>quum</span> <span class='ocrx_word' id='word_1_139' title='bbox 587 1365 688 1402; x_wconf 87' lang='lat' dir='ltr'>aliud</span> <span class='ocrx_word' id='word_1_140' title='bbox 703 1365 867 1414; x_wconf 86' lang='lat' dir='ltr'>longius,</span> <span class='ocrx_word' id='word_1_141' title='bbox 885 1374 1050 1404; x_wconf 86' lang='lat' dir='ltr'>ceterum</span> <span class='ocrx_word' id='word_1_142' title='bbox 1070 1382 1175 1405; x_wconf 87' lang='lat' dir='ltr'>com-</span> 
     </span>
     <span class='ocr_line' id='line_1_26' title="bbox 68 1429 1175 1482; baseline 0.004 -17"><span class='ocrx_word' id='word_1_143' title='bbox 68 1430 228 1473; x_wconf 88' lang='lat' dir='ltr'>modius,</span> <span class='ocrx_word' id='word_1_144' title='bbox 249 1430 509 1466; x_wconf 86' lang='lat' dir='ltr'>ostenderetur</span> <span class='ocrx_word' id='word_1_145' title='bbox 527 1429 611 1472; x_wconf 86' lang='lat' dir='ltr'>iter,</span> <span class='ocrx_word' id='word_1_146' title='bbox 632 1431 850 1480; x_wconf 89' lang='lat' dir='ltr'>propiorem</span> <span class='ocrx_word' id='word_1_147' title='bbox 864 1431 963 1466; x_wconf 90' lang='lat' dir='ltr'>viam</span> <span class='ocrx_word' id='word_1_148' title='bbox 982 1445 1049 1481; x_wconf 85' lang='lat' dir='ltr'>per</span> <span class='ocrx_word' id='word_1_149' title='bbox 1067 1434 1175 1482; x_wconf 83' lang='lat' dir='ltr'>palu-</span> 
     </span>
     <span class='ocr_line' id='line_1_27' title="bbox 68 1492 1175 1543; baseline 0.003 -14"><span class='ocrx_word' id='word_1_150' title='bbox 68 1493 152 1529; x_wconf 88' lang='lat' dir='ltr'>dem</span> <span class='ocrx_word' id='word_1_151' title='bbox 169 1494 278 1543; x_wconf 88' lang='lat' dir='ltr'>petit,</span> <span class='ocrx_word' id='word_1_152' title='bbox 300 1506 373 1543; x_wconf 88' lang='lat' dir='ltr'>qua</span> <span class='ocrx_word' id='word_1_153' title='bbox 391 1492 523 1529; x_wconf 88' lang='lat' dir='ltr'>fluvius</span> <span class='ocrx_word' id='word_1_154' title='bbox 542 1493 669 1529; x_wconf 84' lang='lat' dir='ltr'>Arnus</span> <span class='ocrx_word' id='word_1_155' title='bbox 695 1506 762 1543; x_wconf 84' lang='lat' dir='ltr'>per</span> <span class='ocrx_word' id='word_1_156' title='bbox 781 1506 844 1529; x_wconf 88' lang='lat' dir='ltr'>eos</span> <span class='ocrx_word' id='word_1_157' title='bbox 864 1495 941 1531; x_wconf 90' lang='lat' dir='ltr'>dies</span> <span class='ocrx_word' id='word_1_158' title='bbox 961 1495 1075 1531; x_wconf 90' lang='lat' dir='ltr'>solito</span> <span class='ocrx_word' id='word_1_159' title='bbox 1094 1510 1175 1533; x_wconf 89' lang='lat' dir='ltr'>ma-</span> 
     </span>
     <span class='ocr_line' id='line_1_28' title="bbox 69 1556 1175 1606; baseline 0.005 -15"><span class='ocrx_word' id='word_1_160' title='bbox 69 1557 125 1605; x_wconf 84' lang='lat' dir='ltr'>gis</span> <span class='ocrx_word' id='word_1_161' title='bbox 145 1557 402 1592; x_wconf 87' lang='lat' dir='ltr'>inundaverat.</span> <span class='ocrx_word' id='word_1_162' title='bbox 442 1556 636 1606; x_wconf 87' lang='lat' dir='ltr'>Hispanos</span> <span class='ocrx_word' id='word_1_163' title='bbox 657 1563 693 1592; x_wconf 91' lang='lat' dir='ltr'>et</span> <span class='ocrx_word' id='word_1_164' title='bbox 713 1556 841 1600; x_wconf 87' lang='lat' dir='ltr'>Afros,</span> <span class='ocrx_word' id='word_1_165' title='bbox 866 1558 920 1605; x_wconf 90' lang='lat' dir='ltr'>(id</span> <span class='ocrx_word' id='word_1_166' title='bbox 940 1571 1053 1595; x_wconf 90' lang='lat' dir='ltr'>omne</span> <span class='ocrx_word' id='word_1_167' title='bbox 1072 1567 1175 1596; x_wconf 87' lang='lat' dir='ltr'>vete-</span> 
     </span>
     <span class='ocr_line' id='line_1_29' title="bbox 68 1620 1176 1674; baseline 0.005 -19"><span class='ocrx_word' id='word_1_168' title='bbox 68 1621 151 1656; x_wconf 89' lang='lat' dir='ltr'>rani</span> <span class='ocrx_word' id='word_1_169' title='bbox 171 1626 250 1656; x_wconf 87' lang='lat' dir='ltr'>erat</span> <span class='ocrx_word' id='word_1_170' title='bbox 269 1620 384 1656; x_wconf 86' lang='lat' dir='ltr'>robur</span> <span class='ocrx_word' id='word_1_171' title='bbox 409 1621 610 1666; x_wconf 89' lang='lat' dir='ltr'>exercitus)</span> <span class='ocrx_word' id='word_1_172' title='bbox 643 1621 816 1656; x_wconf 81' lang='lat' dir='ltr'>admixtis</span> <span class='ocrx_word' id='word_1_173' title='bbox 836 1623 1003 1671; x_wconf 88' lang='lat' dir='ltr'>ipsorum</span> <span class='ocrx_word' id='word_1_174' title='bbox 1029 1625 1176 1674; x_wconf 88' lang='lat' dir='ltr'>inpedi-</span> 
     </span>
     <span class='ocr_line' id='line_1_30' title="bbox 70 1684 1175 1726; baseline 0.005 -8"><span class='ocrx_word' id='word_1_175' title='bbox 70 1684 221 1726; x_wconf 87' lang='lat' dir='ltr'>mentis,</span> <span class='ocrx_word' id='word_1_176' title='bbox 240 1684 376 1719; x_wconf 87' lang='lat' dir='ltr'>necubi</span> <span class='ocrx_word' id='word_1_177' title='bbox 397 1684 601 1719; x_wconf 84' lang='lat' dir='ltr'>consistere</span> <span class='ocrx_word' id='word_1_178' title='bbox 628 1685 768 1720; x_wconf 82' lang='lat' dir='ltr'>coactis</span> <span class='ocrx_word' id='word_1_179' title='bbox 791 1687 1002 1722; x_wconf 79' lang='lat' dir='ltr'>necessaria</span> <span class='ocrx_word' id='word_1_180' title='bbox 1021 1688 1068 1723; x_wconf 92' lang='lat' dir='ltr'>ad</span> <span class='ocrx_word' id='word_1_181' title='bbox 1088 1701 1175 1724; x_wconf 85' lang='lat' dir='ltr'>usus</span> 
     </span>
     <span class='ocr_line' id='line_1_31' title="bbox 72 1748 1176 1799; baseline 0.002 -15"><span class='ocrx_word' id='word_1_182' title='bbox 72 1748 257 1791; x_wconf 82' lang='lat' dir='ltr'>deessent,</span> <span class='ocrx_word' id='word_1_183' title='bbox 277 1750 416 1797; x_wconf 92' lang='lat' dir='ltr'>primos</span> <span class='ocrx_word' id='word_1_184' title='bbox 444 1750 497 1784; x_wconf 89' lang='lat' dir='ltr'>ire</span> <span class='ocrx_word' id='word_1_185' title='bbox 520 1748 658 1798; x_wconf 85' lang='lat' dir='ltr'>jussit:</span> <span class='ocrx_word' id='word_1_186' title='bbox 690 1749 795 1796; x_wconf 81' lang='lat' dir='ltr'>sequi</span> <span class='ocrx_word' id='word_1_187' title='bbox 821 1748 966 1792; x_wconf 87' lang='lat' dir='ltr'>Gallos,</span> <span class='ocrx_word' id='word_1_188' title='bbox 994 1757 1034 1785; x_wconf 88' lang='lat' dir='ltr'>ut</span> <span class='ocrx_word' id='word_1_189' title='bbox 1054 1751 1090 1786; x_wconf 81' lang='lat' dir='ltr'>id</span> <span class='ocrx_word' id='word_1_190' title='bbox 1109 1764 1176 1799; x_wconf 89' lang='lat' dir='ltr'>ag-</span> 
     </span>
     <span class='ocr_line' id='line_1_32' title="bbox 72 1812 1176 1861; baseline 0.002 -13"><span class='ocrx_word' id='word_1_191' title='bbox 72 1812 182 1848; x_wconf 89' lang='lat' dir='ltr'>minis</span> <span class='ocrx_word' id='word_1_192' title='bbox 209 1812 372 1848; x_wconf 91' lang='lat' dir='ltr'>medium</span> <span class='ocrx_word' id='word_1_193' title='bbox 402 1819 521 1857; x_wconf 79' lang='lat' dir='ltr'>esset3</span> <span class='ocrx_word' id='word_1_194' title='bbox 554 1813 777 1848; x_wconf 84' lang='lat' dir='ltr'>novissimos</span> <span class='ocrx_word' id='word_1_195' title='bbox 807 1813 859 1848; x_wconf 87' lang='lat' dir='ltr'>ire</span> <span class='ocrx_word' id='word_1_196' title='bbox 885 1813 1052 1861; x_wconf 86' lang='lat' dir='ltr'>equites:</span> <span class='ocrx_word' id='word_1_197' title='bbox 1087 1815 1176 1851; x_wconf 77' lang='lat' dir='ltr'>M&#39;a-</span> 
     </span>
     <span class='ocr_line' id='line_1_33' title="bbox 72 1876 1174 1926; baseline 0.004 -16"><span class='ocrx_word' id='word_1_198' title='bbox 72 1887 208 1924; x_wconf 84' lang='lat' dir='ltr'>gonem</span> <span class='ocrx_word' id='word_1_199' title='bbox 235 1876 320 1911; x_wconf 89' lang='lat' dir='ltr'>inde</span> <span class='ocrx_word' id='word_1_200' title='bbox 345 1888 429 1911; x_wconf 84' lang='lat' dir='ltr'>cum</span> <span class='ocrx_word' id='word_1_201' title='bbox 454 1876 635 1924; x_wconf 85' lang='lat' dir='ltr'>expeditis</span> <span class='ocrx_word' id='word_1_202' title='bbox 663 1876 835 1911; x_wconf 84' lang='lat' dir='ltr'>Numidis</span> <span class='ocrx_word' id='word_1_203' title='bbox 864 1889 998 1924; x_wconf 83' lang='lat' dir='ltr'>cogere</span> <span class='ocrx_word' id='word_1_204' title='bbox 1024 1890 1174 1926; x_wconf 83' lang='lat' dir='ltr'>agmen,</span> 
     </span>
     <span class='ocr_line' id='line_1_34' title="bbox 72 1938 1175 1990; baseline 0.003 -16"><span class='ocrx_word' id='word_1_205' title='bbox 72 1939 233 1975; x_wconf 84' lang='lat' dir='ltr'>maxime</span> <span class='ocrx_word' id='word_1_206' title='bbox 259 1938 403 1981; x_wconf 89' lang='lat' dir='ltr'>Gallos,</span> <span class='ocrx_word' id='word_1_207' title='bbox 434 1940 463 1974; x_wconf 89' lang='lat' dir='ltr'>si</span> <span class='ocrx_word' id='word_1_208' title='bbox 492 1940 605 1974; x_wconf 84' lang='lat' dir='ltr'>taedio</span> <span class='ocrx_word' id='word_1_209' title='bbox 634 1939 771 1975; x_wconf 86' lang='lat' dir='ltr'>laboris</span> <span class='ocrx_word' id='word_1_210' title='bbox 801 1939 999 1989; x_wconf 63' lang='lat' dir='ltr'>longaeque</span> <span class='ocrx_word' id='word_1_211' title='bbox 1020 1942 1087 1977; x_wconf 70' lang='lat' dir='ltr'>viae</span> <span class='ocrx_word' id='word_1_212' title='bbox 1116 1945 1175 1990; x_wconf 90' lang='lat' dir='ltr'>(ut</span> 
     </span>
     <span class='ocr_line' id='line_1_35' title="bbox 74 2004 1176 2053; baseline 0.004 -13"><span class='ocrx_word' id='word_1_213' title='bbox 74 2010 129 2040; x_wconf 86' lang='lat' dir='ltr'>est</span> <span class='ocrx_word' id='word_1_214' title='bbox 152 2004 274 2040; x_wconf 82' lang='lat' dir='ltr'>mollis</span> <span class='ocrx_word' id='word_1_215' title='bbox 302 2005 346 2040; x_wconf 90' lang='lat' dir='ltr'>ad</span> <span class='ocrx_word' id='word_1_216' title='bbox 372 2004 463 2040; x_wconf 86' lang='lat' dir='ltr'>talia</span> <span class='ocrx_word' id='word_1_217' title='bbox 492 2006 601 2053; x_wconf 85' lang='lat' dir='ltr'>gens)</span> <span class='ocrx_word' id='word_1_218' title='bbox 630 2005 884 2044; x_wconf 77' lang='lat' dir='ltr'>dilaberentur</span> <span class='ocrx_word' id='word_1_219' title='bbox 909 2013 973 2042; x_wconf 85' lang='lat' dir='ltr'>aut</span> <span class='ocrx_word' id='word_1_220' title='bbox 995 2007 1176 2044; x_wconf 59' lang='lat' dir='ltr'>subsiste-</span> 
     </span>
    </p>
   </div>
   <div class='ocr_carea' id='block_1_12' title="bbox 73 2068 1368 2155">
    <p class='ocr_par' dir='ltr' id='par_1_13' title="bbox 73 2068 1368 2155">
     <span class='ocr_line' id='line_1_36' title="bbox 73 2068 1368 2121; baseline 0.002 -18"><span class='ocrx_word' id='word_1_221' title='bbox 73 2074 171 2111; x_wconf 87' lang='lat' dir='ltr'>rent,</span> <span class='ocrx_word' id='word_1_222' title='bbox 201 2068 454 2104; x_wconf 83' lang='lat' dir='ltr'>cohibentem.</span> <span class='ocrx_word' id='word_1_223' title='bbox 510 2068 641 2110; x_wconf 85' lang='lat' dir='ltr'>Primi,</span> <span class='ocrx_word' id='word_1_224' title='bbox 665 2082 737 2117; x_wconf 87' lang='lat' dir='ltr'>qua</span> <span class='ocrx_word' id='word_1_225' title='bbox 767 2070 880 2105; x_wconf 86' lang='lat' dir='ltr'>modo</span> <span class='ocrx_word' id='word_1_226' title='bbox 908 2072 1085 2120; x_wconf 63' lang='lat' dir='ltr'>praeirent</span> <span class='ocrx_word' id='word_1_227' title='bbox 1109 2072 1176 2108; x_wconf 86' lang='lat' dir='ltr'>du·</span> <span class='ocrx_word' id='word_1_228' title='bbox 1189 2073 1368 2121; x_wconf 78' lang='lat' dir='ltr'>Molestum</span> 
     </span>
     <span class='ocr_line' id='line_1_37' title="bbox 1189 2123 1314 2155; baseline 0.016 -10"><span class='ocrx_word' id='word_1_229' title='bbox 1189 2123 1246 2146; x_wconf 82' lang='lat' dir='ltr'>iter</span> <span class='ocrx_word' id='word_1_230' title='bbox 1260 2126 1314 2155; x_wconf 87' lang='lat' dir='ltr'>per</span> 
     </span>
    </p>
   </div>
   <div class='ocr_carea' id='block_1_13' title="bbox 74 2132 1331 2198">
    <p class='ocr_par' dir='ltr' id='par_1_14' title="bbox 74 2132 1331 2198">
     <span class='ocr_line' id='line_1_38' title="bbox 74 2132 1331 2198; baseline 0.005 -32"><span class='ocrx_word' id='word_1_231' title='bbox 74 2143 133 2166; x_wconf 86' lang='lat' dir='ltr'>ces</span> <span class='ocrx_word' id='word_1_232' title='bbox 152 2143 218 2181; x_wconf 88' lang='lat' dir='ltr'>per</span> <span class='ocrx_word' id='word_1_233' title='bbox 236 2132 409 2183; x_wconf 78' lang='lat' dir='ltr'>praealtas</span> <span class='ocrx_word' id='word_1_234' title='bbox 429 2132 531 2168; x_wconf 89' lang='lat' dir='ltr'>fluvii</span> <span class='ocrx_word' id='word_1_235' title='bbox 558 2146 600 2168; x_wconf 88' lang='lat' dir='ltr'>ac</span> <span class='ocrx_word' id='word_1_236' title='bbox 628 2133 830 2182; x_wconf 82' lang='lat' dir='ltr'>profundas</span> <span class='ocrx_word' id='word_1_237' title='bbox 850 2135 1062 2182; x_wconf 84' lang='lat' dir='ltr'>voragines,</span> <span class='ocrx_word' id='word_1_238' title='bbox 1083 2136 1176 2171; x_wconf 89' lang='lat' dir='ltr'>hau-</span> <span class='ocrx_word' id='word_1_239' title='bbox 1189 2159 1331 2198; x_wconf 43' lang='lat' dir='ltr'>palude&amp;</span> 
     </span>
    </p>
   </div>
   <div class='ocr_carea' id='block_1_14' title="bbox 76 2194 1184 2373">
    <p class='ocr_par' dir='ltr' id='par_1_15' title="bbox 76 2194 1184 2373">
     <span class='ocr_line' id='line_1_39' title="bbox 76 2194 1178 2247; baseline 0.005 -18"><span class='ocrx_word' id='word_1_240' title='bbox 76 2194 123 2229; x_wconf 89' lang='lat' dir='ltr'>sti</span> <span class='ocrx_word' id='word_1_241' title='bbox 143 2207 237 2243; x_wconf 81' lang='lat' dir='ltr'>pene</span> <span class='ocrx_word' id='word_1_242' title='bbox 258 2194 347 2230; x_wconf 80' lang='lat' dir='ltr'>limo</span> <span class='ocrx_word' id='word_1_243' title='bbox 365 2196 688 2244; x_wconf 82' lang='lat' dir='ltr'>inmergentesque</span> <span class='ocrx_word' id='word_1_244' title='bbox 705 2209 757 2239; x_wconf 88' lang='lat' dir='ltr'>se,</span> <span class='ocrx_word' id='word_1_245' title='bbox 774 2203 900 2233; x_wconf 87' lang='lat' dir='ltr'>tamen</span> <span class='ocrx_word' id='word_1_246' title='bbox 920 2198 1027 2246; x_wconf 81' lang='lat' dir='ltr'>signa</span> <span class='ocrx_word' id='word_1_247' title='bbox 1046 2211 1178 2247; x_wconf 89' lang='lat' dir='ltr'>seque-</span> 
     </span>
     <span class='ocr_line' id='line_1_40' title="bbox 76 2256 1184 2310; baseline 0.005 -18"><span class='ocrx_word' id='word_1_248' title='bbox 76 2256 225 2294; x_wconf 90' lang='lat' dir='ltr'>bantur.</span> <span class='ocrx_word' id='word_1_249' title='bbox 282 2257 380 2294; x_wconf 87' lang='lat' dir='ltr'>Galli</span> <span class='ocrx_word' id='word_1_250' title='bbox 410 2270 532 2306; x_wconf 89' lang='lat' dir='ltr'>neque</span> <span class='ocrx_word' id='word_1_251' title='bbox 564 2259 746 2295; x_wconf 89' lang='lat' dir='ltr'>sustinere</span> <span class='ocrx_word' id='word_1_252' title='bbox 780 2273 818 2295; x_wconf 89' lang='lat' dir='ltr'>se</span> <span class='ocrx_word' id='word_1_253' title='bbox 850 2260 1028 2310; x_wconf 80' lang='lat' dir='ltr'>prolapsi,</span> <span class='ocrx_word' id='word_1_254' title='bbox 1059 2273 1184 2310; x_wconf 87' lang='lat' dir='ltr'>neque</span> 
     </span>
     <span class='ocr_line' id='line_1_41' title="bbox 80 2318 1183 2373; baseline 0.005 -19"><span class='ocrx_word' id='word_1_255' title='bbox 80 2318 277 2370; x_wconf 82' lang='lat' dir='ltr'>adsurgere</span> <span class='ocrx_word' id='word_1_256' title='bbox 296 2333 342 2359; x_wconf 86' lang='lat' dir='ltr'>ex</span> <span class='ocrx_word' id='word_1_257' title='bbox 356 2321 599 2370; x_wconf 82' lang='lat' dir='ltr'>voraginibus</span> <span class='ocrx_word' id='word_1_258' title='bbox 619 2328 814 2373; x_wconf 71' lang='lat' dir='ltr'>poterant,</span> <span class='ocrx_word' id='word_1_259' title='bbox 838 2329 903 2359; x_wconf 88' lang='lat' dir='ltr'>aut</span> <span class='ocrx_word' id='word_1_260' title='bbox 922 2336 1081 2373; x_wconf 87' lang='lat' dir='ltr'>corpora</span> <span class='ocrx_word' id='word_1_261' title='bbox 1100 2324 1183 2361; x_wconf 87' lang='lat' dir='ltr'>ani-</span> 
     </span>
    </p>
   </div>
  </div>
 </body>
</html>
