1527 2661
364 221 548 263 >mnan
572 220 621 248 x.
655 218 762 247 CAP.
786 216 941 246 xxm.
1136 213 1214 261 195

152 310 311 349 XXIII.
331 312 391 348 Eo
407 324 508 348 anno
524 309 697 361 prodigia
714 307 830 344 multa
851 306 1025 351 fuerunt,-
1049 319 1209 355 quorum
1223 309 1264 340 U.
1282 309 1317 338 C.
1336 311 1410 338 456.

98 377 466 413 averruncandorum
497 387 630 411 caussa
663 372 957 425 supplicationes
988 371 1025 406 in
1055 371 1211 406 biduum
1223 354 1264 383 A·
1279 352 1406 383 0⁹²95'

99 447 251 477 senatus
272 441 450 478 decrevit.
507 438 665 476 Publice
685 439 813 474 vinum
842 450 885 473 ac
905 442 964 472 tus
985 435 1208 485 praebitum:

98 504 350 554 supplicatum
378 506 454 541 iere
474 504 690 553 frequentes
717 502 786 537 viri
805 500 1042 550 feminaeque.
1090 499 1215 548 Insig-

96 581 183 605 nem
202 568 518 619 supplicationem
539 568 631 604 fecit
657 574 847 603 certamen
873 567 910 601 in
939 564 1077 601 sacello
1097 563 1213 600 Pudi-

98 633 196 670 citiae
216 635 398 684 patriciae,
420 648 502 684 quae
527 635 563 669 in
584 632 668 669 soro
695 632 828 668 boario
856 637 913 667 est
942 631 988 666 ad
1009 630 1125 666 aedeni
1151 642 1213 683 ro-

98 699 252 734 tundam
274 699 451 735 Herculis
472 700 570 733 inter
591 704 783 732 matronas
804 702 941 732 ortum.
985 695 1212 743 Virginiam,

97 761 186 797 Auli
214 762 343 805 filiam,
371 763 568 811 patriciam
593 761 742 810 plebeio
768 767 926 809 nuptam
946 758 1213 795 L.Volumnio
1227 762 1379 811 Pudicitia

97 825 258 868 consuli,
293 833 491 868 matronae,
518 825 619 873 quod
650 838 670 860 e
699 824 876 860 Patribus
908 823 1132 873 enupsisset,
1154 835 1214 858 sa·
1227 813 1367 846 pamma·

98 890 169 926 cris
195 896 406 927 arcuerant.
450 890 581 925 Brevis
609 888 806 925 altercatio
832 889 919 924 inde
949 901 995 924 ex
1022 887 1219 924 iracundia

99 953 271 989 muliebri
293 955 330 990 in
358 954 643 989 contentionem
671 954 882 989 animorum
905 953 1067 989 exarsit:
1100 964 1217 1001 quum

98 1030 138 1054 se
158 1019 330 1067 Virginia
351 1026 388 1054 et
412 1019 610 1068 patriciam
637 1024 675 1053 et
695 1018 869 1068 pudicam
889 1019 927 1053 in
952 1018 1119 1067 patriciae
1139 1016 1215 1052 Pu-

101 1082 238 1119 dicitiae
257 1083 442 1132 templum
463 1084 685 1131 ingressam,
703 1090 741 1118 et
761 1083 825 1118 uni
845 1088 1017 1131 nuptam,
1039 1081 1085 1117 ad
1105 1093 1217 1130 quem

99 1147 206 1194 virgo
222 1146 383 1182 deducta
401 1148 472 1191 sit3
505 1159 574 1181 nec
595 1158 634 1181 se
656 1147 720 1182 viri
742 1146 978 1181 honorumve
998 1145 1077 1195 ejus
1098 1158 1141 1181 ac
1156 1157 1215 1181 re-

100 1222 183 1244 rum
202 1216 391 1258 gestarum
412 1210 611 1259 poenitere,
632 1223 721 1244 vero
743 1209 980 1258 gloriaretur.
1011 1209 1130 1244 Facto
1151 1209 1215 1245 de-

102 1273 189 1308 inde
210 1275 363 1321 egregio
383 1273 583 1321 magnifica
605 1273 718 1308 verba
737 1273 914 1308 adauxit:
947 1273 986 1308 in
1007 1273 1089 1308 vico
1109 1273 1216 1309 Lon-

103 1350 167 1385 go,
189 1337 252 1373 ubi
282 1338 495 1380 habitabat,
517 1351 563 1374 ex
583 1344 688 1387 parte
710 1338 858 1380 aedium,
880 1337 981 1386 quod
1008 1338 1098 1373 satis
1119 1346 1220 1375 esset

99 1401 172 1437 loci
193 1402 342 1438 modico
372 1402 524 1445 sacello,
556 1401 740 1447 exclusit,
774 1414 951 1450 aramque
978 1401 1029 1437 ibi
1060 1404 1213 1452 posuit:

102 1474 153 1509 et,
174 1467 392 1502 convocatis
415 1466 570 1516 plebeiis
592 1467 791 1508 matronis,
813 1473 1021 1514 conquesta
1041 1466 1219 1516 injuriam

99 1531 357 1580 patriciarum,
387 1532 496 1566 Hanc
523 1543 586 1578 ego
615 1543 731 1573 aram,
763 1530 899 1579 inquit,
921 1531 1113 1567 Pudicitiae
1139 1534 1218 1581 ple-

103 1596 186 1632 beiae
214 1597 364 1632 dedico:
392 1608 517 1643 vosque
545 1596 682 1638 hortor,
703 1601 755 1637 ut,
777 1597 870 1643 qnod
898 1600 1076 1632 certamen
1104 1599 1219 1634 virtu-

103 1662 147 1696 tis
166 1662 258 1695 viros
286 1662 320 1695 in
340 1660 406 1695 hac
425 1661 569 1695 civitate
599 1664 705 1701 tenet,
727 1660 791 1694 hoc
814 1661 1000 1707 pudicitia>
1027 1663 1121 1697 inter
1140 1675 1215 1698 ma-
1230 1672 1384 1702 Pudicitia

106 1729 226 1759 tronus
243 1726 313 1759 sit:
343 1725 501 1771 ‹leta-que
520 1736 679 1771 operam,
706 1729 746 1758 ut
765 1723 837 1759 hoec
856 1736 935 1766 ara,
957 1737 1064 1772 quam
1089 1727 1169 1768 illa,
1188 1730 1218 1764 si
1231 1716 1364 1756 plebeia.

105 1790 192 1836 quid
207 1793 338 1836 potest,
358 1790 513 1823 sanctius
532 1793 565 1823 et
585 1801 606 1823 a
626 1788 832 1824 castioribus
851 1789 919 1824 coli
939 1790 1092 1827 dicatur.
1138 1791 1218 1827 Eo-

106 1852 191 1889 dem
209 1851 326 1887 ferme
346 1852 421 1887 ritu
441 1858 478 1887 et
497 1852 577 1887 haec
605 1864 682 1894 ara,
704 1864 779 1900 quo
799 1851 863 1886 illa
891 1853 1096 1901 antiquior,
1118 1855 1221 1892 culta

106 1923 186 1961 est,
219 1922 260 1952 ut
290 1915 406 1958 nulla,
436 1917 506 1952 nisi
538 1922 715 1965 spectatae
744 1916 935 1966 pudicitiae
966 1925 1155 1963 matrona,
1183 1927 1221 1957 et

103 1995 185 2030 quae
208 1983 272 2017 uni
298 1982 378 2018 viro
397 1988 516 2031 nupta
534 1980 758 2031 fuisset,jus
789 1982 1024 2019 sacrificandi
1050 1985 1220 2024 haberet.

103 2046 269 2096 Vulgata
288 2047 373 2083 dein
394 2046 530 2095 religio
550 2059 571 2082 a
591 2046 759 2096 pollutis,
782 2059 851 2082 nec
877 2049 1059 2084 matronis
1081 2050 1217 2095 solum,

103 2111 168 2147 sed
189 2112 310 2146 omnis
341 2111 482 2147 ordinis
511 2111 675 2155 feminis,
705 2117 899 2161 postremo
928 2113 966 2147 in
987 2113 1220 2153 oblivionem

102 2176 218 2215 ¹venit.
274 2175 420 2212 Eodem
451 2188 553 2211 anno
581 2176 651 2212 Cn.
682 2182 718 2211 et
747 2176 795 2215 Q.
817 2176 974 2225 Ogulnii
1002 2178 1125 2214 aediles
1153 2192 1219 2215 cu-

105 2239 203 2275 rules
230 2239 375 2289 aliquot
394 2240 688 2278 foeneratoribus
709 2241 808 2277 diem
828 2241 1026 2277 dixerunt:
1059 2256 1219 2290 quorum

105 2302 216 2339 bonis
246 2303 430 2348 multatis,
453 2317 499 2341 ex
527 2318 588 2348 eo,
609 2305 710 2353 quod
739 2305 778 2341 in
807 2305 1001 2355 publicum
1027 2307 1221 2344 redactum

108 2374 178 2412 est,
207 2381 310 2406 aenea
339 2370 376 2412 in
398 2369 591 2421 Capitolio
621 2369 766 2414 limina,
798 2377 836 2406 et
865 2371 976 2406 trium
1006 2384 1221 2410 mensarum

632 2432 705 2470 f5
