1527 2661
370 207 526 236 mmm
549 205 707 234 x1111.
739 203 848 233 CAP.
870 203 942 232 tx.
1131 203 1213 246 313

100 295 211 345 baiis,
235 298 380 335 Calavii
405 297 502 334 filius
522 295 676 333 Perolla
700 295 802 331 vinci
831 293 958 344 potuit
972 308 982 338 ;
1014 292 1096 342 ipse
1114 292 1215 328 vale·
1229 292 1321 323 U.C.
1336 296 1408 322 ⁵8⁵-

100 362 272 398 tudinem
304 373 501 403 excusauS,
532 366 641 411 patre
673 358 790 395 animi
820 369 972 406 quoque
1001 354 1082 406 ejus
1115 335 1316 391 haudA‘C‘
1334 339 1408 367 ²¹5'

101 425 312 462 mirabilem
331 425 690 461 interturbationem
711 427 923 458 caussante.
980 420 1078 457 Solis
1098 420 1218 457 ferme

100 501 240 525 occasu
265 495 409 538 patrem
431 487 642 530 Calavium,
664 499 711 523 ex
730 485 905 522 convivio
932 496 1137 533 egressum,
1158 495 1216 519 se-

100 560 209 589 cutus
240 552 352 595 filius,
382 552 448 588 ubi
476 553 517 588 in
545 557 730 588 secretum
764 551 913 599 (hortus
944 554 1025 585 erat
1061 547 1216 598 posticis

102 617 237 653 aedium
257 616 444 667 partibus)
466 622 732 666 pervenerunt,
756 615 966 657 Consilium,
992 613 1130 662 inquit,
1151 613 1217 649 ad·
1230 616 1353 665 Perolla
1367 627 1420 649 oe—

91 680 195 729 fero,
212 685 332 729 pater,
353 693 422 728 quo
447 692 519 717 non
536 681 678 715 veniam
694 680 810 715 solum
832 680 987 727 peccati,
1008 678 1102 726 quod
1120 675 1219 725 defe-
1231 669 1401 733 ῗὲἒᾞίἷα-

102 748 216 783 cimus
244 747 293 782 ad
310 746 567 788 Hannibalem,
588 746 806 793 inpetraturi
823 745 867 780 ab
887 744 1073 785 Romanis,
1093 744 1158 779 sed
1183 744 1221 779 in
1233 746 1312 795 lem,
1329 756 1396 778 rem

104 812 220 846 multo
238 809 373 857 majore
391 811 569 858 dignitate
586 814 622 845 et
637 811 763 857 gratia
779 810 889 845 simus
905 808 1095 856 Campani,
1113 819 1220 856 quam
1232 789 1391 872 ἓξέζῗὶωῑ

105 873 442 923 umquamfuimus.
497 874 627 913 Quum
646 872 890 909 mirabundus
912 878 1032 922 pater,
1048 873 1222 920 quidnam

107 939 145 974 id
167 943 255 974 esset
279 938 431 980 consilii,
452 943 637 986 quaereret
649 952 660 982 3
692 942 786 984 toga
811 935 951 985 rejecta
976 934 1024 972 ab
1046 935 1220 977 humero,

105 1001 204 1038 latus
238 1001 478 1038 subcinctum
511 1001 639 1051 gladio
671 1000 812 1036 nudat:
849 1001 938 1037 Jam
972 1011 1049 1048 ego,
1082 1000 1221 1048 inquit,

100 1068 279 1114 sanguine
303 1067 519 1102 Hannibalis
543 1067 703 1102 sanciam
724 1065 927 1101 Romanum
941 1063 1091 1112 faedus:
1123 1068 1157 1100 te
1186 1065 1225 1099 id

103 1132 208 1178 prius
224 1132 315 1166 scire
331 1131 442 1173 volui,
463 1131 494 1166 si
502 1129 607 1179 forte
625 1129 752 1171 abesse,
774 1130 860 1164 dum
867 1127 1020 1177 facinus
1035 1132 1223 1176 patratur,

109 1194 247 1230 malles.

162 1257 235 1293 IX.
263 1257 361 1296 Quae
382 1257 446 1294 ubi
465 1257 560 1293 vidit
579 1257 796 1306 audivitque
816 1268 945 1299 senex,
966 1240 1070 1292 vehit
1089 1255 1120 1292 si
1140 1253 1223 1305 jam
1235 1265 1429 1297 Dehonatm

107 1321 277 1369 agendis,
299 1334 381 1370 quae
407 1321 602 1364 audiebat,
623 1322 837 1364 interesset,
859 1332 987 1357 amens
1012 1326 1129 1362 metu,
1151 1320 1225 1356 Per
1235 1318 1313 1340 eum
1329 1315 1425 1348 pater.

107 1398 172 1433 ego
192 1390 239 1428 te,
252 1386 389 1434 inquit,
399 1386 475 1434 fili,
497 1397 724 1433 quacumque
732 1384 823 1431 jura
844 1386 970 1421 liberos
979 1383 1141 1432 jungunt
1153 1396 1224 1431 pa-

108 1449 276 1491 rentibus,
296 1461 420 1497 precor
439 1460 634 1497 quaesoque,
655 1461 700 1484 ne
721 1454 806 1484 ante
824 1449 944 1484 oculos
959 1449 1080 1496 patris
1093 1447 1226 1496 facere

102 1518 141 1549 et
154 1514 237 1561 pati
254 1515 374 1549 omnia
400 1512 555 1562 infanda
580 1514 677 1549 velis.
722 1514 857 1549 Paucae
884 1513 979 1549 horae
1002 1517 1098 1554 sunt,
1126 1513 1225 1547 intra

108 1589 195 1625 quas
211 1575 379 1622 jurantes
399 1589 466 1625 per
494 1578 669 1625 quidquid
692 1578 860 1612 Deorum
885 1581 950 1619 est,
979 1577 1114 1612 dextra>
1138 1576 1224 1612 dex-

108 1648 184 1678 tras
193 1641 396 1690 jungentes,
405 1644 523 1692 fidem
538 1643 801 1684 obstrinximus,
819 1647 861 1677 ut
879 1646 1040 1678 sacratas
1046 1642 1127 1690 fide
1146 1653 1223 1676 ma·

107 1717 187 1747 nas,
208 1707 355 1753 digressi
374 1707 416 1742 ab
445 1708 644 1754 conloquia,
674 1706 852 1753 extemplo
885 1707 924 1741 in
952 1717 1033 1740 eum
1061 1716 1224 1740 armare·

107 1781 186 1804 mus
198 1771 219 1803 ἱ)
246 1769 301 1804 Ab
316 1769 484 1817 hospitali
504 1781 622 1804 mensa
636 1771 766 1816 surgis,
782 1770 831 1804 ad
846 1780 954 1816 quam
974 1769 1100 1804 tertius
1117 1768 1224 1803 Cam·-

108 1844 286 1880 panorum
322 1832 503 1868 adhibitus
532 1844 567 1867 es
595 1832 639 1867 ab
668 1832 887 1874 Hannibale,
921 1836 963 1867 ut
998 1843 1077 1867 eam
1109 1833 1225 1879 ipsam

108 1908 269 1932 mensam
284 1901 486 1932 cruentares
499 1896 648 1943 hospitis
661 1898 834 1943 sanguine
846 1898 868 1932 ,9
894 1896 1136 1932 Hannibalem
1152 1908 1222 1943 pa-

112 1965 164 1997 ter
176 1961 262 2009 filio
280 1973 357 1996 meo
372 1963 477 2008 potui
497 1962 660 2009 placare,
677 1961 803 2009 filium
820 1961 1022 1996 Hannibali
1046 1972 1118 1996 non
1139 1972 1223 2008 pos·

106 2036 186 2060 sum
197 2026 217 2060 ,9
229 2025 301 2060 Sed
314 2026 361 2060 sit
375 2025 467 2060 nihil
481 2026 609 2066 sancti,
626 2036 697 2060 non
699 2025 809 2072 fides,
825 2036 897 2060 non
908 2025 1047 2071 religio,
1063 2036 1132 2059 non
1144 2025 1224 2072 pie-

91 2108 94 2111 *
111 2095 166 2125 tas
177 2104 190 2124 .·
208 2089 412 2124 audeantur
426 2088 592 2136 infanda,
607 2091 636 2124 si
650 2100 720 2124 non
735 2090 930 2137 perniciem
943 2089 1041 2125 nobis
1052 2101 1130 2124 cum
1148 2101 1223 2124 sce-

110 2153 182 2188 lere
200 2151 383 2200 adferunt.
436 2153 534 2189 Unus
551 2153 778 2200 adgressurus
795 2164 830 2188 es
843 2153 1086 2190 Hannibalem
1099 2153 1120 2187 ‚9
1137 2153 1226 2200 quid

110 2216 177 2251 illa
206 2215 309 2251 turba
339 2220 391 2251 tot
410 2215 600 2251 liberorum
628 2217 909 2264 servorumque.9
937 2217 1024 2263 quid
1052 2218 1086 2251 in
1112 2228 1224 2252 unum

110 2280 238 2314 intenti
261 2281 418 2315 omnium
445 2281 575 2316 oculi?
603 2281 688 2328 quid
715 2284 768 2315 tot
787 2281 953 2316 dextrae?
981 2285 1224 2328 torpescentne

106 2344 147 2378 in
165 2345 319 2379 amentia
345 2345 445 2380 illa.9
477 2345 623 2381 Vultum
652 2345 762 2392 ipsius
782 2345 1012 2387 Hannibalis,
1034 2356 1137 2392 quem
1161 2357 1222 2380 ar-

174 2405 209 2440 V
213 2419 275 2443 οι.
297 2407 349 2444 11.
664 2408 695 2444 P
