1527 2661
371 186 525 217 LIBER
550 186 620 214 lx.
652 185 759 214 CAP.
781 183 962 213 XXXIV·
1160 181 1213 226 51

155 272 349 312 XXXIV.
380 275 476 312 Haec
495 275 576 310 sine
596 272 707 309 ullius
735 271 897 308 adsensu
917 269 1116 308 cavillante
1135 270 1216 343 Ap·
1227 268 1318 343 Eg
1334 276 1409 344 ἓξὲξ

100 339 179 389 pio,
200 340 272 382 En,
303 340 439 388 inquit,
464 340 635 381 Quirites,
665 337 764 373 illius
782 337 896 384 Appii
919 336 1116 384 progenies,
1138 347 1259 397 ‘Imm
1277 367 1425 406 Sempro-

99 404 274 439 decemvir
302 406 338 439 in
366 416 498 439 annum
518 407 669 444 creatus,
690 401 805 437 altero
833 411 927 436 anno
950 411 991 436 ‘se
1011 401 1086 448 ipse
1113 411 1212 436 crea·
1225 411 1269 440 nii
1286 419 1324 442 tr,
1340 410 1385 449 pl.

96 467 174 502 vit:
203 469 323 509 tertio,
353 479 417 503 nec
448 467 492 503 ab
518 479 568 509 se,
597 478 662 502 nec
689 464 733 500 ab
760 464 838 500 ullo
870 467 1021 506 creatus,
1048 454 1412 527 privatusgfsstlilst’fiig‘m.

87 528 212 578 fasces
230 536 266 566 et
290 532 478 579 imperium
498 530 675 566 obtinuit:
705 539 768 564 nec
787 532 872 564 ante
893 528 1133 564 continuando
1151 527 1213 563 ab-

96 595 192 629 stitit
218 597 448 643 mugistratu,
487 607 594 644 quam
627 594 814 630 obruerent
848 604 929 629 eum
964 593 1058 628 male
1089 596 1213 640 parta,

96 660 191 694 male
205 664 321 706 gesta,
342 660 438 696 male
455 663 594 694 retenta
618 659 782 707 imperia.
824 656 915 693 Haec
932 661 983 693 est
1001 657 1125 693 eadem
1143 655 1214 706 fa-

95 722 211 765 milia,
235 723 404 766 Quirites,
426 721 525 769 cujus
542 724 578 758 vi
596 726 705 770 atque
728 719 870 768 injuriis
886 721 1074 769 compulsi,
1095 726 1213 757 extor-

93 797 150 821 res
176 789 314 834 patria,
349 788 504 824 Sacrum
537 791 694 822 montem
729 786 893 833 cepistis.-
922 785 1008 827 haec,
1046 786 1215 822 adversus

95 861 202 897 quam
234 851 462 887 tribunicium
497 850 675 886 auxilium
709 849 806 885 vobis
837 850 1095 897 comparastis:
1124 848 1211 893 hoec,

90 919 240 962 propter
258 927 365 964 quam
385 917 456 951 duo
475 916 648 951 exercitus
666 914 883 950 Aventinum
897 914 1072 949 insedistis
1084 930 1096 950 .·
1125 913 1211 957 haec,

92 990 170 1026 quae
179 977 358 1026 foenebres
383 981 475 1028 leges
485 997 498 1024 ,-
528 980 614 1021 haec,
635 991 712 1027 quae
736 979 900 1026 agrarias
923 990 1060 1026 semper
1084 979 1212 1027 impu„-

94 1044 220 1079 navit:
249 1044 323 1080 kaec
342 1045 516 1081 connubia
534 1044 693 1080 Patrum
711 1047 746 1078 et
760 1043 875 1091 plebis
894 1044 1112 1091 interrupit:
1140 1043 1214 1079 haec

91 1107 188 1155 plebi
206 1109 411 1146 adcurules
438 1110 672 1156 magistratus
698 1109 765 1143 iter
785 1107 958 1156 obsepsit:
987 1107 1052 1143 boc
1070 1112 1121 1143 est
1147 1120 1213 1144 no-

93 1182 175 1207 men
199 1173 326 1215 multo,
361 1185 469 1221 quam
502 1173 792 1221 Tarquiniorum,
822 1169 988 1220 infestius
1013 1175 1138 1207 vestrae
1166 1172 1211 1208 li-

93 1235 232 1272 bertati.
278 1237 383 1273 Itane
419 1238 574 1279 tandem,
604 1237 675 1284 Ap.
698 1236 841 1278 Claudi,
869 1247 979 1283 quum
1007 1237 1213 1272 centesimus

84 1298 167 1346 jam
186 1313 300 1337 annus
324 1304 372 1337 sit
396 1302 439 1338 ab
457 1302 572 1337 Mam.
592 1301 748 1336 AEmilio
769 1301 955 1342 dictatore,
978 1304 1032 1336 tot
1057 1312 1214 1337 censores

16 1389 18 1397 ,
81 1361 242 1411 fuerint,
286 1365 496 1400 nobilissimi
525 1363 793 1415 fortissimique
827 1363 909 1406 viri,
943 1375 1047 1400 nemo
1090 1376 1212 1400 eorum

91 1428 275 1464 duodecim
295 1429 433 1464 tabulas
452 1429 539 1476 legit
551 1429 572 1464 ,9
598 1440 701 1463 nemo
721 1429 759 1464 id
774 1425 837 1474 jus
855 1438 939 1470 esse,
960 1429 1054 1476 quod
1068 1433 1209 1477 postre-

89 1505 147 1528 mo
163 1495 318 1542 populus
335 1494 509 1541 jussisset,
538 1495 675 1530 sei-vit?
703 1495 818 1530 Immo
843 1506 926 1530 vero
954 1506 1074 1531 omnes
1099 1497 1209 1531 scive-

90 1562 198 1602 runt3
231 1563 266 1594 et
296 1559 377 1594 ideo
405 1559 572 1594 AEmiliae
600 1560 722 1606 potius
754 1559 824 1605 legi
850 1564 1066 1606 paruerunt,
1101 1572 1209 1608 quam

89 1622 147 1657 illi
174 1624 344 1671 antiquoe,
375 1635 446 1672 qua
471 1622 631 1672 primum
659 1635 815 1659 censores
842 1625 956 1659 creati
983 1628 1099 1667 erant,
1124 1626 1210 1673 quia

90 1684 182 1721 hanc
209 1691 427 1734 postremam
450 1685 610 1734 jusserat
637 1687 818 1735 populus:
848 1692 883 1723 et
915 1689 1013 1736 quia,
1042 1687 1100 1724 ubi
1129 1689 1209 1725 duce

89 1753 278 1787 contrariae
303 1753 392 1800 leges
427 1757 523 1794 sunt,
561 1764 696 1799 semper
730 1753 885 1800 antiquie
920 1752 1070 1800 obrogat
1101 1765 1204 1790 nova.

88 1816 149 1850 An
169 1815 233 1851 hoc
252 1816 352 1858 dicis,
374 1817 485 1864 Appi,
506 1828 576 1852 non
600 1819 709 1852 teneri
727 1817 887 1853 AEmilia
906 1818 980 1865 lege
994 1820 1171 1866 populum
1184 1821 1206 1856 ,⁹

86 1891 134 1914 an
162 1880 337 1927 populum
370 1882 493 1922 teneri,
534 1885 567 1915 te
602 1893 713 1916 unum
748 1881 904 1928 exlegem
940 1883 1044 1918 esse?
1077 1883 1206 1919 Tenuit

84 1943 245 1980 AEmilia
274 1945 329 1980 lex
356 1946 528 1980 violentos
556 1946 636 1980 illos
662 1957 833 1987 censores,
856 1945 894 1981 C.
915 1946 1063 1982 Furium
1092 1952 1128 1984 et
1146 1948 1202 1984 M.

91 2008 290 2055 Geganium
301 2025 313 2053 ‚·
343 2011 417 2058 qui,
449 2011 536 2058 quid
573 2012 637 2045 iste
673 2012 905 2057 magistratus
941 2013 977 2046 in
1019 2012 1203 2059 republica

83 2073 173 2108 muli
190 2072 322 2121 facere
344 2079 475 2122 posset,
508 2075 713 2110 indicarunt
729 2091 740 2110 .·
768 2087 890 2122 quum,
915 2077 971 2111 ira
986 2076 1109 2124 finitae
1131 2089 1200 2125 po-

86 2139 237 2180 testatis,
268 2138 383 2174 Mam.
410 2139 620 2181 ,Emiliunb
648 2141 848 2187 principem
876 2142 993 2176 aetatis
1019 2153 1091 2176 suae
1118 2142 1202 2178 belli

84 2201 260 2249 domique,
281 2204 448 2238 aerarium
456 2202 628 2251 fecerunt
642 2220 653 2239 .·
675 2205 789 2239 tenuit
807 2205 969 2251 deinceps
984 2216 1102 2239 omnes
1119 2217 1200 2241 cen-

82 2275 178 2300 sores
202 2266 300 2300 intra
325 2270 465 2302 centum
490 2279 667 2302 annorum
689 2269 872 2315 spatium:
903 2272 996 2303 tenet
1023 2267 1062 2304 C.
1084 2269 1199 2304 Pluu-

87 2330 178 2364 tium
196 2330 368 2378 collegam
388 2335 488 2367 tuum
513 2332 637 2368 iisdem
657 2333 837 2380 auspiciis,
858 2332 978 2368 eodem
995 2330 1081 2378 jure
1099 2344 1197 2369 crea-

610 2394 691 2431 D2
