1527 2661
80 292 122 323 U.
136 292 172 322 C.
189 298 259 323 536.

79 336 116 367 A.
133 335 168 366 C.
187 342 258 368 216.

72 1054 170 1085 Pavor
186 1055 247 1085 Ro—

73 1107 136 1127 mae
153 1107 243 1128 max-

73 1141 168 1171 imus.

274 192 354 234 290
716 193 760 221 r.
785 192 918 222 mvn

273 282 438 326 deerant,
472 283 675 320 dederunt:
708 290 903 334 ceteraque
938 285 1086 335 publice
1115 299 1158 322 ac
1190 286 1361 336 privatim

270 348 506 398 hospitaliter
533 347 655 384 facta:
688 354 956 398 certatumque,
983 363 1030 386 ne
1058 363 1079 385 a
1107 350 1260 387 muliere
1289 351 1362 387 Ca-

269 415 405 450 nusina
435 411 594 463 populus
618 413 829 449 Venusinus
858 414 987 450 officiis
1013 415 1233 452 vinceretur.
1290 415 1360 452 Sed

269 478 416 527 gravius
448 488 542 511 onus
572 475 682 511 Busae
712 476 914 513 multitudo
943 477 1118 521 faciebat,
1146 486 1183 515 et
1204 479 1286 530 jam
1315 479 1363 516 ad

268 542 394 578 decem
411 539 526 576 millia
540 539 736 575 hominum
751 546 869 576 eraut.
925 542 1145 591 Appiusque
1160 548 1198 578 et
1217 543 1358 592 Scipio,

266 614 466 658 postquam
495 605 721 642 incolumem
750 619 829 642 esse
849 606 1006 643 alterum
1035 605 1227 643 consulem
1256 618 1361 642 acce-

267 678 415 721 perunt,
442 670 622 706 nuncium
651 670 839 720 extemplo
869 671 1038 714 mittunt,
1060 676 1209 720 quantae
1237 682 1363 706 secum

265 735 433 786 peditum
460 734 700 782 equitumque
730 735 847 784 copiae
881 741 1027 770 essent:
1059 735 1364 782 sciscitatumque

265 798 389 841 simul,
420 804 544 834 utrum
564 797 765 833 Venusiam
796 798 926 834 adduci
957 799 1175 841 exercitum,
1205 810 1253 834 an
1281 810 1360 834 ma-

264 876 353 899 nere
375 862 527 912 juberet
548 862 726 897 Canusii?
754 862 874 898 Varro
900 863 979 912 ipse
1000 863 1203 898 Canusium
1233 861 1358 911 copias

264 927 453 964 traduxit:
486 925 614 975 etjam
637 925 761 975 aliqua
787 928 926 976 species
948 926 1153 963 consularis
1175 926 1358 962 exercitus

265 998 368 1037 erat,
400 989 660 1038 moenibusque
687 1003 725 1026 se
745 996 858 1033 certe,
879 992 908 1026 si
934 1004 1012 1027 non
1039 991 1164 1034 armis,
1185 989 1231 1026 ab
1251 989 1362 1026 hoste

265 1055 485 1091 videbantur
504 1052 702 1089 defensuri.
758 1053 934 1097 Romam,
960 1068 1008 1090 ne
1035 1056 1102 1091 has
1122 1054 1271 1104 quidem
1300 1066 1358 1090 re-

262 1120 395 1169 liquias
417 1129 608 1168 superesse
628 1118 763 1153 civium
784 1119 1058 1168 sociorumque,
1080 1119 1142 1154 sed
1163 1118 1357 1154 occidione

263 1185 406 1221 occisos
427 1196 512 1218 cum
531 1181 674 1218 duobus
695 1182 918 1218 exercitibus
940 1182 1125 1226 consules,
1147 1182 1358 1231 deletasque

263 1261 391 1286 omnes
428 1248 568 1297 copiaS,
607 1246 771 1283 adlatum
804 1246 937 1283 fuerat.
992 1247 1223 1296 Numquam,
1257 1245 1358 1283 salva

263 1313 368 1356 urbe,
388 1318 537 1348 tantum
556 1312 704 1361 pavoris
723 1311 980 1360 tumultusque
998 1312 1097 1348 intra
1116 1311 1255 1347 moenia
1272 1310 1356 1347 Ro-

260 1391 373 1414 mana
390 1377 484 1412 fuit:
517 1376 643 1424 itaque
668 1375 912 1411 subcumbam
935 1375 1054 1419 oneri,
1081 1388 1201 1424 neque
1227 1375 1358 1423 adgre-

259 1443 339 1479 diar
367 1454 531 1483 narrare,
553 1454 634 1489 quae
660 1440 913 1475 edissertando
942 1441 1088 1475 minora
1114 1452 1200 1475 vero
1220 1439 1356 1475 fecero.

260 1505 424 1542 Consule
462 1504 700 1552 exercituque
736 1504 782 1539 ad
813 1503 1072 1539 Trasimenum
1102 1503 1224 1552 priore
1257 1492 1357 1538 anno

259 1572 410 1612 amisso,
448 1582 525 1604 non
561 1567 693 1603 vulnus
730 1579 840 1617 super
876 1566 1022 1609 ruham,
1061 1567 1124 1602 sed
1160 1566 1356 1616 multiplex

259 1637 395 1679 clades,
426 1649 509 1672 cum
539 1633 682 1670 duobus
713 1633 926 1670 consulibus
948 1633 1021 1668 duo
1050 1632 1262 1668 consulares
1293 1645 1355 1668 ex-

259 1703 394 1738 ercitus
425 1700 549 1736 amissi
586 1698 882 1735 nunciabantur:
914 1710 982 1733 nec
1012 1697 1088 1732 ulla
1117 1696 1199 1746 jam
1235 1703 1356 1733 castra

258 1766 449 1808 Romana,
470 1777 538 1800 nec
559 1764 703 1806 ducem,
724 1776 792 1798 nec
816 1762 973 1798 militem
995 1774 1095 1797 esse:
1127 1760 1354 1797 Hannibalis

259 1830 450 1880 Apuliam,
482 1829 689 1871 Samnium,
720 1840 762 1863 ac
784 1826 866 1877 jam
903 1840 1020 1876 prope
1047 1833 1166 1862 totam
1205 1825 1355 1862 Italiam

260 1895 410 1931 factam.
466 1893 583 1929 Nulla
602 1892 772 1942 profecto
792 1891 863 1928 alia
883 1904 972 1940 gens
999 1898 1105 1927 tanta
1124 1890 1222 1927 mole
1243 1890 1354 1926 cladis

262 1971 339 1996 non
371 1957 507 1994 obruta
536 1963 644 1992 esset.
702 1957 927 2006 Comparem
963 1956 1101 1992 cladem
1132 1956 1178 1992 ad
1197 1955 1354 2004 Rigates

261 2022 401 2060 insulas
428 2020 803 2069 Karthaginiensium
834 2019 969 2069 proelio
994 2019 1118 2055 navali
1149 2025 1353 2068 acceptam,

261 2099 335 2136 qua
352 2086 462 2122 fracti
483 2084 618 2120 Sicilia‘
630 2097 672 2119 ac
693 2083 863 2119 Sardinia
879 2096 1034 2126 cessere,
1055 2083 1142 2118 hinc
1157 2080 1354 2130 vectigales

262 2163 305 2187 ac
325 2149 586 2200 stipendiarios
607 2146 685 2183 fieri
707 2159 745 2183 se
770 2147 869 2196 passi
889 2148 999 2182 sunt?
1028 2152 1093 2182 aut
1110 2157 1273 2196 pugnam
1293 2144 1355 2180 ad-

262 2226 404 2250 versam
424 2214 461 2248 in
481 2211 623 2254 Africa,
645 2212 701 2247 cui
723 2218 853 2260 postea
871 2211 931 2246 hic
958 2211 1036 2260 ipse
1055 2208 1248 2246 Hannibal
1267 2207 1354 2244 sub-

262 2278 414 2314 cubuit?
441 2275 544 2312 nulla
563 2288 607 2311 ex
632 2281 737 2324 parte
757 2274 1014 2326 comparandae
1039 2280 1139 2316 sunt,
1165 2272 1237 2308 nisi
1257 2271 1354 2321 quod

260 2343 404 2380 minore
423 2342 548 2378 animo
567 2339 652 2377 latae
671 2346 768 2376 sunt.
