1527 2661
359 194 513 222 mmm
534 192 678 222 xxm.
711 191 818 220 cAP.
841 193 947 222 x1v.
1128 192 1211 237 519

98 290 172 322 tens
197 297 288 328 sum,
318 286 472 334 effligere
500 288 627 326 morte,
651 288 889 332 praeterquam
917 282 1076 324 honesta,
1104 285 1212 319 etiam

99 352 183 393 leni,
199 362 351 398 possum.
382 350 464 385 Non
480 348 602 385 videbo
616 349 689 396 Ap.
709 347 897 383 Claudium
917 352 951 382 et
973 348 1015 388 Q.
1032 347 1211 391 Fulvium,

95 416 247 451 victoria
264 415 430 450 insolenti
448 414 616 455 subnisus,
633 424 744 460 neque
760 414 900 448 vinctus
914 423 981 460 per
1001 412 1118 447 urbem
1137 412 1213 448 Ro-

95 491 241 515 manam
261 478 433 526 triumphi
451 479 696 526 spectaculum
717 477 857 519 trahar,
875 482 916 512 ut
932 477 1059 512 deinde
1076 477 1114 511 in
1134 489 1213 512 car-

95 555 186 586 cere,
203 548 269 579 aut
287 544 336 579 acl
350 545 478 591 palum
494 544 687 590 deligatus,
706 543 865 578 lacerato
881 542 988 589 virgis
1008 546 1120 589 tergo,
1137 553 1214 577 cer-

92 610 205 644 vicem
232 610 346 644 securi
371 608 545 644 Romanae
569 606 780 654 subjiciam:
807 620 870 643 nec
892 608 988 643 dirui
1006 607 1216 655 incendique

89 674 253 720 patrium
274 671 396 707 videbo
413 687 425 707 .·
453 684 516 707 nec
540 672 624 718 rapi
644 672 692 707 ad
710 675 874 718 stuprum
905 674 1034 705 matres
1056 669 1214 718 Campa·

92 748 170 779 nas,
189 737 424 783 virginesque,
441 741 476 771 et
495 737 664 783 ingenuos
678 747 818 783 pueros.
865 734 1011 777 Albam,
1032 735 1126 770 unde
1145 735 1215 782 ipsi

94 801 237 836 oriundi
255 805 369 842 erant,
391 812 415 835 a
422 799 679 847 fundamentis
701 804 934 848 proruerunt,
955 811 1000 834 ne
1017 800 1150 846 stirpis,
1170 810 1214 834 ne

91 865 262 901 memoria
280 865 460 910 originum
477 875 623 899 suarum
644 868 801 899 exstaret
816 880 828 899 .-
855 863 984 898 nedum
1005 875 1062 898 eos
1080 862 1214 911 Capuae

89 940 259 977 parsuros
295 928 452 970 credam,
488 929 546 964 cui.
582 927 794 975 infestiores,
829 939 938 975 quam
975 927 1212 973 Karthagini,

90 997 184 1028 sunt.
243 992 372 1039 Itaque
399 992 523 1039 quibus
550 991 704 1027 vestram
732 996 816 1027 ante
833 990 924 1039 fato
950 991 1083 1032 cedere,
1106 1002 1213 1038 quam

93 1056 165 1092 haec
185 1061 237 1091 tot
257 1061 331 1091 tam
351 1055 477 1090 acerba
497 1056 655 1097 videant,
677 1057 713 1090 in
736 1056 857 1091 animo
879 1059 930 1090 est
939 1071 953 1098 ,-
982 1055 1025 1089 iis
1044 1056 1141 1101 apud
1158 1065 1214 1089 me

93 1121 196 1156 hodie
223 1121 338 1168 epulae
365 1121 547 1155 instructoe
572 1125 783 1167 paratoeque
811 1124 905 1155 sunt.
953 1119 1107 1154 satiatis
1133 1120 1213 1154 vino

94 1185 238 1232 ciboque
263 1184 434 1231 poculum
462 1184 571 1227 idem,
599 1185 695 1232 quod
723 1184 812 1219 mihi
841 1185 967 1219 datum
985 1182 1121 1231 fuerit,
1143 1184 1212 1218 cir-

92 1248 337 1297 cumferetur:
366 1259 408 1283 ea
437 1250 538 1295 potio
568 1260 695 1296 corpus
724 1249 767 1284 ab
796 1250 972 1289 cruciatu,
1003 1249 1163 1283 animum
1191 1259 1213 1282 a

93 1313 328 1353 contumeliis,
350 1312 480 1353 oculos,
499 1323 615 1354 aures,
638 1325 660 1347 a
679 1313 836 1348 videndis
861 1312 1118 1358 audiendisque
1137 1322 1213 1345 om·—

91 1376 192 1412 nibus
214 1375 347 1411 acerbis
373 1376 610 1423 indignisque,
633 1388 709 1423 quae
735 1380 880 1411 manent
906 1376 1028 1416 victos,
1049 1375 1212 1421 vindica-

92 1440 143 1475 bit
160 1454 171 1475 .·
195 1440 320 1486 parati
340 1443 458 1480 erunt,
480 1440 542 1486 qui
560 1451 691 1486 magno
709 1451 795 1485 rogo
813 1440 851 1474 in
866 1438 1065 1486 propatulo
1083 1438 1213 1473 <edium

93 1515 238 1539 accenso
257 1514 406 1550 corpora
426 1504 592 1538 exanima
608 1501 780 1548 injiciant.
820 1503 910 1538 Haec
928 1514 1000 1538 una
1018 1503 1077 1537 via
1095 1506 1130 1537 et
1149 1501 1212 1537 ho—

92 1572 191 1604 nesta
209 1572 243 1603 et
264 1567 374 1604 libera
393 1569 443 1602 acl
460 1572 610 1603 mortem
628 1583 639 1603 .·
659 1572 693 1603 et
712 1568 782 1615 ipsi
800 1568 970 1602 virtutem
988 1566 1213 1602 mirabuntur

94 1631 220 1672 hostes,
242 1636 275 1667 et
294 1631 481 1666 Hannibal
496 1630 618 1679 fortes
642 1632 753 1666 socios
778 1632 865 1666 sciet
883 1630 927 1666 ab
944 1641 979 1666 se
998 1631 1152 1666 desertos
1170 1642 1213 1664 ac

89 1695 254 1743 proditos
273 1706 354 1729 esse.

156 1756 268 1793 XIV.
312 1756 426 1792 Hanc
459 1756 673 1792 orationem
706 1756 822 1791 Virrii
854 1755 978 1805 plures
1014 1755 1212 1791 audierunt

94 1833 180 1856 cum
200 1820 373 1862 adsensu,
395 1832 507 1868 quam
525 1819 617 1855 forti
637 1820 765 1855 animo
785 1819 837 1861 id,
859 1819 959 1867 quod
979 1817 1209 1868 probabant,

96 1885 250 1933 exsequi
268 1891 487 1934 potuerunt.
526 1883 656 1934 Major
674 1895 759 1933 pars
781 1889 948 1925 senatus,
966 1882 1092 1918 multis
1113 1894 1211 1932 saepe

92 1948 201 1985 bellis
237 1954 431 1997 expertam
468 1947 599 1998 populi
633 1947 800 1984 Romani
834 1947 1074 1983 clementiam
1110 1946 1211 1982 haud

93 2012 301 2049 diffidentes
333 2012 405 2048 sibi
438 2025 589 2061 quoque
616 2011 841 2061 placabilem
871 2012 968 2054 fore,
988 2011 1135 2058 legatos
1165 2010 1211 2046 ad

94 2076 303 2113 dedendam
327 2075 514 2112 Romanis
536 2076 707 2126 Capuam
727 2076 986 2117 decreverunt,
1007 2074 1211 2110 miserunt·

93 2153 178 2189 que.
225 2140 380 2176 Vibium
399 2139 566 2175 Virrium
589 2145 732 2189 septem
753 2147 791 2174 et
809 2139 944 2188 viginti
964 2137 1082 2174 ferme
1101 2149 1210 2172 sena—

94 2211 196 2240 tores
227 2203 381 2239 domum
410 2203 529 2239 secuti
558 2209 660 2246 sunt,
691 2202 907 2252 epulatique
937 2214 1022 2237 cum
1051 2213 1120 2245 θος
1158 2206 1208 2243 et,

96 2278 280 2320 quantum
291 2271 416 2306 facere
431 2276 649 2320 potuerant,
663 2269 835 2306 alienatis
852 2268 1042 2305 mentibus
1060 2268 1147 2303 vino
1163 2266 1210 2303 ab

97 2336 316 2373 inminentis
343 2348 456 2373 sensu
480 2335 584 2380 mali,
605 2348 790 2373 venenum
810 2347 940 2373 omnes
968 2339 1209 2370 sumserunt:

1226 294 1268 324 U.
1279 293 1316 325 C.
1334 300 1406 325 541.

1224 339 1265 368 A.
1279 337 1317 369 C.
1333 344 1408 369 211.

1224 1887 1330 1926 Legati
1347 1892 1389 1919 ad

1225 1930 1388 1964 Romanos

1225 1982 1324 2004 missu.

1223 2148 1343 2180 Vinius
1358 2159 1389 2181 et

1223 2191 1274 2221 alii
1287 2202 1413 2225 senato-

1223 2244 1270 2264 res
1286 2245 1382 2266 vene-

1224 2287 1305 2308 num
1325 2289 1378 2310 su·

1224 2328 1332 2353 munt.
