1527 2661
386 231 541 262 nmen
564 228 711 258 xxvr.
742 226 850 256 cAr.
872 226 954 256 xx„
1155 220 1241 267 555

110 332 183 370 tes,
203 332 241 362 et
262 336 375 376 prora
387 321 470 374 jam
496 320 796 358 Tarentinorum
815 323 927 359 esset,
948 315 1106 366 puppim
1130 312 1229 350 male
1242 323 1336 355 U.C.
1351 330 1425 355 542.

111 388 332 439 conglobati
347 393 544 424 tuerentur
558 384 728 421 Romani
742 399 752 429 3
775 387 933 432 repente
949 386 986 416 et
1002 379 1076 416 alia
1091 392 1113 415 a
1131 391 1229 428 pup-
1241 368 1279 398 A·
1290 367 1328 399 C·
1341 374 1416 398 ²¹⁰·

111 454 149 504 pi
168 452 330 489 triremis
349 451 519 487 hostium
537 448 722 499 adparuit.
783 446 845 482 Ita
865 445 905 481 in
924 443 1049 481 medio
1069 443 1230 478 circum-

109 522 225 553 venta
242 515 421 552 Romana
438 515 544 551 navis
565 513 714 563 capitur
729 526 736 548 :
768 511 859 547 hinc
874 509 1007 547 ceteris
1029 514 1152 543 terror
1170 507 1230 543 in-

104 579 247 630 jectus,
268 585 311 616 ut
332 579 550 630 praetoriam
575 589 711 614 navem
730 581 880 627 captam
898 574 1048 619 videre3
1079 571 1231 620 fugien-

107 650 242 694 tesque
270 645 424 695 passim,
445 643 528 679 aliae
556 643 596 679 in
625 641 704 678 alto
733 653 878 683 mersae,
910 638 992 676 aliae
1021 639 1061 674 in
1089 643 1231 673 terram

106 709 219 745 remis
241 708 421 759 abreptae,
437 721 527 744 mox
545 707 682 758 praedae
701 706 808 743 fuere
822 704 1003 741 Thurinis
1020 702 1229 752 Metapon-

106 773 284 822 tinisque.
339 773 402 810 Ex
424 772 620 815 onerariis,
642 785 725 821 quae
745 784 832 808 cum
851 775 1068 807 commeatu
1095 779 1229 816 seque-

105 835 261 881 bantur,
291 849 488 888 perpaucae
520 837 560 872 in
595 842 826 887 potestatem
861 835 1031 871 hostium
1066 844 1226 868 venere:

106 900 204 944 aliae,
237 902 286 939 ad
310 903 482 939 ‘incertos
512 906 645 937 ventos
674 901 764 936 hinc
793 906 908 949 atque
940 898 1044 935 illinc
1073 896 1230 945 obliqua

105 965 375 1002 transferentes
404 965 501 1008 vela,
521 966 561 1000 in
589 964 710 999 altum
739 970 879 1000 evectae
912 969 1013 999 sunt.
1071 961 1229 1010 Nequa-

107 1040 220 1077 quam
248 1029 331 1078 pari
349 1028 506 1065 fortuna
532 1039 600 1077 per
629 1039 693 1062 eos
724 1026 802 1063 dies
825 1026 985 1063 Tarenti
1013 1036 1072 1060 res
1093 1029 1201 1072 gesta
1216 1039 1234 1061 :-

105 1104 195 1128 nam
214 1093 261 1128 ad
276 1098 440 1141 quatuor
455 1091 575 1128 millia
592 1091 794 1127 hominum
808 1090 1084 1127 frumentatum
1099 1100 1226 1137 egres-

105 1168 160 1200 sa,
185 1169 301 1206 quum
330 1158 369 1193 in
399 1158 498 1206 agris
527 1157 669 1207 passim
697 1161 951 1204 vagarentur-3
983 1154 1131 1198 Livius,
1162 1152 1228 1202 qui

105 1220 182 1256 arci
208 1221 459 1270 praesidioque
483 1219 663 1256 Romano
688 1225 862 1270 praeerat,
884 1219 1051 1255 intentus
1078 1218 1117 1254 in
1144 1230 1227 1254 om-

103 1295 170 1320 nes
208 1285 426 1321 occasiones
457 1284 630 1333 gerendae
659 1284 728 1327 rei,
753 1283 797 1320 C.
827 1283 1014 1326 Persium,
1034 1282 1227 1332 inpigrum

105 1349 241 1393 virum,
279 1363 365 1387 cum
403 1350 548 1387 duobus
582 1348 748 1386 millibus
786 1355 1020 1385 armatorum
1056 1361 1104 1384 ex
1139 1360 1226 1385 arce

105 1414 251 1450 emisit:
284 1415 362 1464 qui,
382 1427 477 1463 vage
497 1414 634 1450 effusos
654 1425 721 1464 per
740 1425 851 1461 agros
867 1411 1093 1462 palatosque
1112 1412 1224 1449 ador-

101 1482 177 1520 tus,
198 1490 314 1526 quum
333 1479 397 1514 diu
425 1479 565 1529 passim
594 1477 804 1520 cecidisset,
834 1489 975 1527 paucos
1004 1489 1051 1513 ex
1079 1476 1223 1521 multis,

101 1540 248 1590 trepida
261 1540 354 1590 fuga
372 1541 580 1578 incidentes
599 1541 833 1591 semiapertis
850 1546 1046 1590 portarum
1060 1539 1222 1585 foribus,

100 1604 142 1640 in
160 1603 293 1642 urbem
312 1605 509 1656 compulit,
531 1619 580 1641 ne
599 1604 687 1641 urbs
707 1605 841 1641 eodem
860 1605 993 1654 inpetu
1012 1610 1222 1653 caperetur.

103 1667 165 1704 Ita
193 1676 350 1718 aequatae
376 1683 433 1706 res
463 1671 510 1706 ad
530 1670 765 1715 Tarentum5
797 1668 985 1704 Romanis
1012 1667 1220 1705 victoribus

102 1740 216 1776 terra,
236 1733 455 1770 Tarentinis
475 1734 592 1770 mari:
624 1733 808 1769 frumenti
826 1745 926 1784 spes,
942 1745 1025 1783 quae
1045 1733 1085 1768 in
1101 1732 1221 1769 oculis

102 1796 240 1842 fuerat,
256 1804 443 1848 utrosque
461 1799 642 1835 frustrata
660 1799 814 1848 pariter·

156 1862 244 1899 XL.
273 1862 346 1899 Per
366 1863 464 1900 idem
483 1870 632 1914 tempus
653 1863 829 1899 Laevinus
850 1862 996 1906 consul,
1010 1861 1094 1912 jam
1112 1874 1220 1912 mag-

101 1938 152 1963 na
169 1933 278 1977 parte
303 1929 394 1964 anni
414 1929 655 1971 circumacta,
675 1928 716 1963 in
736 1926 917 1970 Siciliam,
940 1927 1127 1964 veteribus
1147 1940 1218 1964 no·
1232 1933 1294 1965 Res
1311 1934 1345 1965 in
1357 1934 1438 1966 Sici.

101 1990 232 2038 visque
251 1991 362 2027 sociis
383 1997 637 2041 exspectatus,
658 2003 772 2040 quum
792 1990 971 2033 venisset,
992 1991 1155 2041 primum
1175 2004 1218 2028 ac
1230 1977 1274 2009 ΠΕ
1288 1984 1394 2019 gestae.

102 2053 342 2102 potissimum
368 2055 537 2090 omnium
563 2061 680 2098 ratus,
702 2054 896 2103 Syracusis
922 2066 1023 2090 nova
1047 2067 1140 2104 pace
1159 2056 1219 2092 in-

98 2116 272 2153 conditas
307 2130 535 2167 componere
570 2130 641 2155 res.
691 2118 947 2166 Agrigentum
984 2118 1071 2154 inde
1099 2119 1219 2168 (quod

98 2180 190 2218 belli
219 2181 408 2231 reliquum
436 2189 530 2226 erat,
560 2183 835 2232 tenebaturque
865 2196 888 2219 a
916 2182 1220 2233 Karthaginien—

102 2244 200 2281 sium
217 2245 342 2282 valido
369 2247 563 2297 praesidio)
584 2247 694 2284 duxit
718 2246 910 2296 legiones:
943 2253 981 2283 et
999 2246 1122 2284 adfuit
1139 2247 1220 2285 for-

99 2314 195 2345 tuna
212 2310 379 2360 incepto.
433 2311 580 2348 Hanno
596 2317 678 2348 erat
696 2312 904 2362 imperator
915 2311 1220 2361 Karthaginien-

95 2372 208 2418 sium,
228 2373 294 2411 sed
308 2387 460 2414 omnem
479 2376 519 2414 in
536 2376 690 2414 Mutine
704 2374 960 2427 Numidisque
973 2388 1088 2428 spem
1106 2387 1217 2427 repo-

599 2440 633 2477 B
651 2440 676 2478 b
695 2441 719 2478 2
