1527 2661
438 240 595 269 LIBER
620 239 668 267 X.
700 238 807 268 CAP.
831 238 936 267 XLI.
1163 237 1241 280 133

133 328 270 365 furiale
298 341 464 371 carmen,
485 327 716 364 detestandae
744 326 898 363 familiae
927 317 1112 376 stirpique
1140 338 1244 363 com·
1258 336 1351 368 U,C‚
1369 343 1443 370 4⁵9.

133 393 299 444 positum
317 408 324 430 ε
357 393 415 429 his
436 391 594 429 vinculis
614 392 714 441 fugae
735 391 910 428 obstricti
937 390 1105 434 stabant,
1126 391 1248 427 civem
1261 380 1300 411 A·
1313 380 1351 410 C·
1368 386 1444 414 29³²

134 457 268 506 magis,
290 470 402 506 quam
428 457 594 499 hostem,
621 457 812 492 timentes,
871 454 1020 490 Instare
1048 454 1248 490 Romanus

134 533 158 556 a
176 531 303 557 cornu·
325 527 500 570 utroque,
522 533 545 556 a
575 520 701 556 media
731 520 825 562 acie,
852 524 891 555 et
917 518 1060 555 caedere
1078 518 1252 555 Deorum

135 583 409 633 hominumque
436 583 630 620 adtonitos
654 590 782 619 metu:
816 589 1049 632 repugnatur
1068 583 1250 631 segniter,

136 654 179 684 ut
198 649 245 685 ab
266 650 325 692 iis,
347 661 442 698 quos
462 649 578 684 timor
603 654 816 684 moraretur
835 660 858 683 a
876 647 980 696 fuga.
1024 646 1047 683 J
1052 659 1112 683 am
1132 652 1252 697 prope

135 712 183 749 ad
202 713 312 762 signa
331 713 450 749 caedes
472 718 707 762 pervenerat,
729 725 846 761 quum
865 724 911 747 ex
931 719 1148 748 transverso
1168 710 1253 761 pul-

135 776 206 819 vis,
226 776 327 812 velut
350 777 515 825 ingentis
544 776 704 824 agminis
728 776 877 811 incessu
904 782 1044 818 motus,
1067 776 1252 825 adparuit.

134 838 202 889 Sp.
231 839 398 876 Nautius
431 838 654 886 (Octavium
682 838 848 874 Bletium
878 839 1030 887 quidam
1060 852 1145 875 eum
1176 846 1253 875 tra-

137 902 249 949 dunt)
272 904 347 940 dux
377 903 541 939 alaribus
571 902 793 939 cohortibus
815 909 918 938 erat:
951 902 1145 952 pulverem
1173 915 1254 939 ma-

133 964 274 1016 jorem,
309 980 422 1016 quam
456 980 526 1017 pro
559 979 733 1009 numero,
768 966 1011 1002 excitabant:
1047 966 1254 1002 insidentes

140 1030 251 1068 mulis
281 1031 434 1076 calones
465 1031 670 1067 frondosos
700 1043 826 1066 ramos
857 1043 923 1080 per
955 1038 1093 1067 terram
1127 1031 1255 1066 trahe-

141 1094 258 1131 bant:
291 1109 396 1133 arma
414 1097 597 1145 signaque
618 1108 685 1146 per
713 1095 904 1132 turbidam
930 1095 1052 1132 lucem
1072 1097 1112 1131 in
1132 1096 1256 1145 primo

141 1160 397 1209 adparebant:
429 1168 518 1211 post
546 1161 660 1197 altior
680 1161 905 1208 densiorque
938 1159 1064 1210 pulvis
1086 1160 1257 1209 equitum

141 1225 306 1273 speciem
336 1227 554 1275 cogentium
583 1239 719 1274 agmen
749 1226 875 1262 dabat.
917 1226 1150 1277 ‚Fefellitque
1176 1238 1256 1261 non

144 1288 332 1325 Samnites
352 1292 480 1334 modo,
502 1291 567 1327 sed
586 1292 701 1327 etiam
722 1290 920 1327 Romanos
940 1306 947 1326 :
981 1297 1019 1327 et
1039 1291 1171 1327 consul
1191 1291 1258 1327 ad-

144 1351 309 1389 firmavit
325 1367 505 1399 errorem,
523 1356 721 1392 clamitans
742 1357 841 1392 inter
860 1356 981 1405 prima
1001 1357 1124 1403 signa,
1145 1356 1199 1391 ita
1218 1362 1260 1391 ut

143 1429 217 1452 vox
231 1418 345 1453 etiam
361 1419 407 1455 ad
422 1420 550 1455 hostes
567 1420 768 1461 accideret,
791 1425 938 1468 captum
956 1420 1170 1462 Cominium,
1185 1422 1258 1456 vic-

144 1485 255 1517 torem
292 1483 467 1530 collegam
503 1485 645 1529 adesse3
687 1485 938 1519 adniterentur
973 1486 1113 1520 vincere
1142 1486 1257 1532 prius,

142 1557 250 1593 quam
276 1547 396 1593 gloria
429 1548 577 1584 alterius
595 1550 768 1584 exereitus
784 1550 905 1597 fieret.
964 1548 1059 1583 Haec
1094 1548 1259 1584 insidens

144 1621 265 1658 equo:
299 1611 386 1647 inde
419 1613 582 1648 tribunis
619 1613 982 1661 centurionibusque
1012 1614 1187 1662 imperat,
1219 1620 1260 1648 ut

143 1674 244 1710 viam
273 1676 462 1724 equitibus
492 1677 738 1726 patefaciant
792 1677 878 1726 lpse
908 1677 1105 1712 Trebonio
1136 1677 1260 1712 Caedi-

146 1739 283 1787 cioque
315 1741 553 1789 praedixerat,
591 1747 647 1784 ut,
687 1741 751 1777 ubi
789 1753 828 1777 se
865 1741 1057 1790 cuspidem
1096 1748 1260 1777 erectam

147 1803 382 1850 quatientem
410 1806 606 1848 vidissent,
641 1812 783 1854 quanta
819 1806 983 1841 maxima
1016 1806 1051 1840 vi
1089 1814 1259 1854 possent,

150 1868 388 1904 concitarent
417 1870 561 1918 equites
591 1871 628 1905 in
655 1871 816 1906 hostem.
864 1870 924 1905 Ad
954 1877 1087 1905 nutum
1118 1871 1263 1913 omnia,

150 1937 192 1966 ut
211 1944 256 1967 ex
285 1939 373 1968 ante
398 1941 624 1983 praeparato,
647 1934 764 1970 fiunt:
798 1935 1016 1984 panduntur
1042 1935 1141 1970 inter
1161 1935 1261 1970 ordi-

148 2006 214 2030 nes
246 1996 337 2031 viae:
370 1997 544 2046 provolat
571 2010 698 2046 eques,
727 2006 840 2046 atque
867 1997 1014 2033 infestis
1045 1998 1261 2047 cuspidibus

150 2059 190 2094 in
209 2061 374 2096 medium
402 2074 536 2110 agmen
568 2063 734 2097 hostium
764 2063 862 2097 ruit:
897 2063 1179 2111 perruuqiitqm·
1200 2076 1262 2098 or-

148 2123 270 2166 dines,
300 2137 536 2175 quacumque
569 2127 739 2175 inpetum
768 2126 892 2162 dedit:
926 2127 1070 2161 instant
1106 2127 1263 2163 Volum-

152 2189 236 2224 nius
266 2195 303 2224 et
333 2189 475 2239 Scipio,
507 2197 543 2226 et
573 2190 765 2240 perculsos
796 2197 982 2226 sternunt.
1039 2191 1152 2234 Tum,
1180 2190 1263 2241 jam
1276 2201 1358 2231 Victi
1376 2201 1468 2232 Sam-

156 2251 326 2289 Deorum
356 2254 629 2303 hominumque
660 2256 759 2290 victa
788 2255 836 2297 vi,
858 2254 1069 2290 funduntur
1098 2255 1264 2292 linteatae
1277 2247 1370 2279 nites.

155 2317 353 2353 cohortes:
394 2319 536 2367 pariter
565 2319 686 2369 jurati
724 2318 955 2367 injuratique
992 2318 1159 2367 fugiunt,
1194 2333 1264 2357 nec

150 2394 390 2432 quemquam,
418 2390 554 2434 praeter
581 2384 726 2426 hostes,
758 2390 944 2420 metuunt.
994 2383 1170 2420 Peditum
1195 2384 1264 2434 agL
