1527 2661
288 173 441 202 LIBER
465 169 608 199 XXIV·
641 167 748 196 CAP·
772 166 894 194 XXX.
1063 163 1145 207 407

32 264 273 300 nunciandum
300 263 412 309 igitur
439 263 489 296 eis
517 271 601 300 esse,
633 258 826 294 Leontinos
847 268 983 304 quoque
1010 268 1150 304 aequum
1163 269 1254 300 ας,
1269 273 1342 299 533.

34 339 171 364 censere
190 327 314 363 liberos
328 337 398 361 esse
414 341 426 368 ,-
445 325 502 360 vel
517 323 611 372 quod
631 323 667 357 in
684 322 759 356 solo
779 320 876 356 urbis
891 332 963 356 suae
979 325 1152 368 tyrannus
1164 314 1202 344 A·
1218 313 1255 343 C·
1270 318 1344 342 2¹4·

34 392 214 433 ceciderit,
234 391 290 426 vel
305 389 460 438 quodibi
476 390 636 436 primum
655 386 920 422 conclamatum
940 385 989 420 acl
1009 385 1152 420 liberta-

36 460 119 498 tem,
139 456 339 502 relictisque
358 455 467 502 regiis
483 452 630 489 ducibus
649 451 847 499 Syracusas
867 451 915 485 sit
933 461 1154 485 concursum.

36 520 164 567 Itaque
182 525 246 556 aut
261 520 485 555 eximendam
500 519 539 554 id
559 519 603 553 de
611 515 755 565 foedere
769 526 852 556 esse,
870 519 935 550 aut
951 516 1062 561 Iegem
1077 525 1157 549 eam

25 583 176 634 soederis
192 596 262 620 non
281 584 538 632 accipiendam.
594 580 723 616 Facile
747 579 981 615 multitudini
1002 590 1156 627 persua-

37 660 145 684 sum:
174 648 387 697 legatisque
413 648 750 696 Syracusanorum,
772 650 809 680 et
829 643 874 679 de
901 643 1001 679 caede
1021 642 1156 678 statio-

39 713 96 748 nis
132 712 321 749 Romanae
358 710 618 760 querentibus,
657 716 695 746 et
729 708 1007 759 Hippocratem
1045 714 1159 756 atque

38 777 248 827 Epicydem
274 777 378 813 abire
406 788 471 812 seu
502 775 662 818 Locros,
690 787 755 810 seu
783 786 859 822 quo
885 773 960 809 alio
988 773 1161 818 mallent,

41 840 247 877 dummodo
276 840 406 877 Sicilia
430 840 621 882 cederent,
644 837 886 888 jubentibus,
905 837 1084 873 ferociter
1102 851 1162 874 re-

42 917 223 955 sponsum
251 912 334 941 est:
367 906 493 953 Neque
524 905 713 940 mandasse
740 915 812 938 sese
840 903 1088 950 Syracusanis,
1123 906 1163 938 ut

36 981 164 1017 pacem
178 981 248 1017 pro
265 981 302 1006 se
321 982 400 1005 cum
415 969 590 1004 Romanis
597 967 793 1016 facerent:
811 978 921 1014 neque
941 968 1054 1002 teneri
1073 967 1161 1002 alie-

40 1032 314 1080 nisfoederibns.
371 1033 467 1069 Haec
487 1033 534 1069 ad
551 1031 749 1068 Romanos
771 1031 997 1080 Syracusani
1017 1030 1163 1067 detule-

42 1103 146 1140 runt,
166 1097 374 1134 abnuentes
402 1099 596 1134 Leontinos
622 1099 659 1132 in
677 1109 742 1132 sua
766 1100 945 1144 potestate
969 1107 1040 1131 esse
1052 1113 1064 1132 .·
1092 1098 1164 1131 ita-

44 1174 112 1210 que
130 1164 267 1210 integro
285 1175 402 1198 secum
421 1162 563 1211 foedere
581 1161 711 1197 bellam
734 1161 912 1196 Romanos
931 1172 1011 1196 cum
1031 1162 1073 1196 iis
1087 1172 1166 1208 ges-

46 1230 142 1261 turos
155 1243 167 1262 .·
195 1239 305 1275 neque
329 1239 401 1262 sese
426 1225 614 1274 defuturos
642 1227 674 1261 ei
703 1224 794 1260 bello
809 1240 821 1267 ,-
851 1225 906 1259 ita
925 1229 966 1259 ut
984 1225 1021 1259 in
1046 1230 1166 1272 potes-

46 1294 157 1325 tatem
175 1292 314 1327 redacti
330 1303 402 1327 sace
419 1303 541 1326 rursus
566 1291 712 1326 ditionis
729 1293 853 1331 essent,
872 1289 965 1325 sicut
991 1302 1065 1337 pax
1083 1301 1165 1325 con-

43 1356 203 1390 venisset.

100 1417 238 1453 XXX.
267 1416 472 1453 Marcellus
493 1430 579 1452 cum
599 1417 701 1452 omni
724 1417 892 1452 exercitu
912 1415 1104 1465 profectus
1126 1417 1162 1452 in
1178 1416 1350 1447 Leontino-

48 1480 277 1524 Leontinos,
293 1481 421 1530 Appio
441 1493 591 1530 quoque
610 1480 751 1522 adcito,
772 1486 815 1515 ut
833 1479 952 1515 altera
971 1487 1078 1529 parte
1097 1480 1162 1516 ad·
1176 1459 1341 1533 ῙᾟΞεὲἷᾷς
1355 1468 1373 1488 a

50 1545 281 1594 grederetur‚
302 1552 412 1581 tanto
436 1545 568 1581 ardore
587 1544 750 1581 militum
770 1550 827 1579 est
852 1556 940 1579 usus
962 1543 1009 1580 ab
1029 1544 1085 1580 ira
1104 1545 1162 1580 in·
1177 1553 1280 1586 capta.

50 1616 107 1645 ter
119 1609 356 1645 conditiones
370 1610 471 1659 pacis
486 1609 695 1645 interfectae
709 1608 900 1651 stationis,
915 1614 956 1643 ut
968 1608 1092 1658 primo
1106 1609 1164 1644 in-

50 1679 140 1724 petu
154 1672 286 1709 urbem
301 1679 575 1723 expugnarent.
613 1672 869 1722 Hippocrates
890 1679 1004 1720 atque
1024 1672 1166 1721 Epicy-

52 1737 131 1779 des,
153 1743 354 1786 postquam
373 1738 457 1786 capi
479 1748 606 1772 muros
627 1735 858 1784 refringique
878 1741 1005 1785 portas
1027 1737 1167 1781 videre,

55 1802 93 1837 in
112 1814 237 1837 arcem
257 1813 336 1837 sese
356 1814 442 1836 cum
461 1801 589 1851 paucis
610 1812 803 1849 recepere:
833 1799 920 1835 inde
941 1799 1036 1835 clam
1056 1807 1181 1839 nocte.

55 1865 291 1902 Herbessum
316 1865 547 1916 perfugiunt.
606 1864 865 1913 Syracusanis,
894 1870 983 1900 octo
1010 1864 1169 1901 millium

56 1936 287 1967 armatorum
315 1927 464 1978 agmine
492 1928 672 1979 profectis
699 1929 826 1971 domo,
854 1928 901 1964 ad
928 1928 1076 1978 Mylam
1100 1929 1171 1965 flu-

55 2007 142 2032 men
166 1995 326 2031 nuncius
356 1994 540 2036 obcurrit,
567 2000 717 2044 captam
744 1992 875 2029 urbem
904 2005 1010 2038 esse3
1045 2000 1171 2029 cetera

56 2058 153 2095 falsa
180 2059 300 2094 mixta
318 2057 414 2093 veris
443 2057 590 2094 ferens:
626 2057 765 2094 caedem
794 2057 1046 2107 promiscuam
1074 2057 1173 2092 mili-

58 2129 141 2160 tum
160 2128 273 2173 atque
293 2123 569 2173 oppidanorum
588 2121 742 2165 factam,
762 2134 832 2157 nec
857 2133 1084 2170 quemquam
1104 2134 1175 2171 pu-

58 2187 188 2224 berem
213 2187 388 2224 arbitrari
418 2199 637 2237 superesse:
671 2186 854 2235 direptam
882 2185 1040 2221 urbem:
1072 2184 1176 2221 bona

62 2250 307 2300 locupletium
327 2251 478 2287 donata.
526 2250 584 2286 Ad
601 2250 781 2285 nuncium
801 2255 879 2284 tam
896 2255 1064 2284 atrocem
1085 2261 1175 2284 con-

63 2315 162 2351 stitit
184 2327 320 2364 agmen
335 2331 345 2361 3
379 2315 655 2364 concitatisque
683 2313 873 2356 omnibus,
902 2312 1028 2355 duces,
1053 2312 1174 2359 (erant
