1527 2661
92 284 136 315 U.
151 286 262 317 C.540

93 330 134 359 A.
149 330 186 361 C.
202 337 261 360 212

91 718 153 749 Re<
172 720 272 750 de‘flr-

87 768 140 794 tur
152 764 190 794 ad
202 764 259 804 Epi

88 808 216 846 cydein.

284 179 378 225 470
755 183 801 214 Τ.
830 186 961 216 mvn

266 276 503 313 admissum.
552 274 686 311 Servus
708 288 802 312 unus
825 277 1010 321 exsulum,
1032 291 1102 329 pro
1127 280 1325 331 transfuga
1343 280 1404 320 in-

268 341 484 377 ·tromissus
512 340 550 376 in
577 339 723 384 urbem,
745 342 942 377 conventis
969 344 1112 392 pauCIS,
1133 345 1284 382 initium
1308 361 1402 384 con-

286 405 466 455 loquendi
494 405 538 442 de
564 404 632 441 tali
657 418 697 441 re
717 405 830 441 fecit:
863 406 998 442 deinde
1023 407 1063 443 in
1088 410 1293 458 piscatoria
1319 412 1404 461 qui-

286 471 372 507 dam
392 470 493 512 navi,
514 469 656 506 retibus
678 471 815 519 operti,
837 471 1153 522 circumvectique
1173 475 1226 510 ita
1253 476 1298 511 ad
1320 489 1402 513 cas-

284 542 346 572 tra
362 534 554 576 Romana,
576 534 843 583 conlocutique
870 548 955 571 cum
980 537 1210 586 transfugis:
1245 545 1282 574 et
1301 540 1402 578 idem

286 600 421 650 saepius
452 599 582 636 eodem
615 600 728 635 modo
763 598 826 635 alii
860 606 973 649 atque
1008 601 1094 638 alii:
1127 609 1321 652 postremo
1354 603 1403 642 ad

286 665 487 712 octoginta
506 664 608 699 facti.
666 664 732 706 Et,
749 677 864 712 quum
877 664 961 714 jam
979 667 1193 716 composita
1208 669 1337 704 omnia
1356 668 1405 706 ad

286 729 541 778 proditionem
564 734 704 771 essent,
726 729 868 764 indicio
888 729 1014 766 delato
1038 731 1085 766 ad
1104 731 1312 781 Epicydem
1337 745 1405 782 per

286 795 458 832 Attalum
485 795 698 844 quemdam,
726 794 990 845 indignantem
1020 795 1092 832 sibi
1117 809 1196 832 rem
1221 797 1408 834 creditam

285 874 365 899 non
396 873 489 903 esse,
521 861 645 896 necati
676 872 807 896 omnes
839 872 922 895 cum
957 862 1126 896 cruciatu
1158 868 1259 898 sunt.
1315 862 1406 898 Alia

286 926 445 962 subinde
467 937 564 974 spes,
587 930 789 973 postquam
812 923 893 959 haec
912 937 1010 960 vana
1036 932 1219 968 evaserat,
1241 926 1400 976 excepit.

284 990 498 1039 Damippus
526 988 678 1036 quidam
704 987 1032 1030 Lacedaemonius,
1057 989 1192 1024 missus
1219 989 1267 1025 ab
1289 989 1403 1039 Syra-

285 1055 383 1092 cusis
411 1053 458 1089 ad
478 1052 696 1101 Philippum
723 1063 866 1099 regem,
895 1058 1026 1101 captus
1053 1052 1100 1088 ab
1122 1052 1306 1089 Romanis
1333 1067 1403 1090 na-

282 1119 390 1156 vibus
412 1124 514 1154 erat:
548 1115 659 1166 hujus
689 1117 820 1165 utique
839 1116 1045 1153 redimendi
1074 1123 1112 1153 et
1130 1117 1310 1168 Epicydae
1336 1132 1404 1155 cu·

282 1196 325 1220 ra
340 1187 421 1219 erat
436 1182 568 1230 ingens
583 1197 593 1226 3
615 1193 684 1217 nec
702 1180 836 1217 abnuit
851 1180 1072 1224 Marcellus,
1086 1180 1170 1231 jam
1189 1188 1270 1218 tum
1282 1181 1403 1219 AEto·

282 1248 420 1290 lorum,
442 1245 548 1297 cujus
569 1246 692 1294 gentis
714 1245 807 1282 socii
823 1245 1104 1282 Lacedaemonii
1125 1252 1247 1289 eraut,
1269 1247 1399 1283 amici·

280 1312 377 1348 tiam
396 1309 674 1347 adfectantibus
690 1309 890 1348 Romanis.
937 1310 998 1346 Ad
1019 1310 1264 1360 conloquium
1280 1311 1325 1348 de
1340 1323 1405 1348 re·

282 1376 501 1426 demptione
521 1373 601 1425 ejus
629 1375 767 1419 missis,
789 1374 932 1411 medius
952 1376 1117 1412 maxime
1143 1381 1256 1425 atque
1286 1376 1399 1413 utris-

281 1453 355 1489 que
371 1446 607 1490 opportunus
625 1439 745 1483 locus,
763 1440 808 1476 ad
826 1446 978 1491 portum
994 1439 1267 1489 Trogiliorum,
1283 1453 1400 1491 prop-

281 1510 340 1542 ter
357 1505 506 1548 turrim,
528 1517 640 1554 quam
665 1512 805 1540 vocant
825 1503 1067 1552 Galeagram,
1088 1509 1145 1539 est
1166 1504 1289 1540 visus:
1322 1517 1399 1553 quo

283 1582 399 1619 quum
437 1570 572 1619 saepius
606 1575 876 1611 commearent,
909 1581 1005 1604 uuus
1041 1581 1086 1604 ex
1115 1567 1316 1611 Romanis,
1352 1582 1399 1606 ex

281 1634 498 1685 propinquo
513 1646 663 1669 murum
679 1632 972 1682 contemplatus,
990 1633 1224 1668 numerando
1240 1632 1397 1682 lapides,

283 1697 581 1745 aestimandoque
607 1698 686 1746 ipse
717 1709 857 1739 secum,
887 1696 976 1745 quid
1006 1696 1045 1732 in
1072 1696 1198 1732 fronte
1224 1704 1402 1746 paterent>

282 1761 436 1810 singuli,
459 1760 696 1796 altitudinem
718 1761 828 1803 muri,
851 1769 1033 1808 quantuni
1054 1760 1225 1809 proxime
1246 1760 1402 1810 conjec-

282 1832 367 1861 tura
398 1832 563 1875 poterat,
594 1837 828 1875 permensus,
858 1824 1173 1873 humilioremque
1202 1824 1405 1873 aliquanto

279 1890 442 1940 pristina
472 1890 653 1940 opinione
684 1902 752 1925 sua
781 1896 819 1925 et
848 1896 1059 1925 ceterorum
1089 1890 1258 1925 omnium
1295 1896 1400 1925 ratus

280 1967 375 1997 esse,
397 1960 434 1990 et
452 1953 512 1990 vel
530 1953 783 1990 mediocribus
804 1953 913 1989 scalis
934 1953 1200 2003 superabilem,
1220 1954 1274 1990 ad·
1289 1953 1403 1989 Mar-

280 2018 415 2054 cellum
432 2030 510 2053 rem
521 2017 656 2054 defert.
705 2017 821 2053 Haud
836 2017 1045 2067 spernenda
1062 2017 1142 2052 visa
1157 2031 1163 2052 :
1186 2017 1398 2066 scd,.quum

280 2081 374 2117 adiri
395 2081 514 2124 locus,
535 2082 598 2130 qui
621 2081 671 2117 ob
693 2081 729 2117 id
747 2081 871 2131 ipsum
896 2080 1077 2116 iat-entius
1097 2080 1397 2124 custodiebatur,

278 2159 358 2183 non
373 2153 516 2197 posset,
537 2148 693 2183 occasio
704 2146 965 2196 quaerebatur:
989 2158 1101 2195 quam
1117 2145 1257 2182 obtulit
1272 2152 1402 2182 traus—

278 2211 384 2259 fuga,
406 2212 605 2255 nuncians,
624 2212 722 2248 diem
742 2211 881 2247 festum
897 2210 1034 2246 Dianae
1054 2224 1121 2261 per
1135 2211 1299 2247 triduum
1316 2211 1402 2259 agi„

280 2283 331 2318 et,
353 2276 441 2324 quia
461 2275 535 2312 alia
553 2277 591 2312 in
612 2276 812 2312 obsidione
831 2277 968 2319 desint,
988 2276 1078 2311 vino
1103 2275 1243 2323 largius
1265 2274 1401 2324 epulas

279 2339 475 2386 celebrari,
497 2347 533 2378 et
553 2341 600 2379 ab
620 2341 790 2394 Epicyde
812 2341 974 2393 praebito
994 2340 1177 2379 universae
1197 2338 1334 2393 plebei,
1355 2345 1401 2376 et:
