1527 2661
122 295 213 326 U.C.
231 303 305 329 43⁵.

121 339 160 370 A.
176 340 212 370 C.
231 346 305 376 317.

320 203 372 250 28
772 217 818 246 T.
842 218 955 255 ΜΠ
963 219 984 256 1⁴

319 293 506 336 Quinctii,
532 293 725 339 Cornelii3
758 296 812 331 ita
840 294 976 332 Furius
1007 297 1204 345 Camillus,
1235 310 1347 348 quem
1366 297 1431 349 ju-

316 373 429 398 venes
460 360 500 403 ii,
529 359 664 409 quibus
695 373 780 397 curn
803 361 1022 398 Alexandro
1053 363 1307 400 dimicandum
1335 370 1430 408 erat,

314 441 445 465 senem
473 428 655 463 viderant.
696 426 884 463 Militaria
903 440 1019 477 opera
1045 429 1252 478 pugnando
1272 429 1432 466 obeunti

312 490 531 527 Alexandro
555 491 660 538 (nam
680 502 725 525 ea
745 503 894 539 quoque
914 490 1015 526 haud
1035 491 1158 527 minus
1180 491 1323 527 clarum
1343 503 1429 527 eum

311 555 475 601 faciunt)
499 554 672 590 cessisset
691 552 866 589 videlicet
891 554 930 589 in
951 554 1031 590 acie
1051 553 1201 590 oblatus
1229 550 1297 604 par
1315 554 1430 591 Man-

311 619 382 655 lius
409 619 643 667 Torquatus,
671 622 737 653 aut
763 617 936 654 Valerius
964 618 1124 662 Corvus,
1146 619 1314 668 insignes
1340 625 1428 656 ante

310 685 465 727 milites,
493 696 605 733 quam
626 683 764 719 duces?
793 684 994 720 cessissent
1023 684 1149 728 Decii,
1171 685 1316 721 devotis
1345 697 1430 721 cor·

308 748 466 800 poribus
490 748 529 784 in
555 747 706 784 hostem
732 748 909 784 ruentes?
938 749 1111 784 cessisset
1131 749 1304 799 Papirius
1332 749 1429 785 Cur·

309 824 387 855 sor,
419 810 485 846 illo
515 810 684 861 corporis
716 810 867 854 robore,
902 810 968 847 illo
1000 812 1142 848 animi?
1173 813 1294 848 victus
1329 818 1428 848 esset

308 875 477 912 consiliis
491 874 644 926 juvenis
665 875 791 918 unius,
812 887 860 910 ne
888 874 1058 924 singulos
1086 877 1296 919 nominem,
1317 888 1428 913 sena·

307 946 368 978 tus
390 940 466 983 ille,
488 951 600 989 quem
620 939 685 988 qui
709 951 750 975 ex
768 940 907 987 regibus
926 944 1087 976 constare
1106 940 1215 983 dixit,
1241 952 1337 976 unus
1364 954 1428 978 ve-

305 1017 388 1042 ram
417 1003 582 1055 speciem
610 1001 779 1038 Romani
809 1008 962 1039 senatus
993 1004 1120 1054 cepit?
1149 1004 1194 1041 Id
1223 1016 1314 1040 vero
1344 1010 1426 1041 erat

303 1069 530 1122 periculum,
558 1081 606 1105 ne
632 1067 822 1111 solertius,
844 1081 957 1118 quam
980 1069 1141 1118 quilibet
1165 1082 1263 1106 unus
1291 1083 1338 1107 ex
1362 1070 1424 1114 iis,

303 1147 400 1186 quos
428 1133 637 1176 nominavi,
669 1132 801 1168 castris
834 1131 961 1168 locum
991 1139 1156 1183 caperet,
1189 1140 1423 1171 commeatus

303 1198 514 1248 expediret,
553 1196 600 1232 ab
636 1196 782 1232 insidiis
819 1203 1062 1245 praecaveret,
1100 1203 1248 1246 tempus
1286 1211 1424 1247 pugnae

301 1261 500 1311 deligeret,
521 1260 642 1296 aciem
663 1260 883 1302 instrueret,
905 1259 1080 1295 subsidiis
1103 1260 1280 1298 firmaret.
1330 1262 1424 1300 Non

302 1340 389 1364 eum
414 1325 536 1362 Dario
566 1336 645 1360 rem
675 1335 756 1359 esse
776 1323 960 1359 dixisset:
992 1337 1118 1372 quem,
1149 1325 1350 1363 mulierum
1378 1339 1423 1364 ac

300 1392 514 1443 spadonum
540 1401 677 1438 agmen
702 1388 932 1431 trahentem,
953 1388 1053 1424 inter
1078 1402 1284 1439 purpuram
1309 1397 1425 1440 atque

301 1469 450 1499 aurum,
471 1459 671 1491 oneratum
691 1452 854 1489 fortunae
875 1452 1118 1502 adparatibus
1145 1467 1236 1498 suae,
1257 1456 1420 1504 praedam

300 1522 439 1564 verius,
461 1531 575 1569 quam
602 1518 768 1559 hostem,
796 1516 891 1553 nihil
920 1516 1022 1552 aliud
1042 1530 1154 1566 quam
1183 1517 1280 1556 bene
1309 1533 1422 1557 ausus

298 1597 398 1624 vana
427 1589 686 1624 contemnere,
717 1582 936 1616 incruentus
967 1581 1116 1617 devicit.
1156 1582 1294 1632 Longe
1323 1584 1418 1621 alius

300 1648 437 1691 Italiae,
469 1660 582 1697 quam
616 1646 751 1690 Indiae,
781 1658 848 1695 per
878 1658 991 1694 quam
1021 1646 1232 1683 temulento
1265 1650 1418 1697 agmine

299 1712 614 1752 comissabundus
635 1710 803 1752 incessit,
824 1709 924 1746 visus
952 1710 1006 1745 illi
1026 1711 1178 1747 habitus
1208 1718 1320 1756 esset,
1342 1713 1416 1749 sal-

299 1786 359 1817 tus
380 1777 530 1829 Apuliae
548 1789 594 1813 ac
622 1781 773 1812 montes
794 1774 972 1811 Lucanos
1000 1776 1170 1812 cernenti
1200 1782 1238 1812 et
1257 1777 1418 1827 vestigia

298 1843 467 1882 recentia
486 1841 704 1877 domesticae
725 1839 856 1883 cladiS,
877 1839 941 1876 ubi
967 1840 1175 1877 avunculus
1196 1840 1276 1891 ejus
1297 1855 1418 1894 nuper

297 1908 407 1960 Epiri
426 1919 493 1944 rex
511 1905 727 1942 Alexander
747 1904 942 1940 absumtus
962 1911 1054 1942 erat.

352 1970 508 2009 XVIII.
537 1969 591 2005 Et
606 1968 796 2017 loquimur
812 1968 857 2003 de
872 1967 1091 2004 Alexandro
1105 1968 1277 2008 nondum
1292 1982 1416 2007 merso

297 2035 470 2074 secundis
500 2033 628 2075 rebus,
667 2044 826 2081 quarum
862 2044 975 2067 nemo
1013 2031 1281 2068 intolerantior
1316 2031 1412 2069 fuit:

297 2101 376 2151 qui,
397 2100 429 2136 si
459 2112 505 2135 ex
533 2096 669 2133 habitu
696 2109 805 2132 novae
824 2094 988 2132 fortunae
1018 2097 1196 2145 novique,
1218 2102 1260 2132 ut
1288 2097 1342 2133 ita
1361 2087 1419 2149 tii-¹
1461 2114 1465 2117 -

297 2178 396 2208 cam,
427 2163 585 2212 ingenii,
607 2161 709 2211 quod
737 2160 810 2197 sibi
839 2161 961 2197 victor
990 2161 1179 2203 induerat,
1209 2168 1416 2211 spectetur,

296 2230 419 2268 Dario
449 2228 569 2277 magis
604 2226 752 2269 similis,
784 2238 897 2275 quam
926 2224 1159 2269 Alexandro,
1191 2226 1229 2261 in
1263 2225 1415 2263 Italiam

295 2295 474 2336 venisset,
494 2299 534 2329 et
563 2291 771 2328 exercitum
798 2289 1039 2326 Macedoniae
1068 2288 1229 2325 oblitum
1250 2289 1413 2338 degene-

295 2366 519 2410 ran-temque
530 2358 616 2411 jam
635 2359 675 2395 in
694 2357 894 2395 Persarum
915 2368 1039 2405 mores
1060 2355 1290 2409 adduxisset.
1334 2354 1412 2408 Re-
