1527 2661
382 200 537 230 LIBER
558 198 690 229 xxn.
721 198 828 228 CAP.
850 199 935 228 XX.
1127 196 1205 244 251

103 293 242 332 tames,
272 288 524 326 conscendere
552 298 665 324 naves
694 295 854 338 propere
878 293 991 337 atque
1019 300 1123 325 arma
1144 301 1206 326 ca-
1219 290 1311 322 U·C·
1327 296 1397 328 ⁵35-

101 364 190 402 pere
215 351 350 402 jubet:
383 350 540 388 classem
572 350 789 387 Romanam
819 349 902 400 jam
938 351 1039 388 haud
1074 351 1208 402 procul
1219 335 1258 365 A·
1272 334 1310 366 C·
1325 340 1398 369 ²¹⁷·

99 421 212 465 portu
249 426 341 452 esse.
398 415 493 451 Haec
529 415 673 464 equites
704 414 846 450 dimissi
875 415 1013 464 passim
1045 415 1206 465 impera-

97 478 215 515 bant:
246 491 336 516 mox
355 478 574 516 Hasdrubal
593 479 674 528 ipse
700 490 785 515 cum
804 480 908 515 omni
928 482 1095 516 exercitu
1119 479 1204 516 ade-

98 548 180 579 rat:
212 543 390 591 varioque
410 543 538 579 omnia
555 541 722 578 tumultu
742 548 931 592 strepunt,
951 542 1145 580 ruentibus
1165 543 1206 579 in

98 617 212 641 naves
232 605 343 642 simul
362 605 564 654 remigibus
584 604 858 654 militibusque,
879 605 1106 654 fugientium
1124 616 1204 642 ma-

99 669 155 718 gis
176 682 196 705 e
222 676 336 712 terra,
357 681 470 718 quam
488 670 528 705 in
557 681 725 719 pugnam
750 669 920 706 euntium
948 669 1074 708 modo.
1130 670 1206 707 Vix

98 732 187 767 dum
213 743 343 768 omnes
364 733 676 775 conscenderant,
697 744 813 781 quum
840 731 904 769 alii
929 733 1104 769 resolutis
1128 734 1203 770 oris

98 795 137 831 in
158 806 314 832 ancoras
331 796 541 832 evehuntur
554 812 564 841 3
588 795 666 839 alii,
686 807 734 832 ne
751 796 841 845 quid
855 802 997 839 teneat,
1014 797 1206 833 ancoralia

98 859 270 895 incidunt
285 874 292 896 :
325 861 537 909 raptimque
553 860 683 896 omnia
700 871 938 910 praepropere
952 861 1113 909 agendo,
1133 861 1204 897 mi-

99 922 208 959 litum
228 924 412 974 adparatu
437 925 591 960 nautica
616 925 827 960 ministeria
850 924 1107 974 inpediuntur,
1127 929 1203 961 tre-

97 987 291 1036 pidatione
306 994 506 1025 nautarum
522 1001 654 1038 capere
675 994 712 1025 et
727 994 857 1038 aptare
872 999 975 1024 arma
989 988 1095 1024 miles
1114 1001 1203 1039 pro-

95 1049 259 1087 hibetur.
313 1051 366 1087 Et
374 1050 457 1101 jam
474 1051 669 1087 Romanus
684 1063 762 1087 non
778 1050 1105 1102 adpropinquabat
1119 1064 1201 1088 mo·
1214 1052 1329 1102 Classis
1344 1053 1407 1084 Pu-

97 1114 160 1157 dO,
177 1115 241 1150 sed
256 1115 443 1151 direxerat
458 1117 570 1151 etiam
585 1116 624 1151 in
644 1128 809 1165 pugnam
823 1128 936 1152 naves
951 1130 958 1151 :
981 1116 1108 1167 itaque
1123 1105 1288 1178 110ηὲὲῇ
1301 1097 1402 1170 ¹5¹3sz—

100 1178 148 1214 ab
166 1179 276 1214 hoste
302 1185 339 1214 et
367 1179 503 1228 proelio
529 1180 648 1228 magis
669 1180 794 1222 Poeni,
815 1192 927 1228 quam
956 1187 1105 1216 suomet
1130 1181 1203 1230 ipsi

98 1242 262 1278 tumultu
287 1242 443 1285 turbati,
470 1249 618 1278 tentata
643 1244 766 1279 verius
791 1255 933 1293 pugna,
954 1255 1066 1292 quam
1093 1244 1201 1287 inita,

98 1306 137 1341 in
156 1305 286 1354 fugam
312 1313 527 1343 averterunt
547 1306 702 1342 classem
719 1322 726 1343 ;
759 1313 797 1343 et
815 1319 929 1355 quum
956 1307 1100 1343 adversi
1120 1320 1200 1344 am-

97 1371 155 1406 nis
176 1383 217 1405 os
237 1370 317 1406 lato
343 1371 555 1419 agmine-ac
582 1377 661 1406 tam
681 1371 808 1407 multis
835 1371 944 1407 simul
963 1371 1199 1408 venientibus

96 1433 195 1469 haud
215 1446 304 1469 sane
323 1433 498 1470 intrabile
518 1440 628 1477 esset,
651 1434 689 1469 in
710 1434 799 1470 litus
819 1434 959 1483 passim
981 1446 1092 1470 naves
1113 1447 1200 1483 ege-

94 1504 205 1533 runt:
238 1502 351 1545 atque
371 1496 434 1532 alii
452 1497 569 1540 vadis,
591 1496 655 1533 alii
675 1497 775 1532 sicco
801 1497 912 1532 litore
932 1497 1093 1547 excepti,
1113 1509 1199 1547 par-

96 1561 163 1595 tim
183 1560 330 1603 armati,
351 1561 489 1609 partim
514 1561 689 1603 inermes,
711 1561 756 1596 ad
777 1560 1001 1596 instructam
1025 1572 1092 1610 per
1110 1560 1198 1597 litus

94 1624 212 1660 aciem
235 1636 388 1660 suorum
417 1624 626 1673 perfugere.
682 1623 780 1660 Duae
806 1630 934 1660 tamen
959 1625 1082 1674 primo
1108 1636 1200 1661 con-

94 1698 206 1722 cursu
241 1693 360 1736 captae
403 1693 510 1723 erant
545 1687 698 1723 Punicae
740 1699 868 1730 naveS‚
907 1693 1068 1736 quatuor
1109 1687 1198 1724 sub-

87 1762 237 1800 pressae.

148 1814 241 1850 XX.
270 1813 452 1857 Romani,
474 1826 700 1863 quamquam
717 1821 818 1850 terra
835 1814 1003 1850 hostium
1023 1820 1116 1857 erat,
1137 1827 1198 1850 ar-

94 1885 309 1926 matamque
325 1878 443 1913 aciem
458 1884 543 1913 toto
558 1884 781 1927 praetentam
798 1878 836 1913 in
851 1877 962 1913 litore
977 1877 1194 1922 cernebant,

93 1943 194 1979 haud
214 1948 437 1977 cunctanter
453 1942 613 1977 insecuti
634 1941 819 1991 trepidam
836 1941 1004 1977 hostium
1024 1939 1194 1984 classem,

91 2018 205 2049 naves
226 2017 370 2048 omnes,
387 2018 468 2054 quae
488 2017 565 2041 non
583 2011 648 2041 aut
666 2005 924 2054 perfregerant
938 2016 1068 2054 proras
1084 2004 1195 2040 litore

93 2069 236 2111 inlisas,
257 2076 322 2105 aut
341 2070 485 2105 carinas
502 2068 661 2105 fixerant
679 2068 797 2111 vadis,
814 2067 990 2116 religatas
1007 2067 1193 2117 puppibus

94 2136 133 2171 in
152 2135 270 2171 altum
296 2141 513 2170 extraxere:
546 2134 592 2170 ad
610 2134 775 2182 quinque
799 2138 836 2168 et
854 2133 988 2180 viginti
1008 2143 1120 2168 naves
1148 2145 1196 2168 ex

93 2198 340 2247 quadraginta
372 2210 514 2247 cepere.
570 2197 706 2246 Neque
734 2198 773 2233 id·
795 2196 1087 2246 pulcherrimum
1114 2195 1197 2245 ejus

94 2263 260 2298 victori-ce
279 2261 365 2304 fuit,
385 2262 448 2297 sed
467 2261 569 2310 quod·
587 2274 661 2297 una
679 2260 750 2297 levi
766 2273 898 2322 pugna
916 2266 1000 2296 toto
1020 2258 1099 2309 ejus
1119 2271 1193 2295 orae

96 2326 187 2361 mari
213 2326 324 2376 potiti
345 2332 473 2362 erant:
506 2327 632 2374 itaque
658 2324 704 2361 ad
724 2324 945 2362 Honoscam
965 2322 1082 2360 classe
1106 2334 1195 2373 pro-

603 2388 647 2424 M
669 2388 689 2423 6
