1527 2661
102 288 152 321 Ὀ.
166 288 201 321 C.
217 297 288 326 537.

101 335 147 367 A.
161 334 197 364 C.
215 342 288 367 215.
322 356 328 363 ·

298 198 383 244 372
773 201 819 230 T.
842 200 976 231 L1v11

300 291 354 326 ire
372 306 381 336 3
415 290 587 328 Graecam
607 298 645 328 et
663 292 784 342 ipsam
814 292 960 335 urbem,
982 296 1020 326 et
1044 288 1296 326 maritimam:
1330 285 1412 337 plu-

299 368 436 391 rlmum
465 368 703 392 accessurum
735 356 886 406 opibus,
916 357 946 392 si
975 356 1014 391 in
1044 367 1110 391 ora
1142 353 1254 390 maris
1284 351 1416 388 urbem

299 425 414 470 portu
450 432 493 456 ac
529 421 718 457 moenibus
755 421 913 457 validam
946 420 1171 461 tenuissent,
1207 415 1415 453 credentes,

298 483 359 520 Ea
377 496 468 520 cura
486 484 665 532 angebat,
687 485 786 533 quod
807 496 929 532 neque
951 496 1029 519 non
1050 492 1237 518 arcessere
1255 479 1303 515 ad
1322 491 1416 515 aux-

299 547 406 583 ilium
425 547 567 583 Poenos
596 548 685 583 satis
706 547 911 590 audebant,
932 559 980 583 ne
1000 546 1090 595 quid
1106 557 1186 581 non
1205 556 1274 593 pro
1304 542 1416 577 sociis

300 611 422 659 egisse
440 611 676 647 viderentur:
703 618 755 655 et,
777 612 807 647 si
827 611 968 647 Poenus
988 621 1115 645 rursus
1136 608 1256 655 magis
1276 605 1418 642 arbiter

301 675 419 724 paciS‚
441 688 553 724 quam
580 675 731 726 adjutor
755 675 860 717 belli,
887 675 1035 715 fuisset,
1061 685 1110 709 ne
1134 673 1175 708 in
1202 670 1418 707 libertatem

303 740 499 783 Crotonis,
521 741 619 776 sicut
641 746 730 777 ante
758 740 984 782 Locrorum,
1004 738 1144 775 frustra
1172 740 1418 786 pugnaretur.

302 803 438 853 Itaque
459 806 648 855 optimum
669 805 787 841 visum
807 811 877 847 est,
899 804 946 840 ad
965 800 1223 839 Hannibalem
1243 799 1344 836 mitti
1361 797 1417 834 le-

302 874 428 917 gatOS,
448 869 645 917 caverique
665 868 711 904 ab
741 881 800 911 eo,
823 875 863 904 ut
891 873 1063 917 receptus
1094 865 1214 901 Croto
1242 861 1417 899 Bruttio-

299 946 383 969 rum
413 938 523 969 esset.
580 932 776 968 Hannibal
800 945 915 981 quum
939 931 1183 983 praesentium
1211 940 1294 964 eam
1324 938 1416 962 con-

298 996 543 1032 sultationem
564 1008 643 1032 esse
663 996 934 1045 respondisset,
955 1003 993 1031 et
1021 995 1067 1031 ad
1089 994 1322 1030 Hannonem
1350 1004 1415 1028 eos

297 1059 504 1109 reiecisset,
535 1059 581 1095 ab
616 1059 811 1095 Hannone
844 1059 941 1094 nihil
969 1059 1062 1094 certi
1094 1057 1275 1094 ablatum.
1331 1056 1416 1092 Nec

298 1124 397 1159 enim
429 1123 539 1173 diripi
566 1122 746 1158 volebant
771 1122 941 1158 nobilem
966 1128 1081 1171 atque
1105 1121 1325 1171 opulentam
1353 1133 1415 1155 ur-

295 1186 402 1224 bem:
437 1194 473 1222 et
494 1186 711 1236 sperabant,
733 1199 847 1234 quum
868 1187 1029 1222 Bruttiis
1051 1186 1305 1236 obpugnaret,
1326 1184 1415 1220 Poe-

297 1264 366 1288 uos
388 1264 457 1287 nec
478 1250 652 1301 probare,
670 1263 739 1287 nec
752 1250 888 1300 juvare
905 1264 987 1287 eain
1003 1251 1329 1301 obpugnationem
1348 1249 1415 1285 ad-

296 1322 460 1364 pareret,
482 1327 526 1350 eo
547 1315 730 1350 maturius
751 1315 797 1350 ad
817 1328 856 1350 se
875 1314 1101 1350 defecturos.
1150 1314 1320 1349 Crotone
1345 1324 1414 1348 nec

296 1378 497 1414 eonsilium
517 1391 633 1414 unum
653 1379 751 1414 inter
782 1378 996 1428 populares,
1017 1391 1087 1414 nec
1106 1377 1281 1413 voluntas
1309 1383 1387 1412 erat
1404 1390 1411 1411 :

297 1458 393 1481 uuus
412 1444 516 1480 velut
534 1445 689 1481 morbus
720 1445 908 1481 invaserat
927 1456 1058 1481 omnes
1080 1443 1201 1480 Italiae
1227 1444 1413 1485 civitates,

295 1515 337 1544 ut
363 1508 491 1557 plebes
518 1508 564 1543 ab
593 1508 842 1557 optimatibus
864 1509 1126 1544 dissentirent:
1160 1513 1311 1543 senatus
1331 1506 1416 1542 Ro-

294 1573 417 1608 manis
437 1572 595 1615 faveret,
617 1572 723 1622 plebs
753 1573 800 1608 ad
822 1572 963 1607 Poenos
984 1584 1063 1607 rem
1082 1571 1261 1607 traheret.
1317 1570 1415 1606 Eam

298 1636 572 1672 dissensionem
597 1638 634 1672 in
658 1636 749 1672 urbe
776 1636 936 1686 perfuga
963 1636 1120 1672 nunciat
1139 1635 1300 1670 Bruttiis
1319 1650 1330 1680 3
1361 1634 1416 1670 A-

298 1700 571 1737 ristomachum
609 1714 690 1737 esse
727 1701 936 1750 principem
979 1699 1114 1749 plebis,
1153 1699 1418 1748 tradendaeque

301 1772 496 1802 auctorem
527 1765 653 1801 urbis:
689 1773 725 1801 et
755 1767 794 1801 in
814 1772 921 1802 vasta
947 1765 1040 1801 urbe
1067 1764 1217 1813 lateque
1242 1762 1419 1799 omnibus

298 1829 466 1878 disjectis
482 1830 671 1866 moenibus
693 1843 795 1866 raras
817 1836 854 1866 et
870 1830 1053 1866 stationes
1075 1828 1338 1877 custodiasque
1358 1840 1416 1863 se-

299 1898 477 1928 natorum
501 1906 603 1929 esse:
638 1906 874 1942 quacumque
900 1893 1117 1929 custodiant
1146 1891 1265 1941 plebis
1292 1891 1416 1927 homi-

299 1969 379 1999 nes,
406 1970 450 1992 ea
479 1963 607 2007 patere
638 1959 793 1995 aditum.
850 1959 1019 1994 Auctore
1049 1970 1092 1993 ac
1121 1956 1215 1992 duce
1243 1955 1416 2005 perfuga,

305 2020 442 2055 Bruttii
464 2033 606 2056 corona
626 2022 825 2057 cinxerunt
845 2021 996 2057 urbem:
1029 2020 1249 2070 acceptique
1269 2032 1291 2055 a
1309 2018 1419 2068 plebe

299 2084 422 2133 primo
456 2085 588 2134 inpetu
620 2084 724 2121 locos
758 2098 904 2129 omnes,
935 2092 1071 2135 praeter
1104 2096 1242 2127 arcem,
1273 2095 1416 2132 cepere.

299 2148 438 2184 Arcem
464 2148 666 2197 optimates
693 2149 889 2192 tenebant,
914 2153 1127 2198 praeparato
1146 2146 1230 2197 jam
1255 2152 1344 2182 ante
1370 2146 1418 2183 ad

298 2211 413 2247 talem
434 2224 560 2247 casum
580 2212 767 2262 perfugio.
814 2213 961 2249 Eodem
981 2211 1268 2248 Aristomachus
1289 2211 1416 2260 perfu-

296 2275 375 2321 gie,
399 2281 593 2323 tamquam
612 2275 756 2321 Poenis,
773 2289 853 2314 non
872 2276 1048 2320 Bruttiis,
1066 2283 1198 2312 auctor
1217 2274 1318 2312 urbis
1337 2281 1415 2312 tra·

295 2339 430 2376 dendae
449 2339 594 2377 fuisset.
