1527 2661
50 844 94 876 U.
110 845 146 877 C.
162 853 219 883 ⁵87

52 871 234 921 A.C.215:

53 943 115 974 Res
131 954 149 974 a
165 945 218 974 Poe

50 988 98 1016 nis
116 989 199 1026 apud

51 1031 191 1060 Bruttios

49 1081 157 1111 gestae.

51 1127 215 1166 Rhegium

50 1172 166 1200 frustra

54 1221 225 1244 tentatum.

58 1612 227 1640 Locrenses

52 1663 89 1682 se
104 1654 226 1682 dedunt

57 1697 174 1727 Poenis.

385 404 450 456 T.
506 405 751 457 LIVII
808 404 1260 457 PATAVINI

623 553 835 591 LIBER
876 554 1030 593 XXIV.

683 715 967 738 ——ss—

271 839 391 922 UT
411 852 456 875 ex
478 839 687 889 Campania
707 839 743 874 in
763 839 933 875 Bruttios
952 839 1114 875 reditum
1134 847 1205 884 est,
1224 838 1383 884 Hanno,

371 902 607 953 adjutoribus
639 908 675 937 ct
705 903 861 938 ducibus
895 903 1071 946 Bruttiis,
1094 904 1244 940 Graecas
1273 903 1383 940 urbes

268 968 442 1010 ten-tavit,
465 979 509 1002 eo
529 965 675 1002 facilius
699 966 737 1001 in
765 967 946 1002 societate
966 974 1160 1003 manentes
1190 968 1383 1011 Romana,

269 1031 369 1079 quod
389 1031 576 1073 Bruttios,
600 1043 693 1078 quos
715 1038 751 1066 et
772 1030 942 1074 oderant,
966 1038 1003 1067 et
1026 1032 1261 1075 metuebant,
1282 1033 1384 1069 Kar-

269 1095 565 1142 thaginiensium
603 1095 719 1143 partis
757 1095 879 1130 factos
917 1095 1135 1132 cernebant.
1192 1095 1386 1145 Rhegium

268 1160 431 1209 primum
461 1165 649 1195 tentatum
684 1166 752 1201 est³
785 1160 937 1208 diesque
973 1156 1120 1209 aliquot
1146 1160 1199 1196 ibi
1228 1161 1387 1209 nequid-

269 1237 382 1273 quam
402 1224 577 1260 absumti.
636 1224 792 1260 Interim
814 1224 1025 1261 Locrenses
1046 1225 1292 1267 frumentum,
1314 1224 1387 1273 lig-

266 1300 405 1336 naque,
427 1295 465 1323 et
484 1295 609 1324 cetera
627 1289 838 1323 necessaria
859 1288 987 1324 usibus
1008 1301 1054 1324 ex
1074 1288 1173 1336 agris
1194 1288 1233 1323 in
1254 1287 1387 1323 urbem

268 1361 413 1401 rapere,
442 1354 555 1389 etiam
582 1365 630 1388 ne
653 1352 741 1400 quid
769 1352 940 1388 relictum
967 1352 1101 1402 praedae
1128 1351 1302 1387 hostibus
1329 1363 1387 1387 es-

269 1423 353 1452 set:
386 1417 481 1452 etin
503 1416 579 1452 dies
607 1416 728 1466 major
754 1417 929 1452 omnibus
960 1416 1079 1465 portis
1101 1415 1304 1451 multitudo
1332 1413 1396 1450 ef-'

270 1479 402 1515 fundi:
435 1487 628 1529 postremo
657 1481 680 1515 ii
711 1480 825 1515 modo
845 1479 967 1515 relicti
993 1480 1031 1514 in
1058 1478 1151 1514 urbe
1181 1484 1302 1521 erant,
1323 1479 1387 1527 qui

269 1544 423 1580 reficere
452 1557 578 1580 muros
609 1557 652 1580 ac
682 1551 826 1593 portas,
851 1543 1002 1592 telaque
1032 1544 1071 1579 in
1100 1542 1389 1593 propugnacula

273 1621 476 1657 congerere
493 1607 739 1657 cogebantur.
771 1608 814 1644 In
836 1609 1062 1658 permixtam
1079 1608 1248 1643 omnium
1266 1607 1388 1643 aetati-

274 1686 335 1709 um
357 1673 607 1722 ordinumque
627 1673 920 1716 multitudinem,
943 1679 980 1708 et
1000 1678 1202 1720 vagantem
1231 1672 1270 1706 in
1291 1672 1390 1721 agris

272 1748 411 1785 magna
440 1749 486 1772 ex
505 1743 612 1786 parte
641 1737 836 1779 inermem,
858 1736 1056 1772 Hamilcar
1074 1736 1215 1771 Poenus
1246 1736 1390 1788 equites

272 1802 419 1845 emisit3
443 1801 520 1849 qui,
537 1800 679 1835 violare
699 1813 924 1848 quemquam
941 1800 1062 1842 vetiti,
1080 1806 1243 1840 tantum,
1264 1804 1306 1833 ut
1326 1810 1391 1833 ex—

275 1864 469 1900 cluderent
489 1865 534 1901 ab
563 1865 654 1900 urbe
679 1864 770 1912 fuga
796 1865 1011 1913 dissipatos,
1032 1870 1174 1899 turmas
1205 1861 1391 1911 objecere.

276 1927 367 1964 Dux
386 1929 480 1977 ipse,
500 1927 587 1963 loco
617 1929 809 1977 superiore
840 1934 966 1977 capto,
989 1927 1085 1963 unde
1109 1938 1221 1975 agros
1242 1925 1393 1961 urbem-

278 2004 350 2041 que
378 1998 508 2041 posset
534 1993 769 2042 conspicere,
799 1991 1038 2028 Bruttiorum
1069 1988 1266 2027 cohortem
1291 1990 1394 2026 adire

278 2068 421 2098 murm,
443 2064 556 2103 atque
576 2068 733 2091 evocare
759 2056 946 2105 principes
967 2055 1216 2091 Locrensium
1232 2053 1282 2089 ad
1302 2065 1395 2089 con·

278 2120 448 2168 loquium
463 2119 594 2169 jussit,
612 2126 662 2162 et,
680 2119 903 2169 pollicentes
921 2120 1127 2156 amicitiam
1147 2117 1392 2160 Hannibalis,

278 2184 471 2219 adhortari
494 2183 540 2218 ad
569 2183 700 2218 urbem
729 2183 963 2218 tradendam.
1021 2182 1181 2218 Bruttiis
1202 2181 1240 2216 in
1260 2180 1393 2216 conlo-

276 2247 370 2296 quio
392 2245 530 2282 nullius
554 2247 607 2281 rei
636 2246 758 2295 primo
789 2246 877 2281 fides
905 2253 986 2282 est:
1018 2245 1154 2281 deinde
1182 2250 1223 2279 ut
1252 2243 1394 2279 Poenus

277 2310 457 2361 adparuit
475 2311 514 2346 in
535 2308 710 2352 collibus,
732 2316 767 2345 et
788 2309 1017 2358 refugientes
1044 2308 1154 2359 pauci
1181 2306 1293 2344 aliam
1312 2319 1394 2344 om-
