1527 2661
335 184 414 235 248
791 198 834 226 T.
859 199 993 229 mvn

142 286 229 315 U.C.
247 293 318 317 535.
331 283 441 319 nibus
459 282 589 328 boum,
611 297 703 334 quos
724 285 887 323 domitos
914 288 1193 338 indomitosque
1213 289 1351 326 multos
1377 291 1437 327 in·

142 329 318 412 ’ἓὲὲςῖζ
335 358 390 388 ter
409 360 571 388 ceteram
598 361 785 402 agrestem
808 356 973 404 praedam
998 357 1160 404 agebat:
1192 358 1238 393 ad
1258 358 1332 394 duo
1352 358 1435 394 mil-

140 425 241 471 censis
253 416 383 456 cor-lia
410 416 527 453 ferme
559 416 675 452 boum
708 418 862 453 effecta:
899 419 1205 469 Hasdrubalique
1240 423 1437 469 negotium

140 467 245 498 ¹¹¹bus·
332 481 475 524 datum,
498 488 537 516 ut
562 482 690 530 primis
717 482 882 518 tenebris
912 485 1035 519 noctis
1065 484 1103 519 id
1133 492 1343 521 armentum
1373 499 1436 522 ac-

332 545 450 580 censis
472 545 648 580 cornibus
669 545 716 581 ad
742 552 889 582 montes
911 553 1039 594 ageret
1051 563 1062 592 3
1094 548 1271 591 maxime,
1291 550 1323 584 si
1347 562 1437 599 pos-

332 615 400 650 set,
423 621 533 657 super
551 608 668 644 saltus
689 608 735 645 ab
755 610 866 645 hoste
885 612 1060 647 insessos.

382 672 514 709 XVII.
535 673 670 709 Primis
685 669 848 710 tenebris
865 674 1016 711 silentio
1032 681 1137 711 mota
1153 681 1297 722 castra3
1321 676 1436 713 boves

330 737 523 785 aliquanto
544 744 632 773 ante
659 738 767 786 signa
793 739 891 774 acti:
923 739 986 775 ubi
1015 740 1061 775 ad
1081 740 1223 776 radices
1249 741 1438 777 montium

328 803 481 851 viasque
493 808 671 850 angustas
688 808 842 838 ventum
858 808 928 846 est,
945 804 1094 852 signum
1107 804 1297 853 extemplo
1313 804 1436 846 datur,

329 872 371 902 ut
385 866 550 902 accensis
570 866 746 902 comibus
764 873 932 903 armenta
953 868 992 902 in
1007 868 1181 903 adversos
1199 868 1437 904 concitentur

327 937 476 966 montes
493 944 499 965 :
532 936 570 966 et
588 937 709 966 metus
729 931 809 980 ipse
827 931 1027 967 relucentis
1047 931 1204 968 flammae
1231 944 1276 968 ex
1299 933 1435 981 capite,

332 993 522 1042 calorque,
538 993 621 1043 jam
652 995 698 1030 ad
716 994 855 1037 vivum,
877 995 922 1030 ad
949 995 1097 1043 imaque
1116 1008 1299 1031 cornuum
1325 995 1436 1031 adve-

329 1058 453 1100 niens,
485 1056 587 1092 velut
621 1056 833 1093 stimulatos
864 1057 991 1093 furore
1020 1057 1157 1107 agebat
1187 1058 1326 1094 boves:
1359 1070 1434 1107 quo

328 1126 481 1170 repente
502 1121 684 1164 discursu,
706 1121 808 1157 haud
834 1134 940 1157 secus
960 1134 1073 1171 quam
1099 1122 1200 1157 silvis
1221 1122 1434 1158 montibus-

327 1197 399 1233 que
429 1186 609 1228 accensis,
631 1186 759 1221 omnia
788 1185 928 1221 circum
954 1185 1118 1233 virgulta
1146 1186 1297 1222 ardere:
1331 1185 1433 1235 capia

327 1253 484 1297 tumque
511 1248 617 1284 irrita
646 1249 852 1297 quassatio,
883 1249 1052 1285 excitans
1081 1248 1284 1292 flammam,
1309 1249 1434 1285 homi-

325 1325 417 1350 num
437 1314 575 1363 passim
595 1313 885 1350 discurrentium
907 1314 1070 1363 speciem
1094 1313 1300 1364 praebebat.
1319 1344 1322 1346 v
1356 1314 1434 1353 Qui

327 1377 373 1412 ad
392 1377 594 1412 transitum
618 1376 734 1413 saltus
761 1377 998 1413 insidendum
1026 1377 1142 1413 locati
1169 1383 1289 1420 erant,
1310 1376 1374 1413 ubi
1393 1377 1434 1413 in

326 1443 480 1477 summis
509 1440 702 1477 montibus
732 1453 775 1477 ac
804 1453 916 1491 super
941 1453 980 1476 se
999 1441 1181 1489 quosdam
1210 1442 1315 1490 ignes
1342 1453 1433 1476 con-

326 1511 542 1554 spexerunt,
572 1506 846 1541 circumventos
874 1517 912 1541 se
942 1517 1022 1541 esse
1048 1506 1134 1548 rati,
1164 1505 1338 1554 praesidio
1368 1517 1434 1541 ex·

325 1581 492 1614 cessere;
524 1582 597 1618 qua
614 1570 769 1606 minime
789 1570 912 1605 densae
932 1568 1122 1605 micabant
1139 1569 1311 1611 flammae,
1331 1567 1434 1604 velut

325 1634 557 1668 tutissimum
576 1634 664 1676 iter,
685 1639 856 1683 petentes
878 1646 1023 1669 summa
1045 1633 1231 1669 montium
1244 1632 1354 1682 juga,
1374 1639 1433 1667 ta-

325 1709 411 1732 men
432 1698 470 1732 in
491 1697 672 1746 quosdam
698 1696 813 1732 boves
834 1697 981 1747 palatos
1001 1696 1048 1732 ab
1076 1697 1150 1732 suis
1171 1696 1347 1745 gregibus
1374 1695 1433 1731 in-

326 1761 506 1796 ciderunt.
563 1760 615 1796 Et
634 1761 770 1810 primo,
792 1773 905 1810 quum
932 1760 1064 1811 procul
1090 1766 1300 1802 cernerent,
1316 1758 1434 1795 veluti

324 1825 493 1861 flammas
514 1826 740 1874 spirantium
759 1824 941 1861 miraculo
968 1825 1131 1861 adtoniti
1151 1825 1428 1860 constiterunt:

325 1888 472 1931 deinde,
493 1894 534 1923 ut
553 1889 719 1924 humana
738 1889 911 1938 adparuit
930 1889 1046 1931 fraus,
1067 1895 1149 1924 tum
1166 1901 1256 1924 vero
1276 1887 1430 1923 insidias

324 1953 396 1988 rati
423 1965 516 1995 esse,
539 1954 628 1989 dum
650 1952 794 2001 majore
820 1959 924 1988 metu
950 1953 1145 1989 concitant
1164 1965 1203 1988 se
1228 1952 1268 1987 in
1286 1950 1430 1998 fugam,

324 2015 395 2052 levi
422 2029 571 2066 quoque
600 2023 799 2053 armaturae
824 2017 991 2052 hostium
1021 2017 1233 2052 incurrere:
1266 2020 1432 2050 ceterum

323 2093 402 2116 nox
421 2087 569 2129 aequato
595 2081 732 2116 timore
760 2087 914 2116 neutros
941 2092 1107 2130 pugnam
1135 2079 1357 2127 incipientes
1385 2078 1432 2114 ad

322 2143 445 2180 lucem
464 2145 598 2180 tenuit.
646 2144 810 2187 Interea,
828 2152 912 2180 toto
927 2145 1078 2193 agmine
1097 2141 1294 2180 Hannibal
1308 2147 1430 2177 trans-

318 2208 435 2244 ducto
455 2219 520 2257 per
539 2207 690 2249 saltum,
707 2214 744 2243 et
760 2208 980 2256 quibusdam
996 2208 1035 2244 in
1053 2208 1136 2257 ipso
1152 2205 1250 2242 saltu
1263 2204 1432 2240 hostium

318 2271 526 2320 obpressis,
548 2272 587 2306 in
607 2283 699 2319 agro
719 2271 888 2307 Allifano
909 2272 1036 2321 posuit
1056 2276 1189 2306 castra.

376 2334 543 2380 XVIII„
562 2334 677 2372 Hunc
700 2335 905 2372 tumultum
932 2336 1049 2371 sensit
1068 2334 1206 2371 Fabius
1224 2347 1231 2367 τ
1265 2337 1429 2368 ceterum

1520 2111 1527 2440 ρ

1516 2441 1527 2661 ι
