1527 2661
363 164 515 194 LIBER
538 162 691 192 xxl11.
722 163 827 192 CAP.
852 164 921 192 lv.
1100 161 1182 208 307

96 253 278 303 supplicio
306 254 470 303 dignum.
525 253 623 290 Tum
651 253 848 296 Pacuvius,
883 254 1006 296 Video,
1036 266 1112 301 quoe
1141 255 1184 290 de
1197 251 1372 284 U-C·⁵36-

95 317 161 353 hoc
176 319 348 354 sententia
362 320 407 354 sit
425 320 522 354 data.
579 319 715 366 Eligite
728 330 796 366 pro
810 318 904 353 malo
919 322 1025 366 atque
1040 318 1184 365 inprobo
1195 298 1234 327 Α·
1248 296 1283 328 C'
1300 302 1374 328 ²¹⁶⁶

95 381 219 417 bonum
245 386 438 417 senatorem
465 387 499 418 et
524 380 672 428 justum.
728 381 856 417 Primo
889 380 1077 417 silentium
1105 387 1185 417 erat

42 479 43 487 ,
96 445 223 494 inopia
250 445 408 494 potioris
437 445 686 495 subjiciundi3
719 445 864 488 deinde,
892 457 1005 493 quum
1037 444 1183 493 aliquis,

38 495 43 512 ⁸
96 509 233 555 omissa
268 509 502 552 verecundia,
541 510 752 559 quempiam
785 509 1028 551 nominasset,
1065 507 1184 544 multo

95 571 215 622 major
244 573 431 623 extemplo
451 573 591 609 clamor
620 573 822 616 oriebatur,
843 586 957 621 quum
981 572 1043 609 alii
1069 585 1184 621 nega-

36 681 37 686 ¹
91 643 175 672 rent
191 649 300 673 nosse
316 654 326 683 5
359 637 420 673 alii
435 651 534 674 nunc
553 638 703 688 probra,
719 651 819 674 nunc
834 637 1084 673 humilitatem
1104 649 1184 673 sor-

93 701 286 749 didamque
300 703 480 751 inopiam,
502 709 538 738 et
553 703 733 752 pudendae
753 703 842 738 artis
862 709 925 737 aut
942 708 1103 751 quaestus
1121 713 1185 750 ge-

36 787 37 811 ;
91 776 174 807 nus,
205 763 422 813 objicerent.
478 765 565 801 Hoc
591 766 709 801 multo
738 766 860 814 magis
883 766 922 801 in
951 765 1114 801 secundo
1143 777 1185 800 ac

91 829 203 865 tertio
223 829 338 865 citato
353 836 525 866 senatore
545 836 600 865 est
615 830 754 865 factum
770 844 777 864 z
808 835 851 864 ut
868 829 983 878 ipsius
1002 829 1187 878 poenitere

34 900 37 921 ἔ
90 893 260 928 homines
286 893 503 943 adpareret3
537 906 646 943 quem
672 900 795 929 autem
815 894 853 928 in
873 892 951 943 ejus
980 892 1183 928 substitue-

34 958 35 992 }
90 962 175 992 rent
193 956 330 999 locum,
352 957 500 992 deesse:
533 958 618 1006 quia
645 970 715 993 nec
734 957 884 993 eosdem
911 956 1098 992 nominari
1118 956 1183 992 ad-

92 1019 251 1064 tinebat,
271 1020 367 1056 nihil
385 1021 486 1056 aliud
505 1034 615 1069 quam
635 1021 681 1057 ad
705 1021 888 1057 audienda
905 1019 1042 1069 probra
1060 1020 1183 1055 nomi-

34 1095 39 1114 s,
90 1090 215 1126 natos,
245 1090 282 1120 et
317 1084 436 1120 multo
472 1084 689 1120 humiliores
726 1084 1033 1132 obscurioresque
1069 1084 1183 1119 ceteri

92 1154 199 1184 erant
217 1149 283 1191 eis,
304 1149 367 1198 qui
385 1149 495 1199 primi
522 1149 709 1185 memoriae
728 1147 991 1184 obem-rebant.
1046 1146 1106 1182 Ita
1126 1147 1182 1182 di-

32 1253 34 1263 ,
89 1211 166 1248 labi
186 1213 371 1256 homines,
398 1214 635 1249 notissimum
655 1213 828 1262 quodque
855 1213 994 1248 malum
1020 1212 1181 1248 maxime

32 1266 34 1324 J
88 1275 283 1313 tolerabile
318 1277 481 1313 dicentes
519 1290 611 1321 esse,
642 1277 893 1328 jubentesque
930 1282 1100 1313 senatum
1136 1289 1183 1313 ex

32 1329 37 1345 ἔῃ
90 1340 259 1376 custodia
277 1341 427 1376 dimitti.

142 1404 209 1440 IV.
245 1405 333 1441 Hoc
362 1405 474 1440 modo
503 1404 684 1441 Pacuvius
714 1419 827 1454 quum
861 1404 1066 1441 obnoxium
1095 1404 1181 1440 vitae

31 1468 33 1475 ’
87 1468 270 1505 beneficio
290 1475 459 1505 senatum
477 1468 595 1504 multo
622 1469 692 1504 sibi
711 1470 842 1518 magis,
863 1481 972 1517 quam
992 1468 1106 1517 plebi,
1126 1467 1199 1503 fe--

91 1533 214 1576 cisset,
239 1534 318 1569 sine
345 1534 470 1575 armis,
483 1531 566 1583 jam
585 1533 758 1569 omnibus
786 1533 1091 1575 concedentibus,
1112 1532 1180 1568 do-

91 1596 316 1633 minabatur.
372 1597 476 1633 Hinc
512 1604 717 1640 senatores,
748 1598 886 1633 omissa
914 1597 1104 1645 dignitatis
1134 1596 1179 1632 li-

91 1660 321 1709 bertatisque
348 1662 540 1705 memoria,
561 1661 707 1711 plebem
736 1661 890 1703 adulari,
920 1660 1093 1702 salutare,
1113 1660 1178 1696 be-

90 1725 205 1773 nigne
223 1725 393 1768 invitare,
411 1726 596 1775 adparatis
617 1726 783 1774 accipere
803 1725 933 1774 epulis,
951 1737 1011 1760 eas
1031 1736 1178 1760 caussas

92 1789 292 1838 suscipere,
314 1789 347 1824 ei
366 1801 509 1838 semper
528 1789 625 1838 parti
645 1789 785 1831 adesse,
813 1788 1014 1824 secundum
1034 1800 1115 1823 eam
1133 1787 1179 1823 li-

90 1858 168 1888 tem
180 1851 325 1902 judices
346 1853 446 1895 dare,
467 1866 548 1902 quae
573 1854 690 1901 magis
710 1852 898 1902 popularis
927 1852 1121 1902 aptiorque
1139 1852 1179 1887 in

34 1918 35 1921 ’
88 1915 220 1965 vulgus
239 1916 358 1953 favori
385 1917 619 1954 conciliando
648 1923 755 1953 esset.
809 1916 896 1952 Jam
915 1929 1002 1952 vero
1027 1915 1122 1951 nihil
1140 1916 1179 1951 in

32 2019 34 2027 ‚
89 1988 221 2016 senatu
240 1987 363 2016 actum
389 1981 509 2024 aliter,
530 1994 639 2030 quam
665 1982 695 2017 si
720 1981 838 2031 plebis
866 1981 918 2017 ibi
938 1987 1032 2018 esset
1053 1981 1179 2017 conci-

86 2044 190 2080 lium.
245 2044 370 2081 Prona
389 2058 533 2096 semper
552 2047 680 2082 civitas
704 2047 742 2082 in
760 2046 958 2089 luxuriam,
978 2058 1056 2081 non
1074 2046 1179 2094 iuge-

87 2109 236 2144 niorum
254 2109 366 2145 modo
385 2111 490 2153 vitio,
512 2111 576 2146 sed
594 2111 771 2147 adfluenti
790 2112 898 2161 copia
917 2110 1179 2160 voluptatium,

89 2178 127 2208 et
145 2172 339 2210 inlecebris
360 2176 480 2210 omnis
504 2176 731 2211 amoenitatis
750 2176 947 2211 maritimae
975 2174 1179 2211 terrestris-

91 2248 184 2284 que5
214 2243 295 2274 tum
320 2251 406 2275 vero
436 2240 489 2275 ita
517 2239 696 2288 obsequio
724 2241 934 2290 principum
964 2245 1001 2275 et
1028 2238 1181 2274 licentia

92 2297 212 2349 plebei
231 2300 411 2346 lascivire,
432 2310 474 2339 ut
496 2316 564 2339 nec
582 2302 728 2339 libidini
752 2315 821 2339 nec
839 2302 1022 2339 sumtibus
1049 2300 1180 2338 modus
