1527 2661
385 201 537 229 LIBER
564 200 683 228 XXV·
717 199 824 228 CAP.
847 201 966 228 XXV.
1151 198 1232 244 473

122 289 284 325 maxime
300 288 519 337 transfugae,
537 288 671 337 quibus
688 288 791 324 nulla
810 295 890 324 erat
910 301 975 338 per
992 289 1229 326 conditiones
1244 289 1286 320 U·
1299 289 1334 319 C·
1355 297 1427 320 540-

120 354 238 389 venire
265 365 347 403 spes
365 368 371 389 :
404 353 430 388 ii
449 366 518 389 nec
546 353 647 389 adire
670 365 811 395 mul·OS,
832 365 902 389 nec
929 353 1080 403 adloqui
1101 367 1230 403 quem·
1243 334 1283 364 A'
1300 333 1336 364 C‘
1353 339 1427 363 Ἧι

121 429 232 464 quam
261 417 384 467 passi:
417 418 544 466 itaque
568 416 787 459 Marcellus,
815 424 1016 466 postquam
1039 417 1077 452 id
1103 418 1231 468 incep-

114 487 199 516 tum
225 481 372 517 irritum
393 481 480 525 fuit,
501 482 547 517 ad
573 481 778 530 Euryalum
810 482 919 529 signa
943 482 1072 517 referri
1089 481 1228 531 jussit:

113 544 283 580 tumulus
304 553 359 581 est
389 547 428 581 in
457 553 626 582 extrema
655 553 761 595 parte
791 546 893 582 urbis
916 558 1040 582 versus
1071 559 1093 582 a
1123 549 1230 590 mari,

115 608 259 657 viaeque
289 609 477 645 inminens
504 609 640 646 ferenti
669 611 707 645 in
741 622 852 658 agros
884 610 1232 660 mediterraneaque

117 671 263 715 insulae,
286 673 552 722 percommode
579 674 671 709 situs
701 674 747 709 ad
777 682 1008 710 commeatus
1038 675 1230 724 excipien-

113 734 195 771 dOS.
251 736 418 774 Praeerat
453 739 541 774 huic
578 739 655 774 arci
690 737 934 775 Philodemus
963 739 1142 787 Argivus,
1181 739 1228 776 ab

113 800 283 851 Epicyde
302 804 504 853 inpositus,
523 805 569 840 ad
585 817 694 853 quem
711 805 844 841 missus
865 818 887 840 a
901 803 1087 840 Marcello
1108 804 1225 847 Sosis,

110 876 208 900 vunus
238 878 284 902 ex
313 867 619 904 interfectoribus
649 870 815 917 tyranni,
843 881 972 917 quum,
1003 867 1119 918 longo
1149 880 1227 904 ser-

106 941 224 965 mone
244 930 391 975 habito,
413 932 549 969 dilatus
570 945 637 983 per
654 933 941 968 frustrationem
963 938 1074 975 esset,
1095 932 1227 968 retulit

109 992 310 1039 Marcello,
341 1002 489 1048 tempus
524 1010 609 1034 eum
640 997 687 1034 ad
717 996 1001 1033 deliberandum
1035 997 1224 1032 sumsisse.

109 1057 238 1097 Quum
266 1060 296 1095 is
317 1060 416 1096 diem
435 1062 478 1098 de
499 1062 557 1098 die
577 1061 754 1104 differret,
776 1061 864 1097 dum
891 1059 1147 1110 Hippocrates
1168 1068 1225 1096 at-

110 1134 183 1170 que
212 1122 382 1160 Himilco
412 1125 657 1161 admoverent
686 1131 809 1166 castra
841 1123 1099 1172 legionesque,
1127 1124 1226 1160 haud

105 1184 260 1230 dubius,
281 1187 312 1222 si
332 1188 370 1223 in
390 1201 515 1225 arcem
538 1189 745 1239 accepisset
771 1200 850 1231 eos,
871 1187 986 1223 deleri
1005 1187 1225 1224 Romanum

105 1251 317 1288 exereitum
336 1252 524 1289 inclusum
542 1254 657 1289 muris
678 1265 789 1303 posse
802 1269 813 1298 3
845 1252 1065 1295 Marcellus,
1083 1260 1125 1287 ut
1143 1251 1223 1288 Eu·

106 1314 253 1363 ryalum
282 1328 405 1366 neque
434 1317 543 1359 tradi,
577 1329 700 1366 neque
730 1318 815 1368 capi
843 1317 937 1353 vidit
966 1328 1091 1366 posse,
1125 1316 1225 1352 inter

106 1377 312 1429 Neapolim
332 1387 370 1417 et
388 1381 560 1431 Tycham
582 1383 756 1430 (nomina
780 1382 945 1432 partium
965 1380 1081 1423 urbis,
1103 1387 1141 1416 et
1163 1381 1221 1416 in-

106 1449 185 1480 star
207 1444 357 1482 urbium
386 1447 491 1493 sunt)
514 1448 643 1498 posuit
671 1454 808 1489 castra,
829 1447 981 1488 timens,
1003 1457 1064 1487 ne,
1086 1445 1116 1480 si
1145 1443 1220 1480 fre-

102 1509 260 1557 quentia
283 1509 460 1546 intrasset
489 1510 586 1554 loca,
619 1511 805 1547 contineri
836 1510 883 1546 ab
913 1509 1082 1545 discursu
1112 1508 1218 1544 miles

103 1573 233 1609 avidus
263 1574 398 1624 praedae
424 1588 503 1612 non
531 1582 673 1625 posset.
729 1575 868 1624 Legati
889 1586 934 1610 eo
961 1572 1007 1609 ab
1027 1572 1158 1622 Tycha
1180 1579 1218 1608 et
1231 1576 1380 1617 Neapolis
1397 1584 1429 1608 et

101 1637 268 1688 Neapoli
289 1653 372 1676 cum
393 1640 520 1677 infulis
542 1647 579 1677 et
598 1640 819 1677 velamentis
839 1646 1037 1681 venerunt,
1058 1650 1215 1688 precan-
1228 1621 1413 1697 ffggruarfie‘

102 1708 174 1745 tes,
205 1709 245 1739 ut
274 1717 296 1740 a
324 1705 487 1741 caedibus
518 1713 556 1741 et
584 1706 631 1741 ab
660 1705 843 1741 incendiis
872 1709 1101 1754 parceretur.
1156 1701 1217 1738 De

103 1777 264 1815 quorum
295 1768 484 1817 precibus,
512 1782 623 1818 quam
655 1769 872 1819 postulatiS,
903 1767 1024 1815 magis
1055 1766 1215 1802 consilio

102 1832 249 1876 habito,
269 1833 474 1869 Marcellus
502 1846 548 1870 ex
568 1834 736 1870 omnium
758 1832 947 1868 sententia
973 1831 1091 1867 edixit
1115 1830 1214 1866 mili-

100 1896 216 1939 tibus,
243 1910 287 1933 πε
305 1899 382 1945 quis
407 1899 554 1934 libertem
581 1910 708 1946 corpus
735 1898 914 1933 violaret:
943 1900 1061 1931 cetera
1084 1896 1216 1943 prcccloe

89 1960 252 2010 futura:
280 1969 476 2010 castraque
497 1963 605 1997 tectis
633 1962 816 2011 parietum
846 1973 915 2010 pro
942 1971 1051 1995 muro
1080 1965 1209 2008 septa:

99 2026 217 2075 portis
239 2027 394 2074 regione
418 2026 626 2076 platearum
656 2025 873 2075 patentibus
902 2024 1086 2059 stationes
1116 2035 1212 2071 prae-

97 2089 265 2138 sidiaque
285 2089 485 2139 disposuit,
505 2102 553 2126 ne
571 2091 652 2138 quis
674 2091 711 2126 in
733 2090 902 2125 discursu
922 2086 1084 2123 militum
1106 2087 1210 2136 inpe-

98 2160 157 2188 tus
184 2154 223 2188 in
243 2160 366 2189 castra
386 2153 464 2188 fieri
491 2160 631 2202 posset.
689 2153 796 2195 Inde,
817 2153 927 2200 signo
947 2151 1051 2192 (lato,
1072 2148 1209 2185 milites

97 2217 352 2253 discurrerunt
368 2233 375 2254 :
408 2218 653 2267 refractisque
672 2217 831 2259 foribus,
849 2228 965 2265 quum
984 2214 1113 2250 omnia
1132 2220 1208 2248 ter-

98 2293 183 2317 rore
203 2294 245 2317 ac
265 2281 430 2317 tumultu
450 2288 674 2332 streperent,
695 2295 717 2318 a
732 2280 895 2317 caedibus
916 2287 1043 2315 tamen
1063 2284 1208 2327 tempe-

98 2352 221 2382 ratum
251 2353 329 2382 est:
362 2346 502 2396 rapinis
536 2344 660 2382 nullus
694 2351 782 2381 ante
815 2344 948 2380 modus
978 2342 1064 2384 fuit,-
1095 2352 1208 2390 quam
