<?xml version="1.0" encoding="UTF-8"?>
<!DOCTYPE html PUBLIC "-//W3C//DTD XHTML 1.0 Transitional//EN"
    "http://www.w3.org/TR/xhtml1/DTD/xhtml1-transitional.dtd">
<html xmlns="http://www.w3.org/1999/xhtml" xml:lang="en" lang="en">
 <head>
  <title>
</title>
<meta http-equiv="Content-Type" content="text/html;charset=utf-8" />
  <meta name='ocr-system' content='tesseract 3.04.00' />
  <meta name='ocr-capabilities' content='ocr_page ocr_carea ocr_par ocr_line ocrx_word'/>
</head>
<body>
  <div class='ocr_page' id='page_1' title='image "./historiarumquaes02livyuoft/historiarumquaes02livyuoft_0423.png"; bbox 0 0 1527 2661; ppageno 0'>
   <div class='ocr_carea' id='block_1_1' title="bbox 280 180 1166 223">
    <p class='ocr_par' dir='ltr' id='par_1_1' title="bbox 280 180 1166 223">
     <span class='ocr_line' id='line_1_1' title="bbox 280 180 1166 223; baseline -0.003 -12"><span class='ocrx_word' id='word_1_1' title='bbox 280 183 431 212; x_wconf 85' lang='lat' dir='ltr'>LIBER</span> <span class='ocrx_word' id='word_1_2' title='bbox 455 180 597 211; x_wconf 81' lang='lat' dir='ltr'>XXIV.</span> <span class='ocrx_word' id='word_1_3' title='bbox 630 180 736 210; x_wconf 77' lang='lat' dir='ltr'><strong>CAP.</strong></span> <span class='ocrx_word' id='word_1_4' title='bbox 760 180 938 209; x_wconf 82' lang='lat' dir='ltr'>XXXIV.</span> <span class='ocrx_word' id='word_1_5' title='bbox 1085 180 1166 223; x_wconf 75' lang='lat'>413</span> 
     </span>
    </p>
   </div>
   <div class='ocr_carea' id='block_1_2' title="bbox 57 270 1365 2370">
    <p class='ocr_par' dir='ltr' id='par_1_2' title="bbox 57 270 1365 2370">
     <span class='ocr_line' id='line_1_2' title="bbox 60 270 1365 321; baseline 0.001 -13"><span class='ocrx_word' id='word_1_6' title='bbox 60 272 134 308; x_wconf 87' lang='lat' dir='ltr'>bile</span> <span class='ocrx_word' id='word_1_7' title='bbox 164 273 210 308; x_wconf 84' lang='lat' dir='ltr'>ad</span> <span class='ocrx_word' id='word_1_8' title='bbox 239 272 504 308; x_wconf 87' lang='lat' dir='ltr'>remittendum</span> <span class='ocrx_word' id='word_1_9' title='bbox 534 270 703 321; x_wconf 87' lang='lat' dir='ltr'>inperitis</span> <span class='ocrx_word' id='word_1_10' title='bbox 742 276 812 313; x_wconf 89' lang='lat' dir='ltr'>est,</span> <span class='ocrx_word' id='word_1_11' title='bbox 851 270 912 305; x_wconf 84' lang='lat' dir='ltr'>vix</span> <span class='ocrx_word' id='word_1_12' title='bbox 942 281 1166 318; x_wconf 86' lang='lat' dir='ltr'>quemqnam</span> <span class='ocrx_word' id='word_1_13' title='bbox 1180 275 1222 307; x_wconf 89' lang='lat' dir='ltr'>U.</span> <span class='ocrx_word' id='word_1_14' title='bbox 1235 276 1272 306; x_wconf 87' lang='lat' dir='ltr'>C.</span> <span class='ocrx_word' id='word_1_15' title='bbox 1291 283 1365 309; x_wconf 81' lang='lat'>538.</span> 
     </span>
     <span class='ocr_line' id='line_1_3' title="bbox 59 320 1360 383; baseline -0.002 -12"><span class='ocrx_word' id='word_1_16' title='bbox 59 336 141 371; x_wconf 88' lang='lat' dir='ltr'>sine</span> <span class='ocrx_word' id='word_1_17' title='bbox 162 335 314 372; x_wconf 85' lang='lat' dir='ltr'>vulnere</span> <span class='ocrx_word' id='word_1_18' title='bbox 344 336 550 372; x_wconf 83' lang='lat' dir='ltr'>consistere</span> <span class='ocrx_word' id='word_1_19' title='bbox 581 336 619 370; x_wconf 89' lang='lat' dir='ltr'>in</span> <span class='ocrx_word' id='word_1_20' title='bbox 643 344 757 370; x_wconf 72' lang='lat' dir='ltr'>‘muro</span> <span class='ocrx_word' id='word_1_21' title='bbox 787 333 1040 383; x_wconf 89' lang='lat' dir='ltr'>patiebantur.</span> <span class='ocrx_word' id='word_1_22' title='bbox 1098 333 1166 377; x_wconf 87' lang='lat' dir='ltr'>Hi,</span> <span class='ocrx_word' id='word_1_23' title='bbox 1180 321 1218 351; x_wconf 70' lang='lat' dir='ltr'>A·</span> <span class='ocrx_word' id='word_1_24' title='bbox 1232 320 1268 351; x_wconf 76' lang='lat' dir='ltr'>C·</span> <span class='ocrx_word' id='word_1_25' title='bbox 1285 327 1360 351; x_wconf 69' lang='lat'>²¹⁴·</span> 
     </span>
     <span class='ocr_line' id='line_1_4' title="bbox 61 398 1168 450; baseline 0 -16"><span class='ocrx_word' id='word_1_26' title='bbox 61 400 149 447; x_wconf 87' lang='lat' dir='ltr'>quia</span> <span class='ocrx_word' id='word_1_27' title='bbox 175 400 297 449; x_wconf 88' lang='lat' dir='ltr'>spatio</span> <span class='ocrx_word' id='word_1_28' title='bbox 327 399 530 436; x_wconf 83' lang='lat' dir='ltr'>missilibus</span> <span class='ocrx_word' id='word_1_29' title='bbox 559 412 652 450; x_wconf 90' lang='lat' dir='ltr'>opus</span> <span class='ocrx_word' id='word_1_30' title='bbox 680 405 750 442; x_wconf 91' lang='lat' dir='ltr'>est,</span> <span class='ocrx_word' id='word_1_31' title='bbox 771 398 903 449; x_wconf 89' lang='lat' dir='ltr'>procul</span> <span class='ocrx_word' id='word_1_32' title='bbox 928 410 1039 434; x_wconf 86' lang='lat' dir='ltr'>muro</span> <span class='ocrx_word' id='word_1_33' title='bbox 1062 405 1168 434; x_wconf 86' lang='lat' dir='ltr'>tene-</span> 
     </span>
     <span class='ocr_line' id='line_1_5' title="bbox 59 462 1168 513; baseline -0.001 -15"><span class='ocrx_word' id='word_1_34' title='bbox 59 462 152 498; x_wconf 86' lang='lat' dir='ltr'>bant</span> <span class='ocrx_word' id='word_1_35' title='bbox 188 475 324 499; x_wconf 87' lang='lat' dir='ltr'>naves:</span> <span class='ocrx_word' id='word_1_36' title='bbox 351 462 497 513; x_wconf 68' lang='lat' dir='ltr'>junctae</span> <span class='ocrx_word' id='word_1_37' title='bbox 535 463 616 499; x_wconf 83' lang='lat' dir='ltr'>aliae</span> <span class='ocrx_word' id='word_1_38' title='bbox 653 463 753 499; x_wconf 82' lang='lat' dir='ltr'>binae</span> <span class='ocrx_word' id='word_1_39' title='bbox 789 463 836 498; x_wconf 84' lang='lat' dir='ltr'>ad</span> <span class='ocrx_word' id='word_1_40' title='bbox 867 463 1168 512; x_wconf 81' lang='lat' dir='ltr'>quinqueremes,</span> 
     </span>
     <span class='ocr_line' id='line_1_6' title="bbox 60 526 1169 576; baseline 0.001 -15"><span class='ocrx_word' id='word_1_41' title='bbox 60 527 192 563; x_wconf 82' lang='lat' dir='ltr'>demtis</span> <span class='ocrx_word' id='word_1_42' title='bbox 208 528 450 564; x_wconf 83' lang='lat' dir='ltr'>interioribus</span> <span class='ocrx_word' id='word_1_43' title='bbox 466 529 593 571; x_wconf 88' lang='lat' dir='ltr'>remis,</span> <span class='ocrx_word' id='word_1_44' title='bbox 610 534 651 563; x_wconf 90' lang='lat' dir='ltr'>ut</span> <span class='ocrx_word' id='word_1_45' title='bbox 666 527 764 563; x_wconf 88' lang='lat' dir='ltr'>latus</span> <span class='ocrx_word' id='word_1_46' title='bbox 780 526 888 562; x_wconf 88' lang='lat' dir='ltr'>lateri</span> <span class='ocrx_word' id='word_1_47' title='bbox 904 526 1169 576; x_wconf 85' lang='lat' dir='ltr'>adplicaretur,</span> 
     </span>
     <span class='ocr_line' id='line_1_7' title="bbox 59 591 1170 641; baseline 0.002 -14"><span class='ocrx_word' id='word_1_48' title='bbox 59 605 175 640; x_wconf 89' lang='lat' dir='ltr'>quum</span> <span class='ocrx_word' id='word_1_49' title='bbox 195 594 379 630; x_wconf 76' lang='lat' dir='ltr'>exteriore</span> <span class='ocrx_word' id='word_1_50' title='bbox 403 594 535 630; x_wconf 83' lang='lat' dir='ltr'>ordine</span> <span class='ocrx_word' id='word_1_51' title='bbox 555 605 743 629; x_wconf 85' lang='lat' dir='ltr'>remorum</span> <span class='ocrx_word' id='word_1_52' title='bbox 764 591 864 627; x_wconf 78' lang='lat' dir='ltr'>velut</span> <span class='ocrx_word' id='word_1_53' title='bbox 882 604 995 628; x_wconf 78' lang='lat' dir='ltr'>naves</span> <span class='ocrx_word' id='word_1_54' title='bbox 1013 605 1170 641; x_wconf 86' lang='lat' dir='ltr'>ageren-</span> 
     </span>
     <span class='ocr_line' id='line_1_8' title="bbox 59 656 1171 706; baseline 0.002 -16"><span class='ocrx_word' id='word_1_55' title='bbox 59 664 133 698; x_wconf 82' lang='lat' dir='ltr'>tur,</span> <span class='ocrx_word' id='word_1_56' title='bbox 156 663 274 693; x_wconf 84' lang='lat' dir='ltr'>turres</span> <span class='ocrx_word' id='word_1_57' title='bbox 297 657 559 694; x_wconf 82' lang='lat' dir='ltr'>contabulatas</span> <span class='ocrx_word' id='word_1_58' title='bbox 580 657 959 705; x_wconf 81' lang='lat' dir='ltr'>machinamentaque</span> <span class='ocrx_word' id='word_1_59' title='bbox 986 656 1059 693; x_wconf 90' lang='lat' dir='ltr'>alia</span> <span class='ocrx_word' id='word_1_60' title='bbox 1078 670 1171 706; x_wconf 87' lang='lat' dir='ltr'>qua·</span> 
     </span>
     <span class='ocr_line' id='line_1_9' title="bbox 59 721 1172 772; baseline 0.003 -18"><span class='ocrx_word' id='word_1_61' title='bbox 59 721 195 756; x_wconf 82' lang='lat' dir='ltr'>tiendis</span> <span class='ocrx_word' id='word_1_62' title='bbox 230 723 344 758; x_wconf 86' lang='lat' dir='ltr'>muris</span> <span class='ocrx_word' id='word_1_63' title='bbox 375 722 592 772; x_wconf 85' lang='lat' dir='ltr'>portabant.</span> <span class='ocrx_word' id='word_1_64' title='bbox 650 722 838 758; x_wconf 85' lang='lat' dir='ltr'>Adversus</span> <span class='ocrx_word' id='word_1_65' title='bbox 870 721 971 757; x_wconf 87' lang='lat' dir='ltr'>hunc</span> <span class='ocrx_word' id='word_1_66' title='bbox 1000 721 1172 758; x_wconf 88' lang='lat' dir='ltr'>navalem</span> 
     </span>
     <span class='ocr_line' id='line_1_10' title="bbox 61 784 1172 834; baseline 0.003 -15"><span class='ocrx_word' id='word_1_67' title='bbox 61 784 281 834; x_wconf 84' lang='lat' dir='ltr'>adparatum</span> <span class='ocrx_word' id='word_1_68' title='bbox 303 788 546 823; x_wconf 88' lang='lat' dir='ltr'>Archimedes</span> <span class='ocrx_word' id='word_1_69' title='bbox 563 787 675 822; x_wconf 84' lang='lat' dir='ltr'>variae</span> <span class='ocrx_word' id='word_1_70' title='bbox 694 786 965 834; x_wconf 86' lang='lat' dir='ltr'>magnitudinis</span> <span class='ocrx_word' id='word_1_71' title='bbox 982 792 1172 823; x_wconf 89' lang='lat' dir='ltr'>tormenta</span> 
     </span>
     <span class='ocr_line' id='line_1_11' title="bbox 58 848 1171 900; baseline 0.004 -17"><span class='ocrx_word' id='word_1_72' title='bbox 58 848 95 883; x_wconf 88' lang='lat' dir='ltr'>in</span> <span class='ocrx_word' id='word_1_73' title='bbox 116 850 230 885; x_wconf 83' lang='lat' dir='ltr'>muris</span> <span class='ocrx_word' id='word_1_74' title='bbox 251 850 458 900; x_wconf 83' lang='lat' dir='ltr'>disposuit:</span> <span class='ocrx_word' id='word_1_75' title='bbox 492 852 531 886; x_wconf 89' lang='lat' dir='ltr'>in</span> <span class='ocrx_word' id='word_1_76' title='bbox 552 863 628 893; x_wconf 88' lang='lat' dir='ltr'>eas,</span> <span class='ocrx_word' id='word_1_77' title='bbox 650 863 732 898; x_wconf 87' lang='lat' dir='ltr'>quae</span> <span class='ocrx_word' id='word_1_78' title='bbox 757 849 890 900; x_wconf 89' lang='lat' dir='ltr'>procul</span> <span class='ocrx_word' id='word_1_79' title='bbox 916 857 1036 894; x_wconf 88' lang='lat' dir='ltr'>erant,</span> <span class='ocrx_word' id='word_1_80' title='bbox 1058 863 1171 887; x_wconf 87' lang='lat' dir='ltr'>naves</span> 
     </span>
     <span class='ocr_line' id='line_1_12' title="bbox 61 914 1172 965; baseline 0.004 -18"><span class='ocrx_word' id='word_1_81' title='bbox 61 923 151 949; x_wconf 85' lang='lat' dir='ltr'>saxa</span> <span class='ocrx_word' id='word_1_82' title='bbox 177 914 321 962; x_wconf 87' lang='lat' dir='ltr'>ingenti</span> <span class='ocrx_word' id='word_1_83' title='bbox 349 914 515 965; x_wconf 87' lang='lat' dir='ltr'>pondere</span> <span class='ocrx_word' id='word_1_84' title='bbox 546 914 767 951; x_wconf 86' lang='lat' dir='ltr'>emittebat:</span> <span class='ocrx_word' id='word_1_85' title='bbox 800 915 995 965; x_wconf 87' lang='lat' dir='ltr'>propiores</span> <span class='ocrx_word' id='word_1_86' title='bbox 1021 914 1172 951; x_wconf 86' lang='lat' dir='ltr'>leviori-</span> 
     </span>
     <span class='ocr_line' id='line_1_13' title="bbox 60 976 1172 1030; baseline 0.004 -18"><span class='ocrx_word' id='word_1_87' title='bbox 60 976 144 1021; x_wconf 88' lang='lat' dir='ltr'>bus,</span> <span class='ocrx_word' id='word_1_88' title='bbox 166 990 285 1027; x_wconf 90' lang='lat' dir='ltr'>eoque</span> <span class='ocrx_word' id='word_1_89' title='bbox 313 980 432 1028; x_wconf 83' lang='lat' dir='ltr'>magis</span> <span class='ocrx_word' id='word_1_90' title='bbox 460 979 614 1023; x_wconf 87' lang='lat' dir='ltr'>crebris,</span> <span class='ocrx_word' id='word_1_91' title='bbox 642 979 798 1030; x_wconf 88' lang='lat' dir='ltr'>petebat</span> <span class='ocrx_word' id='word_1_92' title='bbox 824 979 931 1015; x_wconf 85' lang='lat' dir='ltr'>telis:</span> <span class='ocrx_word' id='word_1_93' title='bbox 964 986 1172 1030; x_wconf 89' lang='lat' dir='ltr'>postremo,</span> 
     </span>
     <span class='ocr_line' id='line_1_14' title="bbox 61 1042 1175 1092; baseline 0.004 -16"><span class='ocrx_word' id='word_1_94' title='bbox 61 1048 103 1076; x_wconf 81' lang='lat' dir='ltr'>ut</span> <span class='ocrx_word' id='word_1_95' title='bbox 122 1042 177 1078; x_wconf 86' lang='lat' dir='ltr'>sui</span> <span class='ocrx_word' id='word_1_96' title='bbox 196 1043 347 1080; x_wconf 85' lang='lat' dir='ltr'>vulnere</span> <span class='ocrx_word' id='word_1_97' title='bbox 368 1044 502 1080; x_wconf 84' lang='lat' dir='ltr'>intacti</span> <span class='ocrx_word' id='word_1_98' title='bbox 522 1043 599 1080; x_wconf 88' lang='lat' dir='ltr'>tela</span> <span class='ocrx_word' id='word_1_99' title='bbox 617 1044 655 1080; x_wconf 88' lang='lat' dir='ltr'>in</span> <span class='ocrx_word' id='word_1_100' title='bbox 676 1044 826 1080; x_wconf 87' lang='lat' dir='ltr'>hostem</span> <span class='ocrx_word' id='word_1_101' title='bbox 845 1044 1074 1092; x_wconf 84' lang='lat' dir='ltr'>ingererent,</span> <span class='ocrx_word' id='word_1_102' title='bbox 1091 1057 1175 1080; x_wconf 85' lang='lat' dir='ltr'>mu·</span> 
     </span>
     <span class='ocr_line' id='line_1_15' title="bbox 61 1105 1174 1144; baseline 0.004 -4"><span class='ocrx_word' id='word_1_103' title='bbox 61 1117 143 1141; x_wconf 90' lang='lat' dir='ltr'>rum</span> <span class='ocrx_word' id='word_1_104' title='bbox 164 1105 210 1142; x_wconf 91' lang='lat' dir='ltr'>ab</span> <span class='ocrx_word' id='word_1_105' title='bbox 231 1106 308 1143; x_wconf 88' lang='lat' dir='ltr'>imo</span> <span class='ocrx_word' id='word_1_106' title='bbox 328 1107 376 1143; x_wconf 88' lang='lat' dir='ltr'>ad</span> <span class='ocrx_word' id='word_1_107' title='bbox 396 1119 583 1143; x_wconf 88' lang='lat' dir='ltr'>summum</span> <span class='ocrx_word' id='word_1_108' title='bbox 603 1107 742 1144; x_wconf 89' lang='lat' dir='ltr'>crebris</span> <span class='ocrx_word' id='word_1_109' title='bbox 764 1106 992 1144; x_wconf 80' lang='lat' dir='ltr'>cubitalibus</span> <span class='ocrx_word' id='word_1_110' title='bbox 1013 1107 1092 1144; x_wconf 83' lang='lat' dir='ltr'>fere</span> <span class='ocrx_word' id='word_1_111' title='bbox 1112 1121 1174 1144; x_wconf 89' lang='lat' dir='ltr'>ca-</span> 
     </span>
     <span class='ocr_line' id='line_1_16' title="bbox 63 1168 1222 1223; baseline 0.005 -20"><span class='ocrx_word' id='word_1_112' title='bbox 63 1168 116 1204; x_wconf 89' lang='lat' dir='ltr'>vis</span> <span class='ocrx_word' id='word_1_113' title='bbox 146 1171 317 1219; x_wconf 67' lang='lat' dir='ltr'>aperuit,</span> <span class='ocrx_word' id='word_1_114' title='bbox 349 1184 416 1221; x_wconf 89' lang='lat' dir='ltr'>per</span> <span class='ocrx_word' id='word_1_115' title='bbox 436 1185 518 1220; x_wconf 83' lang='lat' dir='ltr'>quae</span> <span class='ocrx_word' id='word_1_116' title='bbox 546 1185 638 1208; x_wconf 88' lang='lat' dir='ltr'>cava</span> <span class='ocrx_word' id='word_1_117' title='bbox 662 1184 748 1223; x_wconf 83' lang='lat' dir='ltr'>pars</span> <span class='ocrx_word' id='word_1_118' title='bbox 775 1172 938 1220; x_wconf 84' lang='lat' dir='ltr'>sagittis,</span> <span class='ocrx_word' id='word_1_119' title='bbox 959 1184 1043 1221; x_wconf 87' lang='lat' dir='ltr'>pars</span> <span class='ocrx_word' id='word_1_120' title='bbox 1071 1185 1174 1209; x_wconf 89' lang='lat' dir='ltr'>scor·</span> <span class='ocrx_word' id='word_1_121' title='bbox 1218 1197 1222 1199; x_wconf 58' lang='lat'><strong>&gt;</strong></span> 
     </span>
     <span class='ocr_line' id='line_1_17' title="bbox 60 1233 1173 1286; baseline 0.004 -18"><span class='ocrx_word' id='word_1_122' title='bbox 60 1233 237 1283; x_wconf 87' lang='lat' dir='ltr'>pionibus</span> <span class='ocrx_word' id='word_1_123' title='bbox 258 1235 413 1271; x_wconf 88' lang='lat' dir='ltr'>modicis</span> <span class='ocrx_word' id='word_1_124' title='bbox 435 1248 481 1272; x_wconf 82' lang='lat' dir='ltr'>ex</span> <span class='ocrx_word' id='word_1_125' title='bbox 497 1235 651 1272; x_wconf 87' lang='lat' dir='ltr'>occulto</span> <span class='ocrx_word' id='word_1_126' title='bbox 669 1235 850 1286; x_wconf 85' lang='lat' dir='ltr'>petebant</span> <span class='ocrx_word' id='word_1_127' title='bbox 869 1236 1030 1272; x_wconf 88' lang='lat' dir='ltr'>hostem.</span> <span class='ocrx_word' id='word_1_128' title='bbox 1079 1236 1173 1275; x_wconf 85' lang='lat' dir='ltr'>Quae</span> 
     </span>
     <span class='ocr_line' id='line_1_18' title="bbox 60 1298 1174 1348; baseline 0.004 -16"><span class='ocrx_word' id='word_1_129' title='bbox 60 1298 214 1347; x_wconf 89' lang='lat' dir='ltr'>propius</span> <span class='ocrx_word' id='word_1_130' title='bbox 235 1299 406 1348; x_wconf 83' lang='lat' dir='ltr'>quaedam</span> <span class='ocrx_word' id='word_1_131' title='bbox 427 1299 606 1336; x_wconf 85' lang='lat' dir='ltr'>subibant</span> <span class='ocrx_word' id='word_1_132' title='bbox 626 1312 753 1343; x_wconf 89' lang='lat' dir='ltr'>naves,</span> <span class='ocrx_word' id='word_1_133' title='bbox 775 1312 850 1348; x_wconf 89' lang='lat' dir='ltr'>quo</span> <span class='ocrx_word' id='word_1_134' title='bbox 871 1300 1068 1335; x_wconf 81' lang='lat' dir='ltr'>interiores</span> <span class='ocrx_word' id='word_1_135' title='bbox 1088 1300 1174 1336; x_wconf 88' lang='lat' dir='ltr'>icti-</span> 
     </span>
     <span class='ocr_line' id='line_1_19' title="bbox 58 1360 1172 1414; baseline 0.004 -18"><span class='ocrx_word' id='word_1_136' title='bbox 58 1360 129 1397; x_wconf 88' lang='lat' dir='ltr'>bus</span> <span class='ocrx_word' id='word_1_137' title='bbox 150 1368 427 1400; x_wconf 88' lang='lat' dir='ltr'>tormentorum</span> <span class='ocrx_word' id='word_1_138' title='bbox 447 1370 585 1407; x_wconf 86' lang='lat' dir='ltr'>essent,</span> <span class='ocrx_word' id='word_1_139' title='bbox 607 1365 647 1400; x_wconf 88' lang='lat' dir='ltr'>in</span> <span class='ocrx_word' id='word_1_140' title='bbox 666 1376 728 1400; x_wconf 91' lang='lat' dir='ltr'>eas</span> <span class='ocrx_word' id='word_1_141' title='bbox 745 1363 940 1399; x_wconf 87' lang='lat' dir='ltr'>tollenone</span> <span class='ocrx_word' id='word_1_142' title='bbox 960 1376 1071 1414; x_wconf 88' lang='lat' dir='ltr'>super</span> <span class='ocrx_word' id='word_1_143' title='bbox 1090 1376 1172 1400; x_wconf 88' lang='lat' dir='ltr'>mu-</span> 
     </span>
     <span class='ocr_line' id='line_1_20' title="bbox 58 1427 1175 1477; baseline 0.004 -18"><span class='ocrx_word' id='word_1_144' title='bbox 58 1435 142 1460; x_wconf 84' lang='lat' dir='ltr'>rum</span> <span class='ocrx_word' id='word_1_145' title='bbox 173 1427 363 1463; x_wconf 85' lang='lat' dir='ltr'>eminente</span> <span class='ocrx_word' id='word_1_146' title='bbox 392 1427 514 1463; x_wconf 86' lang='lat' dir='ltr'>ferrea</span> <span class='ocrx_word' id='word_1_147' title='bbox 544 1440 676 1463; x_wconf 85' lang='lat' dir='ltr'>manus</span> <span class='ocrx_word' id='word_1_148' title='bbox 697 1427 813 1464; x_wconf 87' lang='lat' dir='ltr'>firmae</span> <span class='ocrx_word' id='word_1_149' title='bbox 843 1434 985 1463; x_wconf 87' lang='lat' dir='ltr'>catenae</span> <span class='ocrx_word' id='word_1_150' title='bbox 1014 1427 1175 1477; x_wconf 80' lang='lat' dir='ltr'>inligata</span> 
     </span>
     <span class='ocr_line' id='line_1_21' title="bbox 57 1488 1173 1541; baseline 0.004 -18"><span class='ocrx_word' id='word_1_151' title='bbox 57 1499 174 1536; x_wconf 89' lang='lat' dir='ltr'>quum</span> <span class='ocrx_word' id='word_1_152' title='bbox 193 1488 335 1539; x_wconf 88' lang='lat' dir='ltr'>injecta</span> <span class='ocrx_word' id='word_1_153' title='bbox 361 1503 482 1540; x_wconf 85' lang='lat' dir='ltr'>prorae</span> <span class='ocrx_word' id='word_1_154' title='bbox 510 1497 622 1534; x_wconf 88' lang='lat' dir='ltr'>esset,</span> <span class='ocrx_word' id='word_1_155' title='bbox 643 1493 747 1540; x_wconf 86' lang='lat' dir='ltr'>gravi</span> <span class='ocrx_word' id='word_1_156' title='bbox 773 1491 1002 1527; x_wconf 85' lang='lat' dir='ltr'>libramento</span> <span class='ocrx_word' id='word_1_157' title='bbox 1028 1491 1173 1541; x_wconf 90' lang='lat' dir='ltr'>plumbi</span> 
     </span>
     <span class='ocr_line' id='line_1_22' title="bbox 57 1551 1173 1606; baseline 0.004 -19"><span class='ocrx_word' id='word_1_158' title='bbox 57 1551 259 1588; x_wconf 87' lang='lat' dir='ltr'>recellente</span> <span class='ocrx_word' id='word_1_159' title='bbox 279 1554 325 1589; x_wconf 90' lang='lat' dir='ltr'>ad</span> <span class='ocrx_word' id='word_1_160' title='bbox 352 1554 490 1598; x_wconf 87' lang='lat' dir='ltr'>solum,</span> <span class='ocrx_word' id='word_1_161' title='bbox 512 1567 691 1605; x_wconf 87' lang='lat' dir='ltr'>suspensa</span> <span class='ocrx_word' id='word_1_162' title='bbox 718 1567 844 1604; x_wconf 88' lang='lat' dir='ltr'>prora,</span> <span class='ocrx_word' id='word_1_163' title='bbox 865 1556 991 1591; x_wconf 89' lang='lat' dir='ltr'>navim</span> <span class='ocrx_word' id='word_1_164' title='bbox 1018 1556 1057 1590; x_wconf 91' lang='lat' dir='ltr'>in</span> <span class='ocrx_word' id='word_1_165' title='bbox 1077 1568 1173 1606; x_wconf 87' lang='lat' dir='ltr'>pup-</span> 
     </span>
     <span class='ocr_line' id='line_1_23' title="bbox 58 1614 1173 1663; baseline 0.005 -14"><span class='ocrx_word' id='word_1_166' title='bbox 58 1614 137 1663; x_wconf 88' lang='lat' dir='ltr'>pim</span> <span class='ocrx_word' id='word_1_167' title='bbox 156 1616 368 1653; x_wconf 84' lang='lat' dir='ltr'>statuebat:</span> <span class='ocrx_word' id='word_1_168' title='bbox 403 1618 503 1662; x_wconf 74' lang='lat' dir='ltr'>(lein,</span> <span class='ocrx_word' id='word_1_169' title='bbox 524 1620 679 1655; x_wconf 82' lang='lat' dir='ltr'>remissa</span> <span class='ocrx_word' id='word_1_170' title='bbox 706 1618 847 1661; x_wconf 87' lang='lat' dir='ltr'>subito,</span> <span class='ocrx_word' id='word_1_171' title='bbox 869 1618 970 1654; x_wconf 80' lang='lat' dir='ltr'>velut</span> <span class='ocrx_word' id='word_1_172' title='bbox 999 1632 1043 1654; x_wconf 85' lang='lat' dir='ltr'>ex</span> <span class='ocrx_word' id='word_1_173' title='bbox 1065 1632 1173 1655; x_wconf 86' lang='lat' dir='ltr'>muro</span> 
     </span>
     <span class='ocr_line' id='line_1_24' title="bbox 57 1670 1172 1731; baseline 0.004 -18"><span class='ocrx_word' id='word_1_174' title='bbox 57 1670 257 1715; x_wconf 80' lang='lat' dir='ltr'>cadentem</span> <span class='ocrx_word' id='word_1_175' title='bbox 275 1681 400 1716; x_wconf 86' lang='lat' dir='ltr'>navim</span> <span class='ocrx_word' id='word_1_176' title='bbox 422 1694 507 1717; x_wconf 91' lang='lat' dir='ltr'>cum</span> <span class='ocrx_word' id='word_1_177' title='bbox 526 1682 673 1730; x_wconf 85' lang='lat' dir='ltr'>ingenti</span> <span class='ocrx_word' id='word_1_178' title='bbox 695 1682 949 1731; x_wconf 87' lang='lat' dir='ltr'>trepidatione</span> <span class='ocrx_word' id='word_1_179' title='bbox 971 1688 1172 1719; x_wconf 85' lang='lat' dir='ltr'>nautarum</span> 
     </span>
     <span class='ocr_line' id='line_1_25' title="bbox 59 1741 1171 1791; baseline 0.004 -15"><span class='ocrx_word' id='word_1_180' title='bbox 59 1741 113 1776; x_wconf 88' lang='lat' dir='ltr'>ita</span> <span class='ocrx_word' id='word_1_181' title='bbox 132 1742 240 1778; x_wconf 87' lang='lat' dir='ltr'>undae</span> <span class='ocrx_word' id='word_1_182' title='bbox 267 1743 484 1791; x_wconf 88' lang='lat' dir='ltr'>adfligebat,</span> <span class='ocrx_word' id='word_1_183' title='bbox 506 1750 561 1787; x_wconf 89' lang='lat' dir='ltr'>ut,</span> <span class='ocrx_word' id='word_1_184' title='bbox 583 1745 729 1780; x_wconf 85' lang='lat' dir='ltr'>etiamsi</span> <span class='ocrx_word' id='word_1_185' title='bbox 758 1755 859 1780; x_wconf 86' lang='lat' dir='ltr'>recta</span> <span class='ocrx_word' id='word_1_186' title='bbox 885 1745 1081 1788; x_wconf 83' lang='lat' dir='ltr'>reciderat,</span> <span class='ocrx_word' id='word_1_187' title='bbox 1103 1745 1171 1782; x_wconf 89' lang='lat' dir='ltr'>ali-</span> 
     </span>
     <span class='ocr_line' id='line_1_26' title="bbox 58 1808 1170 1859; baseline 0.005 -19"><span class='ocrx_word' id='word_1_188' title='bbox 58 1812 240 1854; x_wconf 81' lang='lat' dir='ltr'>quantum</span> <span class='ocrx_word' id='word_1_189' title='bbox 261 1820 366 1855; x_wconf 86' lang='lat' dir='ltr'>aquae</span> <span class='ocrx_word' id='word_1_190' title='bbox 387 1809 585 1858; x_wconf 82' lang='lat' dir='ltr'>acciperet.</span> <span class='ocrx_word' id='word_1_191' title='bbox 644 1808 705 1845; x_wconf 91' lang='lat' dir='ltr'>Ita</span> <span class='ocrx_word' id='word_1_192' title='bbox 724 1810 913 1845; x_wconf 86' lang='lat' dir='ltr'>maritima</span> <span class='ocrx_word' id='word_1_193' title='bbox 933 1809 1170 1859; x_wconf 86' lang='lat' dir='ltr'>obpugnatio</span> 
     </span>
     <span class='ocr_line' id='line_1_27' title="bbox 59 1869 1170 1920; baseline 0.005 -16"><span class='ocrx_word' id='word_1_194' title='bbox 59 1874 116 1904; x_wconf 90' lang='lat' dir='ltr'>est</span> <span class='ocrx_word' id='word_1_195' title='bbox 135 1869 251 1913; x_wconf 89' lang='lat' dir='ltr'>elusa,</span> <span class='ocrx_word' id='word_1_196' title='bbox 273 1872 470 1920; x_wconf 86' lang='lat' dir='ltr'>omnisque</span> <span class='ocrx_word' id='word_1_197' title='bbox 490 1873 543 1907; x_wconf 87' lang='lat' dir='ltr'>vis</span> <span class='ocrx_word' id='word_1_198' title='bbox 564 1879 621 1908; x_wconf 88' lang='lat' dir='ltr'>est</span> <span class='ocrx_word' id='word_1_199' title='bbox 641 1885 686 1908; x_wconf 92' lang='lat' dir='ltr'>eo</span> <span class='ocrx_word' id='word_1_200' title='bbox 706 1885 826 1916; x_wconf 85' lang='lat' dir='ltr'>versa,</span> <span class='ocrx_word' id='word_1_201' title='bbox 849 1879 889 1909; x_wconf 91' lang='lat' dir='ltr'>ut</span> <span class='ocrx_word' id='word_1_202' title='bbox 918 1873 1008 1909; x_wconf 89' lang='lat' dir='ltr'>totis</span> <span class='ocrx_word' id='word_1_203' title='bbox 1030 1874 1170 1910; x_wconf 87' lang='lat' dir='ltr'>viribus</span> 
     </span>
     <span class='ocr_line' id='line_1_28' title="bbox 57 1935 1171 1987; baseline 0.005 -19"><span class='ocrx_word' id='word_1_204' title='bbox 57 1940 158 1969; x_wconf 85' lang='lat' dir='ltr'>terra</span> <span class='ocrx_word' id='word_1_205' title='bbox 190 1935 494 1983; x_wconf 82' lang='lat' dir='ltr'>adgrederentur.</span> <span class='ocrx_word' id='word_1_206' title='bbox 553 1937 625 1973; x_wconf 83' lang='lat' dir='ltr'>Sed</span> <span class='ocrx_word' id='word_1_207' title='bbox 663 1949 706 1973; x_wconf 88' lang='lat' dir='ltr'>ea</span> <span class='ocrx_word' id='word_1_208' title='bbox 735 1950 884 1986; x_wconf 88' lang='lat' dir='ltr'>quoque</span> <span class='ocrx_word' id='word_1_209' title='bbox 915 1950 1001 1987; x_wconf 88' lang='lat' dir='ltr'>pars</span> <span class='ocrx_word' id='word_1_210' title='bbox 1038 1939 1171 1975; x_wconf 88' lang='lat' dir='ltr'>eodem</span> 
     </span>
     <span class='ocr_line' id='line_1_29' title="bbox 58 1997 1169 2048; baseline 0.005 -16"><span class='ocrx_word' id='word_1_211' title='bbox 58 1997 162 2032; x_wconf 81' lang='lat' dir='ltr'>omni</span> <span class='ocrx_word' id='word_1_212' title='bbox 179 1997 361 2048; x_wconf 90' lang='lat' dir='ltr'>adparatu</span> <span class='ocrx_word' id='word_1_213' title='bbox 377 2006 654 2036; x_wconf 85' lang='lat' dir='ltr'>tormentorum</span> <span class='ocrx_word' id='word_1_214' title='bbox 675 2001 860 2037; x_wconf 84' lang='lat' dir='ltr'>instructa</span> <span class='ocrx_word' id='word_1_215' title='bbox 876 2007 970 2044; x_wconf 85' lang='lat' dir='ltr'>erat,</span> <span class='ocrx_word' id='word_1_216' title='bbox 988 2000 1169 2038; x_wconf 85' lang='lat' dir='ltr'>Hieronis</span> 
     </span>
     <span class='ocr_line' id='line_1_30' title="bbox 58 2059 1170 2113; baseline 0.005 -18"><span class='ocrx_word' id='word_1_217' title='bbox 58 2059 224 2109; x_wconf 88' lang='lat' dir='ltr'>inpensis</span> <span class='ocrx_word' id='word_1_218' title='bbox 246 2074 409 2111; x_wconf 89' lang='lat' dir='ltr'>curaque</span> <span class='ocrx_word' id='word_1_219' title='bbox 428 2076 493 2113; x_wconf 91' lang='lat' dir='ltr'>per</span> <span class='ocrx_word' id='word_1_220' title='bbox 513 2063 651 2100; x_wconf 86' lang='lat' dir='ltr'>multos</span> <span class='ocrx_word' id='word_1_221' title='bbox 673 2077 806 2107; x_wconf 79' lang='lat' dir='ltr'>annoS,</span> <span class='ocrx_word' id='word_1_222' title='bbox 827 2065 1064 2101; x_wconf 86' lang='lat' dir='ltr'>Archimedis</span> <span class='ocrx_word' id='word_1_223' title='bbox 1085 2066 1170 2101; x_wconf 87' lang='lat' dir='ltr'>uni-</span> 
     </span>
     <span class='ocr_line' id='line_1_31' title="bbox 57 2128 1167 2178; baseline 0.005 -19"><span class='ocrx_word' id='word_1_224' title='bbox 57 2137 102 2160; x_wconf 85' lang='lat' dir='ltr'>ca</span> <span class='ocrx_word' id='word_1_225' title='bbox 130 2131 233 2161; x_wconf 86' lang='lat' dir='ltr'>arte:</span> <span class='ocrx_word' id='word_1_226' title='bbox 268 2133 403 2163; x_wconf 88' lang='lat' dir='ltr'>natura</span> <span class='ocrx_word' id='word_1_227' title='bbox 439 2129 553 2164; x_wconf 88' lang='lat' dir='ltr'>etiam</span> <span class='ocrx_word' id='word_1_228' title='bbox 582 2128 744 2178; x_wconf 81' lang='lat' dir='ltr'>juvabat</span> <span class='ocrx_word' id='word_1_229' title='bbox 772 2128 860 2172; x_wconf 87' lang='lat' dir='ltr'>loci,</span> <span class='ocrx_word' id='word_1_230' title='bbox 892 2130 993 2178; x_wconf 90' lang='lat' dir='ltr'>quod</span> <span class='ocrx_word' id='word_1_231' title='bbox 1022 2143 1167 2173; x_wconf 87' lang='lat' dir='ltr'>saxum,</span> 
     </span>
     <span class='ocr_line' id='line_1_32' title="bbox 59 2189 1169 2244; baseline 0.006 -21"><span class='ocrx_word' id='word_1_232' title='bbox 59 2189 119 2223; x_wconf 88' lang='lat' dir='ltr'>cui</span> <span class='ocrx_word' id='word_1_233' title='bbox 140 2189 306 2239; x_wconf 87' lang='lat' dir='ltr'>inposita</span> <span class='ocrx_word' id='word_1_234' title='bbox 329 2193 424 2227; x_wconf 82' lang='lat' dir='ltr'>muri</span> <span class='ocrx_word' id='word_1_235' title='bbox 445 2192 691 2229; x_wconf 83' lang='lat' dir='ltr'>fundamenta</span> <span class='ocrx_word' id='word_1_236' title='bbox 718 2201 819 2237; x_wconf 84' lang='lat' dir='ltr'>sunt,</span> <span class='ocrx_word' id='word_1_237' title='bbox 840 2207 977 2242; x_wconf 85' lang='lat' dir='ltr'>magna</span> <span class='ocrx_word' id='word_1_238' title='bbox 997 2207 1043 2230; x_wconf 82' lang='lat' dir='ltr'>ex</span> <span class='ocrx_word' id='word_1_239' title='bbox 1062 2201 1169 2244; x_wconf 88' lang='lat' dir='ltr'>parte</span> 
     </span>
     <span class='ocr_line' id='line_1_33' title="bbox 58 2252 1169 2301; baseline 0.007 -15"><span class='ocrx_word' id='word_1_240' title='bbox 58 2252 110 2287; x_wconf 88' lang='lat' dir='ltr'>ita</span> <span class='ocrx_word' id='word_1_241' title='bbox 129 2253 295 2301; x_wconf 85' lang='lat' dir='ltr'>proclive</span> <span class='ocrx_word' id='word_1_242' title='bbox 322 2262 392 2298; x_wconf 83' lang='lat' dir='ltr'>est,</span> <span class='ocrx_word' id='word_1_243' title='bbox 415 2262 455 2292; x_wconf 91' lang='lat' dir='ltr'>ut</span> <span class='ocrx_word' id='word_1_244' title='bbox 482 2270 558 2293; x_wconf 90' lang='lat' dir='ltr'>non</span> <span class='ocrx_word' id='word_1_245' title='bbox 586 2257 706 2294; x_wconf 84' lang='lat' dir='ltr'>solum</span> <span class='ocrx_word' id='word_1_246' title='bbox 738 2259 851 2294; x_wconf 86' lang='lat' dir='ltr'>missa</span> <span class='ocrx_word' id='word_1_247' title='bbox 876 2265 1082 2301; x_wconf 87' lang='lat' dir='ltr'>tormento,</span> <span class='ocrx_word' id='word_1_248' title='bbox 1105 2258 1169 2294; x_wconf 87' lang='lat' dir='ltr'>sed</span> 
     </span>
     <span class='ocr_line' id='line_1_34' title="bbox 59 2315 1165 2370; baseline 0.005 -20"><span class='ocrx_word' id='word_1_249' title='bbox 59 2315 171 2352; x_wconf 68' lang='lat' dir='ltr'>etiarn</span> <span class='ocrx_word' id='word_1_250' title='bbox 193 2330 272 2365; x_wconf 83' lang='lat' dir='ltr'>quae</span> <span class='ocrx_word' id='word_1_251' title='bbox 293 2319 460 2369; x_wconf 84' lang='lat' dir='ltr'>pondere</span> <span class='ocrx_word' id='word_1_252' title='bbox 481 2332 549 2356; x_wconf 89' lang='lat' dir='ltr'>suo</span> <span class='ocrx_word' id='word_1_253' title='bbox 570 2320 770 2370; x_wconf 89' lang='lat' dir='ltr'>provoluta</span> <span class='ocrx_word' id='word_1_254' title='bbox 790 2328 928 2364; x_wconf 82' lang='lat' dir='ltr'>essent,</span> <span class='ocrx_word' id='word_1_255' title='bbox 947 2322 1110 2370; x_wconf 78' lang='lat' dir='ltr'>graviter</span> <span class='ocrx_word' id='word_1_256' title='bbox 1131 2323 1165 2357; x_wconf 85' lang='lat' dir='ltr'>in</span> 
     </span>
    </p>
   </div>
   <div class='ocr_carea' id='block_1_3' title="bbox 573 2384 648 2421">
    <p class='ocr_par' dir='ltr' id='par_1_3' title="bbox 573 2384 648 2421">
     <span class='ocr_line' id='line_1_35' title="bbox 573 2384 648 2421; baseline 0.013 -1"><span class='ocrx_word' id='word_1_257' title='bbox 573 2384 607 2420; x_wconf 77' lang='grc' dir='ltr'><strong>Τ</strong></span> <span class='ocrx_word' id='word_1_258' title='bbox 626 2386 648 2421; x_wconf 84' lang='grc'><em>3</em></span> 
     </span>
    </p>
   </div>
  </div>
 </body>
</html>
