1527 2661
84 259 173 291 U.C.
192 263 263 290 536.

83 304 122 333 A.
135 303 172 334 C.
190 307 263 334 216.

274 153 352 208 298
737 165 781 195 τ.
807 165 938 196 mvn

275 257 360 304 ipsis
373 256 551 304 plerisque
567 257 730 303 regressis
748 257 784 292 in
803 261 920 292 castra
938 268 1015 298 sua,
1032 260 1167 292 noctem
1185 256 1235 292 ad
1251 268 1367 294 erum-

274 321 431 370 pendunt
450 320 595 355 liberam
621 319 829 363 habuissent,
853 325 887 356 et
911 325 1040 368 septem
1069 325 1287 356 armatorum
1305 321 1368 358 ho-

274 386 410 421 minum
437 384 554 419 millia
578 396 807 432 perrumpere
834 386 942 420 etiam
964 383 1139 432 confertos
1166 384 1278 420 hostes
1301 397 1370 433 po-

276 450 419 485 tuissent
430 463 441 492 3
471 459 583 495 neque
598 459 663 494 per
680 459 715 483 se
739 449 805 495 ipsi
822 449 859 483 id
872 447 1000 495 facere
1018 450 1134 484 eonati
1150 453 1242 491 sunt,
1262 460 1374 497 neque

276 513 387 549 alium
404 512 501 559 sequi
524 512 721 547 voluerunt.
778 511 892 547 Nocte
911 523 1024 559 prope
1049 517 1125 548 tota
1144 512 1188 548 P.
1204 513 1371 561 Sempro-

276 578 355 612 nius
379 577 575 611 Tuditanus
593 588 663 611 non
681 577 815 612 destitit
831 588 981 619 monere,
1002 577 1186 613 adhortari
1204 589 1272 619 eos,
1288 578 1373 614 dum

274 641 439 689 paucitas
463 640 614 676 hostium
638 642 731 676 circa
757 646 887 683 castra,
909 642 993 677 dum
1012 642 1106 689 quies
1131 653 1174 677 ac
1196 643 1373 677 silentium

277 710 376 747 esset,
397 706 479 740 dum
496 716 566 741 nox
583 707 760 753 inceptum
777 711 920 754 tegeret,
940 718 976 742 se
988 707 1109 742 ducem
1126 711 1351 754 sequerentur
1363 722 1377 743 :

278 774 362 804 ante
380 769 491 804 lucem
514 770 698 817 pervenire
723 771 761 805 in
791 775 868 806 tuta
897 771 986 813 loca,
1017 771 1053 805 in
1079 770 1250 806 sociorum
1277 769 1377 806 urbes

273 846 385 882 posse.
439 833 543 869 Sicut
560 846 705 870 avorum
726 836 897 871 memoria
916 835 960 870 P.
971 835 1106 870 Decius
1132 835 1289 870 tribunus
1306 835 1374 870 mi-

280 898 383 933 litum
411 899 447 933 in
476 897 645 941 Samnio,·
674 900 775 941 sicut,
806 899 902 934 nobis
937 899 1220 941 adolescentibus,
1255 900 1375 946 priore

280 962 416 998 Punico
436 962 523 998 bello
545 962 759 1010 Calpurnius
775 963 942 1000 Flamma
969 965 1127 999 trecentis
1150 964 1375 1006 voluntariis,

281 1039 386 1076 quum
406 1028 453 1063 ad
481 1029 657 1062 tumulum
675 1040 731 1063 eos
758 1029 968 1076 capiendum
993 1030 1099 1064 situm
1128 1030 1220 1064 inter
1246 1030 1377 1065 medios

283 1092 407 1133 hostes,
439 1093 591 1134 duceret,
623 1093 735 1128 dixit:
762 1092 987 1135 Moriamur,
1018 1092 1168 1135 milites,
1190 1099 1226 1128 et
1256 1089 1386 1129 morte'

282 1161 411 1191 nostra
436 1155 634 1204 eripiamus
664 1168 708 1190 ex
738 1155 934 1191 obsidione
959 1156 1228 1191 circumventas
1258 1155 1377 1204 legio-

281 1232 359 1256 neS.
407 1220 449 1256 Si
467 1221 530 1256 lzoc
549 1221 593 1256 P.
607 1220 835 1268 Sempronius
853 1222 1005 1266 diceret5
1035 1233 1099 1256 nec
1116 1222 1208 1257 viros
1226 1222 1377 1269 quidem,

281 1297 344 1321 nec
362 1285 541 1321 Romanos
565 1297 624 1322 vos
641 1287 794 1329 duceret,
813 1287 844 1322 si
861 1298 962 1322 nemo
981 1290 1088 1322 tantae
1111 1286 1251 1321 virtutis
1275 1288 1380 1322 exsti-

283 1353 377 1388 tisset
405 1364 525 1388 comes.
577 1352 684 1388 Viam
711 1364 779 1388 non
807 1354 856 1388 ad
870 1353 1024 1400 gloriam
1051 1354 1175 1399 magis,
1202 1365 1308 1401 quam
1335 1354 1383 1389 ad

283 1416 443 1458 salutem,
460 1414 642 1464 ferentem
661 1417 898 1459 demonstrat,·
925 1417 1066 1451 reduces
1084 1418 1118 1451 in
1141 1417 1314 1464 patriam,
1335 1417 1384 1452 ad

282 1485 460 1528 parentes,
482 1480 528 1514 ad
558 1477 718 1526 conjuges
745 1492 788 1515 ac
813 1480 935 1514 liberos
952 1479 1063 1526 facit.
1116 1480 1163 1514 Ut
1182 1480 1379 1523 servemini,

288 1545 383 1580 deest
412 1543 506 1579 vobis
535 1545 707 1579 animus?
734 1544 831 1591 quid,
857 1545 886 1579 si
912 1544 1129 1579 moriendum
1158 1555 1226 1590 pro
1258 1546 1382 1591 patria

287 1613 384 1650 esset,
395 1607 569 1656 faceretis
582 1609 602 1643 ,9
633 1608 899 1656 Quinquaginta
916 1608 1034 1643 millia
1052 1609 1178 1642 civium
1191 1609 1382 1644 sociorum-

289 1685 354 1722 que
372 1675 466 1709 circa
494 1685 552 1709 vos
580 1685 618 1709 eo
647 1675 722 1721 ipso
739 1674 794 1709 die
818 1685 905 1708 ccesa
923 1672 1071 1718 jacent:
1097 1674 1127 1707 si
1147 1677 1198 1708 tot
1224 1674 1384 1721 exempla

288 1739 428 1773 virtutis
455 1748 523 1772 non
553 1742 703 1779 movent,
723 1737 813 1772 nihil
841 1748 1008 1784 umquam
1036 1735 1207 1772 movebit:
1234 1738 1264 1772 si
1283 1741 1385 1773 tanta

289 1804 406 1838 clades
423 1804 527 1838 vilem
545 1805 654 1839 vitam
677 1815 746 1839 non
762 1802 869 1851 fecit,
890 1803 990 1837 nulla
1005 1801 1135 1850 faciet.
1191 1802 1310 1838 Liberi
1329 1808 1385 1839 at-

290 1880 355 1914 que
390 1869 577 1903 incolumes
610 1869 802 1904 desiderate
827 1868 1012 1915 patriam:
1040 1868 1145 1902 immo
1177 1867 1384 1910 desiderate,

291 1933 374 1967 dum
389 1933 513 1979 patria
535 1937 598 1973 est,
620 1933 703 1967 dum
723 1933 812 1967 cives
829 1930 900 1977 ejus
918 1933 1023 1966 estis:
1050 1943 1123 1966 sero
1141 1942 1233 1967 nunc
1251 1932 1384 1967 deside-

290 1997 390 2037 ratis,
421 1996 593 2031 deminuti
629 1998 756 2043 capite,
787 1995 978 2030 abalienati
1004 1993 1088 2040 jure
1123 1995 1262 2037 civium,
1298 1998 1387 2031 servi

290 2060 643 2106 Karthaginiensium
652 2059 763 2108 facti.
820 2060 943 2095 Pretio
962 2060 1112 2094 redituri
1127 2061 1207 2094 estis
1224 2071 1276 2102 eo,
1297 2061 1390 2095 unde

290 2126 434 2171 ignavia
454 2136 496 2159 ac
510 2126 669 2172 nequitia
685 2125 804 2160 abistis
816 2125 837 2159 ,9
866 2124 908 2160 Ρ.
924 2124 1181 2171 Sempronium,
1203 2125 1309 2159 civem
1327 2136 1385 2160 ve—

290 2194 414 2231 strum,
435 2201 503 2224 non
523 2191 683 2231 audistis,
701 2202 802 2225 arma
821 2201 944 2237 capere
963 2201 1004 2224 ac
1022 2190 1117 2236 sequi
1135 2200 1169 2223 se
1178 2186 1356 2233 jubente-m
1370 2204 1383 2225 .-

289 2254 527 2290 Hannibalem
543 2259 622 2302 post
636 2256 763 2302 paullo
790 2256 950 2296 audistis,
971 2257 1087 2290 castra
1102 2254 1206 2301 prodi
1231 2258 1265 2288 et
1283 2266 1385 2289 arma

291 2320 384 2354 tradi
401 2317 591 2365 jubentem.
641 2320 755 2361 Quam
776 2333 838 2368 ego
867 2321 1046 2368 ignauiam
1073 2320 1218 2354 istorum
1246 2330 1384 2360 accuso,
