1527 2661
364 184 519 213 Lmen
545 183 614 212 1x.
648 183 754 212 CAP.
779 182 926 212 xxm.
1145 180 1200 232 47

88 271 208 309 Junio
245 272 450 315 Samnites,
488 272 648 309 AEmilio
685 285 827 308 novum
868 271 1010 308 bellum
1047 272 1202 308 Etruria
1214 275 1304 305 U.C.
1321 282 1398 307 443.

90 343 192 372 sorte
211 336 378 373 obvenit.
431 337 476 372 In
498 338 653 372 Samnio
674 336 862 379 Cluviam,
882 336 1098 386 praesidium
1117 336 1200 372 Ro·
1214 319 1251 401 *ἒ
1264 318 1302 399 ξ
1318 325 1394 401 8ῗ9·

89 414 256 445 manum,
278 403 365 451 quia
390 404 612 451 nequiverat
635 403 671 437 vi
699 403 797 452 capi,
826 402 1022 438 obsessum
1041 401 1141 438 fame
1161 382 1406 445 ἰτιῑῃεξςξῑῗηῖ,

89 465 319 502 deditionem
337 472 562 516 acceperant
586 466 789 509 Samnites,
818 466 1110 514 verberibusque
1128 466 1202 501 foe-

89 530 176 565 dum
197 530 234 565 in
255 531 407 566 modum
427 530 611 566 laceratos
635 531 854 567 occiderant
882 531 1041 566 deditos.
1099 530 1204 565 Huic

90 593 258 629 infensus
290 594 503 630 crudelitati
533 595 685 637 Junius,
714 595 809 630 nihil
837 595 1029 643 antiquius
1053 593 1202 643 obpug-

89 658 247 692 natione
275 657 462 693 Cluviana
484 664 602 700 ratus,
624 670 699 706 quo
723 658 783 693 die
812 658 1009 706 adgressus
1031 663 1089 692 est
1107 670 1204 693 moe-

89 720 166 762 nia,
187 721 221 755 vi
243 721 356 769 cepit,
378 727 491 769 atque
511 733 641 756 omnes
670 721 828 770 puberes
849 721 1051 756 interfecit.
1108 720 1204 756 Inde

88 783 210 818 victor
239 783 426 818 exercitus
456 783 671 819 Bovianum
697 784 857 819 ductus:
891 790 1005 833 eaput
1028 784 1102 819 hoc
1122 789 1204 820 erat

89 845 318 882 Pentrorum
335 846 576 888 Samnitium,
594 847 708 895 longe
729 847 956 882 ditissimum
976 853 1089 895 atque
1108 860 1204 896 opu-

89 908 337 946 lentissimum
369 911 481 946 armis
503 912 678 959 virisque.
736 911 796 946 Ibi
826 912 916 959 quia
934 911 1035 946 haud
1053 917 1204 946 tantum

90 974 230 1009 irarum
250 981 344 1016 erat,
363 987 428 1024 spe
448 976 583 1024 praedae
605 975 742 1011 milites
760 976 923 1017 accensi,
942 975 1082 1024 oppido
1102 975 1204 1024 poti·

90 1044 204 1073 untur
222 1052 230 1072 :
263 1038 385 1073 minus
407 1039 535 1087 itaque
561 1039 731 1074 saevitum
751 1039 789 1074 in
808 1039 936 1074 hostes
957 1045 1035 1074 est:
1068 1038 1204 1088 praedae

90 1101 174 1152 plus
203 1115 314 1152 pene,
345 1116 457 1152 quam
486 1116 530 1139 ex
562 1104 666 1139 omni
694 1104 848 1139 Samnio
879 1116 1069 1151 umquam,
1097 1115 1202 1151 eges-

89 1171 185 1209 tum,
216 1166 455 1215 benigneque
484 1169 607 1203 omnis
633 1168 745 1203 militi
769 1180 959 1203 concessa.
1016 1167 1069 1203 Et
1096 1173 1202 1216 post-

91 1241 203 1278 quam
224 1237 498 1280 praepotentem
518 1232 629 1266 armis
651 1230 869 1266 Romanum
898 1244 968 1266 nec
994 1232 1091 1266 acies
1113 1230 1203 1266 sub-

89 1293 221 1329 sistere
251 1293 349 1336 ullae,
380 1306 450 1329 nec
480 1301 617 1336 castra,
649 1307 718 1329 nec
747 1294 857 1329 urbes
885 1300 1086 1343 poterant3
1119 1306 1201 1329 om-

89 1356 194 1392 nium
223 1357 436 1406 principum
466 1358 505 1393 in
535 1358 691 1393 Samnio
720 1370 764 1393 eo
796 1370 892 1393 curae
919 1364 1007 1393 sunt
1028 1358 1200 1400 intentae,

88 1426 131 1455 ut
156 1420 300 1456 insidiis
331 1428 560 1469 quaereretur
587 1422 707 1464 locus,
736 1423 767 1457 si
796 1435 869 1470 qua
895 1421 1049 1458 licentia
1078 1434 1201 1471 popu-

87 1482 200 1520 lando
229 1485 365 1520 effusus
396 1487 581 1521 exercitus
612 1487 734 1536 excipi
758 1499 800 1521 ac
828 1487 1091 1521 circumveniri
1111 1499 1199 1535 pos-

87 1553 156 1584 set.
212 1548 436 1598 Transfugae
472 1557 639 1598 agrestes
671 1557 708 1586 et
739 1551 878 1600 captivi
911 1550 1078 1598 quidam,
1112 1562 1198 1599 pars

88 1612 202 1656 forte,
224 1626 310 1663 pars
331 1614 491 1650 consilio
513 1614 646 1658 oblati,
668 1616 919 1663 congruentia
938 1615 985 1650 ad
1005 1613 1200 1650 consulem

88 1676 314 1720 adferentes,
345 1691 428 1727 quae
457 1685 495 1714 et
519 1691 607 1714 vera
636 1686 757 1722 crant,
789 1679 934 1728 pecoris
961 1679 1037 1713 vim
1063 1679 1199 1725 ingen-

86 1745 164 1776 tem
190 1741 230 1776 in
255 1740 393 1777 saltum
417 1743 540 1777 avium
570 1742 802 1791 compulsam
823 1754 916 1783 esse,
937 1741 1196 1790 perpulerunt,

86 1809 129 1839 ut
148 1804 357 1853 praedatum
377 1817 422 1844 eo
443 1805 627 1854 expeditae
655 1806 882 1840 ducerentur
906 1804 1088 1853 legiones.
1136 1804 1197 1840 Ibi

85 1866 218 1915 ingens
239 1868 406 1904 hostium
426 1870 611 1904 exercitus
640 1869 776 1905 itinera
801 1869 970 1905 occultus
992 1868 1195 1911 insederat,

87 1937 138 1973 et,
171 1936 375 1980 postquam
407 1932 568 1968 intrasse
597 1931 794 1968 Romanos
826 1932 919 1968 vidit
951 1931 1103 1974 saltum,
1137 1944 1196 1967 re-

85 2000 199 2043 pente
218 2000 372 2030 exortus
393 2007 478 2031 cum
499 1995 662 2032 clamore
689 2008 732 2031 ac
759 1995 923 2031 tumultu
943 1996 1116 2030 incautos
1137 1995 1196 2030 in-

86 2057 199 2093 vadit.
255 2058 308 2094 Et
327 2058 450 2108 primo
469 2071 569 2094 nova
587 2071 645 2094 res
670 2058 962 2108 trepidationem
980 2057 1085 2101 fecit,
1107 2058 1197 2094 dum

87 2133 191 2157 arma
210 2122 378 2171 capiunt,
400 2124 565 2159 sarcinas
587 2130 797 2172 congerunt
816 2124 854 2158 in
876 2123 1060 2158 medium:
1094 2122 1195 2164 (lein,

86 2190 302 2234 postquam,
330 2192 371 2222 ut
397 2187 555 2235 quisque
579 2187 807 2223 liberaverat
833 2199 872 2222 se
892 2198 1021 2228 onere,
1043 2192 1196 2235 aptave-

86 2254 220 2297 ratque
238 2250 365 2293 armis,
387 2251 434 2286 ad
452 2251 561 2298 signa
580 2251 745 2299 undique
766 2250 933 2291 coibant,
956 2256 994 2284 ct
1012 2250 1113 2285 notis
1135 2261 1197 2284 or·

83 2310 234 2349 dinibus
265 2313 304 2349 in
330 2320 457 2350 vetere
485 2314 686 2365 disciplina
712 2314 871 2358 militiae,
895 2313 980 2364 jam
999 2314 1080 2349 sine
1098 2325 1196 2363 prae·
