<?xml version="1.0" encoding="UTF-8"?>
<!DOCTYPE html PUBLIC "-//W3C//DTD XHTML 1.0 Transitional//EN"
    "http://www.w3.org/TR/xhtml1/DTD/xhtml1-transitional.dtd">
<html xmlns="http://www.w3.org/1999/xhtml" xml:lang="en" lang="en">
 <head>
  <title>
</title>
<meta http-equiv="Content-Type" content="text/html;charset=utf-8" />
  <meta name='ocr-system' content='tesseract 3.04.00' />
  <meta name='ocr-capabilities' content='ocr_page ocr_carea ocr_par ocr_line ocrx_word'/>
</head>
<body>
  <div class='ocr_page' id='page_1' title='image "./historiarumquaes02livyuoft/historiarumquaes02livyuoft_0338.png"; bbox 0 0 1527 2661; ppageno 0'>
   <div class='ocr_carea' id='block_1_1' title="bbox 39 248 224 323">
    <p class='ocr_par' dir='ltr' id='par_1_1' title="bbox 39 248 224 323">
     <span class='ocr_line' id='line_1_1' title="bbox 41 248 224 279; baseline 0.005 -1"><span class='ocrx_word' id='word_1_1' title='bbox 41 248 132 279; x_wconf 89' lang='lat' dir='ltr'><strong>U.C.</strong></span> <span class='ocrx_word' id='word_1_2' title='bbox 152 254 224 279; x_wconf 76' lang='lat'>536.</span> 
     </span>
     <span class='ocr_line' id='line_1_2' title="bbox 39 291 223 323; baseline 0.005 -1"><span class='ocrx_word' id='word_1_3' title='bbox 39 292 81 323; x_wconf 83' lang='lat' dir='ltr'>A.</span> <span class='ocrx_word' id='word_1_4' title='bbox 94 291 129 322; x_wconf 87' lang='lat' dir='ltr'>C.</span> <span class='ocrx_word' id='word_1_5' title='bbox 150 297 223 323; x_wconf 75' lang='lat'>216.</span> 
     </span>
    </p>
   </div>
   <div class='ocr_carea' id='block_1_2' title="bbox 25 1776 230 2021">
    <p class='ocr_par' dir='ltr' id='par_1_2' title="bbox 25 1776 230 2021">
     <span class='ocr_line' id='line_1_3' title="bbox 25 1776 206 1806; baseline -0.006 0"><span class='ocrx_word' id='word_1_6' title='bbox 25 1776 206 1806; x_wconf 81' lang='lat' dir='ltr'>Casilinum</span> 
     </span>
     <span class='ocr_line' id='line_1_4' title="bbox 25 1819 230 1858; baseline -0.01 -8"><span class='ocrx_word' id='word_1_7' title='bbox 25 1820 58 1850; x_wconf 86' lang='lat' dir='ltr'>in</span> <span class='ocrx_word' id='word_1_8' title='bbox 70 1819 161 1849; x_wconf 81' lang='lat' dir='ltr'>doliis</span> <span class='ocrx_word' id='word_1_9' title='bbox 176 1828 230 1858; x_wconf 85' lang='lat' dir='ltr'>per</span> 
     </span>
     <span class='ocr_line' id='line_1_5' title="bbox 25 1872 159 1892; baseline -0.007 0"><span class='ocrx_word' id='word_1_10' title='bbox 25 1872 159 1892; x_wconf 84' lang='lat' dir='ltr'>amnem</span> 
     </span>
     <span class='ocr_line' id='line_1_6' title="bbox 26 1907 169 1935; baseline -0.007 0"><span class='ocrx_word' id='word_1_11' title='bbox 26 1907 169 1935; x_wconf 84' lang='lat' dir='ltr'>frumen-</span> 
     </span>
     <span class='ocr_line' id='line_1_7' title="bbox 26 1949 188 1978; baseline 0 -1"><span class='ocrx_word' id='word_1_12' title='bbox 26 1955 96 1978; x_wconf 80' lang='lat' dir='ltr'>tum</span> <span class='ocrx_word' id='word_1_13' title='bbox 115 1949 188 1978; x_wconf 84' lang='lat' dir='ltr'>mit-</span> 
     </span>
     <span class='ocr_line' id='line_1_8' title="bbox 26 1993 111 2021; baseline -0.012 0"><span class='ocrx_word' id='word_1_14' title='bbox 26 1993 111 2021; x_wconf 81' lang='lat' dir='ltr'>titur.</span> 
     </span>
    </p>
   </div>
   <div class='ocr_carea' id='block_1_3' title="bbox 232 135 895 191">
    <p class='ocr_par' dir='ltr' id='par_1_3' title="bbox 232 135 895 191">
     <span class='ocr_line' id='line_1_9' title="bbox 232 135 895 191; baseline 0.003 -15"><span class='ocrx_word' id='word_1_15' title='bbox 232 135 316 191; x_wconf 80' lang='lat'>328</span> <span class='ocrx_word' id='word_1_16' title='bbox 693 149 737 177; x_wconf 86' lang='lat' dir='ltr'>T.</span> <span class='ocrx_word' id='word_1_17' title='bbox 764 148 895 178; x_wconf 74' lang='lat' dir='ltr'>mvn</span> 
     </span>
    </p>
   </div>
   <div class='ocr_carea' id='block_1_4' title="bbox 234 238 1354 340">
    <p class='ocr_par' dir='ltr' id='par_1_4' title="bbox 234 238 1354 340">
     <span class='ocr_line' id='line_1_10' title="bbox 234 238 1354 294; baseline 0.006 -20"><span class='ocrx_word' id='word_1_18' title='bbox 234 239 424 275; x_wconf 88' lang='lat' dir='ltr'>bebantur</span> <span class='ocrx_word' id='word_1_19' title='bbox 442 252 448 274; x_wconf 93' lang='lat'><strong>:</strong></span> <span class='ocrx_word' id='word_1_20' title='bbox 482 249 603 287; x_wconf 84' lang='lat' dir='ltr'>neque</span> <span class='ocrx_word' id='word_1_21' title='bbox 630 238 712 276; x_wconf 84' lang='lat' dir='ltr'>aliae</span> <span class='ocrx_word' id='word_1_22' title='bbox 731 240 900 285; x_wconf 86' lang='lat' dir='ltr'>latebrae,</span> <span class='ocrx_word' id='word_1_23' title='bbox 922 254 1034 291; x_wconf 89' lang='lat' dir='ltr'>quam</span> <span class='ocrx_word' id='word_1_24' title='bbox 1062 242 1207 294; x_wconf 84' lang='lat' dir='ltr'>Capua,</span> <span class='ocrx_word' id='word_1_25' title='bbox 1228 243 1354 281; x_wconf 86' lang='lat' dir='ltr'>deser·</span> 
     </span>
     <span class='ocr_line' id='line_1_11' title="bbox 238 302 524 340; baseline -0.003 0"><span class='ocrx_word' id='word_1_26' title='bbox 238 302 383 340; x_wconf 87' lang='lat' dir='ltr'>toribus</span> <span class='ocrx_word' id='word_1_27' title='bbox 405 309 524 339; x_wconf 87' lang='lat' dir='ltr'>erant.</span> 
     </span>
    </p>
   </div>
   <div class='ocr_carea' id='block_1_5' title="bbox 237 367 1363 2270">
    <p class='ocr_par' dir='ltr' id='par_1_5' title="bbox 237 367 1363 2270">
     <span class='ocr_line' id='line_1_12' title="bbox 290 367 1353 418; baseline 0.006 -16"><span class='ocrx_word' id='word_1_28' title='bbox 290 367 406 403; x_wconf 89' lang='lat' dir='ltr'>XIX.</span> <span class='ocrx_word' id='word_1_29' title='bbox 438 367 630 410; x_wconf 87' lang='lat' dir='ltr'>Ceterum,</span> <span class='ocrx_word' id='word_1_30' title='bbox 651 368 872 405; x_wconf 79' lang='lat' dir='ltr'><strong>mitescente</strong></span> <span class='ocrx_word' id='word_1_31' title='bbox 884 367 967 418; x_wconf 83' lang='lat' dir='ltr'>jam</span> <span class='ocrx_word' id='word_1_32' title='bbox 987 370 1126 413; x_wconf 89' lang='lat' dir='ltr'>hieme,</span> <span class='ocrx_word' id='word_1_33' title='bbox 1148 371 1285 408; x_wconf 88' lang='lat' dir='ltr'>educto</span> <span class='ocrx_word' id='word_1_34' title='bbox 1305 384 1353 408; x_wconf 86' lang='lat' dir='ltr'>ex</span> 
     </span>
     <span class='ocr_line' id='line_1_13' title="bbox 237 430 1356 484; baseline 0.004 -16"><span class='ocrx_word' id='word_1_35' title='bbox 237 432 405 469; x_wconf 88' lang='lat' dir='ltr'>hibernis</span> <span class='ocrx_word' id='word_1_36' title='bbox 426 430 560 473; x_wconf 87' lang='lat' dir='ltr'>milite,</span> <span class='ocrx_word' id='word_1_37' title='bbox 581 432 791 468; x_wconf 88' lang='lat' dir='ltr'>Casilinum</span> <span class='ocrx_word' id='word_1_38' title='bbox 812 433 927 470; x_wconf 87' lang='lat' dir='ltr'>redit:</span> <span class='ocrx_word' id='word_1_39' title='bbox 961 434 1040 478; x_wconf 89' lang='lat' dir='ltr'>ubi,</span> <span class='ocrx_word' id='word_1_40' title='bbox 1060 448 1287 484; x_wconf 86' lang='lat' dir='ltr'>quamquam</span> <span class='ocrx_word' id='word_1_41' title='bbox 1307 434 1356 472; x_wconf 86' lang='lat' dir='ltr'>ab</span> 
     </span>
     <span class='ocr_line' id='line_1_14' title="bbox 239 495 1356 545; baseline 0.003 -13"><span class='ocrx_word' id='word_1_42' title='bbox 239 495 526 545; x_wconf 84' lang='lat' dir='ltr'>obpugnatione</span> <span class='ocrx_word' id='word_1_43' title='bbox 544 501 731 531; x_wconf 89' lang='lat' dir='ltr'>cessatum</span> <span class='ocrx_word' id='word_1_44' title='bbox 752 502 846 538; x_wconf 84' lang='lat' dir='ltr'>erat,</span> <span class='ocrx_word' id='word_1_45' title='bbox 864 496 1012 533; x_wconf 88' lang='lat' dir='ltr'>obsidio</span> <span class='ocrx_word' id='word_1_46' title='bbox 1031 504 1158 533; x_wconf 89' lang='lat' dir='ltr'>tamen</span> <span class='ocrx_word' id='word_1_47' title='bbox 1179 499 1356 536; x_wconf 86' lang='lat' dir='ltr'>continu-</span> 
     </span>
     <span class='ocr_line' id='line_1_15' title="bbox 238 558 1356 612; baseline 0.003 -16"><span class='ocrx_word' id='word_1_48' title='bbox 238 567 302 596; x_wconf 85' lang='lat' dir='ltr'>ata</span> <span class='ocrx_word' id='word_1_49' title='bbox 320 558 530 609; x_wconf 85' lang='lat' dir='ltr'>oppidanos</span> <span class='ocrx_word' id='word_1_50' title='bbox 555 559 844 608; x_wconf 76' lang='lat' dir='ltr'>praesidiumque</span> <span class='ocrx_word' id='word_1_51' title='bbox 864 560 910 595; x_wconf 92' lang='lat' dir='ltr'>ad</span> <span class='ocrx_word' id='word_1_52' title='bbox 935 560 1108 596; x_wconf 89' lang='lat' dir='ltr'>ultimum</span> <span class='ocrx_word' id='word_1_53' title='bbox 1131 562 1269 612; x_wconf 81' lang='lat' dir='ltr'>inopiae</span> <span class='ocrx_word' id='word_1_54' title='bbox 1289 563 1356 599; x_wconf 87' lang='lat' dir='ltr'>ad-</span> 
     </span>
     <span class='ocr_line' id='line_1_16' title="bbox 237 623 1357 676; baseline 0 -14"><span class='ocrx_word' id='word_1_55' title='bbox 237 626 407 662; x_wconf 85' lang='lat' dir='ltr'>duxerat.</span> <span class='ocrx_word' id='word_1_56' title='bbox 465 624 607 661; x_wconf 78' lang='lat' dir='ltr'>Castris</span> <span class='ocrx_word' id='word_1_57' title='bbox 628 623 813 660; x_wconf 77' lang='lat' dir='ltr'>Romanis</span> <span class='ocrx_word' id='word_1_58' title='bbox 834 624 894 661; x_wconf 87' lang='lat' dir='ltr'>Ti.</span> <span class='ocrx_word' id='word_1_59' title='bbox 913 625 1156 675; x_wconf 87' lang='lat' dir='ltr'>Sempronius</span> <span class='ocrx_word' id='word_1_60' title='bbox 1182 633 1357 676; x_wconf 83' lang='lat' dir='ltr'>praeerat,</span> 
     </span>
     <span class='ocr_line' id='line_1_17' title="bbox 237 689 1357 740; baseline 0.002 -16"><span class='ocrx_word' id='word_1_61' title='bbox 237 690 423 725; x_wconf 77' lang='lat' dir='ltr'>dictatore</span> <span class='ocrx_word' id='word_1_62' title='bbox 452 689 707 739; x_wconf 83' lang='lat' dir='ltr'>auspiciorum</span> <span class='ocrx_word' id='word_1_63' title='bbox 736 689 1027 739; x_wconf 88' lang='lat' dir='ltr'>repetendorum</span> <span class='ocrx_word' id='word_1_64' title='bbox 1048 702 1180 726; x_wconf 82' lang='lat' dir='ltr'>caussa</span> <span class='ocrx_word' id='word_1_65' title='bbox 1206 690 1357 740; x_wconf 87' lang='lat' dir='ltr'>profec-</span> 
     </span>
     <span class='ocr_line' id='line_1_18' title="bbox 238 752 1358 805; baseline 0.002 -15"><span class='ocrx_word' id='word_1_66' title='bbox 238 760 279 790; x_wconf 88' lang='lat' dir='ltr'>to</span> <span class='ocrx_word' id='word_1_67' title='bbox 309 752 487 789; x_wconf 85' lang='lat' dir='ltr'>Romam.</span> <span class='ocrx_word' id='word_1_68' title='bbox 542 753 783 797; x_wconf 85' lang='lat' dir='ltr'>Marcellum,</span> <span class='ocrx_word' id='word_1_69' title='bbox 806 760 843 790; x_wconf 85' lang='lat' dir='ltr'>et</span> <span class='ocrx_word' id='word_1_70' title='bbox 874 755 995 804; x_wconf 88' lang='lat' dir='ltr'>ipsum</span> <span class='ocrx_word' id='word_1_71' title='bbox 1025 756 1240 805; x_wconf 87' lang='lat' dir='ltr'>cupientem</span> <span class='ocrx_word' id='word_1_72' title='bbox 1259 755 1358 792; x_wconf 85' lang='lat' dir='ltr'>ferre</span> 
     </span>
     <span class='ocr_line' id='line_1_19' title="bbox 240 816 1357 868; baseline 0.002 -15"><span class='ocrx_word' id='word_1_73' title='bbox 240 817 421 854; x_wconf 84' lang='lat' dir='ltr'>auxilium</span> <span class='ocrx_word' id='word_1_74' title='bbox 443 816 619 862; x_wconf 85' lang='lat' dir='ltr'>obsessis,</span> <span class='ocrx_word' id='word_1_75' title='bbox 637 825 675 854; x_wconf 90' lang='lat' dir='ltr'>et</span> <span class='ocrx_word' id='word_1_76' title='bbox 690 818 899 854; x_wconf 85' lang='lat' dir='ltr'>Vulturnus</span> <span class='ocrx_word' id='word_1_77' title='bbox 922 820 1042 855; x_wconf 86' lang='lat' dir='ltr'>amnis</span> <span class='ocrx_word' id='word_1_78' title='bbox 1064 819 1214 855; x_wconf 85' lang='lat' dir='ltr'>inflatus</span> <span class='ocrx_word' id='word_1_79' title='bbox 1235 821 1357 868; x_wconf 87' lang='lat' dir='ltr'>aquis,</span> 
     </span>
     <span class='ocr_line' id='line_1_20' title="bbox 240 881 1356 931; baseline 0.002 -14"><span class='ocrx_word' id='word_1_80' title='bbox 240 888 277 917; x_wconf 92' lang='lat' dir='ltr'>et</span> <span class='ocrx_word' id='word_1_81' title='bbox 298 894 425 931; x_wconf 83' lang='lat' dir='ltr'>preces</span> <span class='ocrx_word' id='word_1_82' title='bbox 452 881 694 918; x_wconf 82' lang='lat' dir='ltr'>Nolanorum</span> <span class='ocrx_word' id='word_1_83' title='bbox 713 888 825 931; x_wconf 88' lang='lat' dir='ltr'>atque</span> <span class='ocrx_word' id='word_1_84' title='bbox 846 882 1139 925; x_wconf 83' lang='lat' dir='ltr'>Acerranorum,</span> <span class='ocrx_word' id='word_1_85' title='bbox 1160 883 1356 926; x_wconf 83' lang='lat' dir='ltr'>tenebant,</span> 
     </span>
     <span class='ocr_line' id='line_1_21' title="bbox 241 946 1357 996; baseline 0.002 -15"><span class='ocrx_word' id='word_1_86' title='bbox 241 946 457 995; x_wconf 83' lang='lat' dir='ltr'>Campanos</span> <span class='ocrx_word' id='word_1_87' title='bbox 487 947 718 989; x_wconf 84' lang='lat' dir='ltr'>timentium,</span> <span class='ocrx_word' id='word_1_88' title='bbox 740 947 769 981; x_wconf 91' lang='lat' dir='ltr'>si</span> <span class='ocrx_word' id='word_1_89' title='bbox 790 946 1006 996; x_wconf 83' lang='lat' dir='ltr'>praesidium</span> <span class='ocrx_word' id='word_1_90' title='bbox 1032 946 1249 983; x_wconf 87' lang='lat' dir='ltr'>Romanum</span> <span class='ocrx_word' id='word_1_91' title='bbox 1271 947 1357 983; x_wconf 87' lang='lat' dir='ltr'>abs-</span> 
     </span>
     <span class='ocr_line' id='line_1_22' title="bbox 240 1009 1359 1060; baseline 0.002 -15"><span class='ocrx_word' id='word_1_92' title='bbox 240 1011 424 1046; x_wconf 78' lang='lat' dir='ltr'>cessisset.</span> <span class='ocrx_word' id='word_1_93' title='bbox 473 1009 681 1052; x_wconf 84' lang='lat' dir='ltr'>Gracchus,</span> <span class='ocrx_word' id='word_1_94' title='bbox 703 1010 875 1045; x_wconf 84' lang='lat' dir='ltr'>adsidens</span> <span class='ocrx_word' id='word_1_95' title='bbox 896 1016 1045 1046; x_wconf 87' lang='lat' dir='ltr'>tantum</span> <span class='ocrx_word' id='word_1_96' title='bbox 1066 1010 1249 1053; x_wconf 84' lang='lat' dir='ltr'>Casilino,</span> <span class='ocrx_word' id='word_1_97' title='bbox 1270 1011 1359 1060; x_wconf 84' lang='lat' dir='ltr'>quia</span> 
     </span>
     <span class='ocr_line' id='line_1_23' title="bbox 240 1074 1360 1124; baseline 0.002 -15"><span class='ocrx_word' id='word_1_98' title='bbox 240 1075 460 1124; x_wconf 81' lang='lat' dir='ltr'>praedictum</span> <span class='ocrx_word' id='word_1_99' title='bbox 481 1080 559 1110; x_wconf 86' lang='lat' dir='ltr'>erat</span> <span class='ocrx_word' id='word_1_100' title='bbox 578 1074 787 1116; x_wconf 88' lang='lat' dir='ltr'>dictatoris,</span> <span class='ocrx_word' id='word_1_101' title='bbox 805 1087 852 1110; x_wconf 87' lang='lat' dir='ltr'>ne</span> <span class='ocrx_word' id='word_1_102' title='bbox 869 1075 958 1122; x_wconf 91' lang='lat' dir='ltr'>quid</span> <span class='ocrx_word' id='word_1_103' title='bbox 978 1074 1134 1111; x_wconf 87' lang='lat' dir='ltr'>absente</span> <span class='ocrx_word' id='word_1_104' title='bbox 1154 1087 1199 1111; x_wconf 89' lang='lat' dir='ltr'>eo</span> <span class='ocrx_word' id='word_1_105' title='bbox 1219 1076 1272 1110; x_wconf 88' lang='lat' dir='ltr'>rei</span> <span class='ocrx_word' id='word_1_106' title='bbox 1292 1088 1360 1124; x_wconf 83' lang='lat' dir='ltr'>ge-</span> 
     </span>
     <span class='ocr_line' id='line_1_24' title="bbox 242 1138 1361 1187; baseline 0.002 -14"><span class='ocrx_word' id='word_1_107' title='bbox 242 1144 353 1180; x_wconf 85' lang='lat' dir='ltr'>reret,</span> <span class='ocrx_word' id='word_1_108' title='bbox 374 1138 469 1173; x_wconf 82' lang='lat' dir='ltr'>nihil</span> <span class='ocrx_word' id='word_1_109' title='bbox 491 1138 687 1173; x_wconf 84' lang='lat' dir='ltr'>movebat:</span> <span class='ocrx_word' id='word_1_110' title='bbox 711 1151 954 1186; x_wconf 82' lang='lat' dir='ltr'>quamquam,</span> <span class='ocrx_word' id='word_1_111' title='bbox 976 1152 1058 1187; x_wconf 82' lang='lat' dir='ltr'>quae</span> <span class='ocrx_word' id='word_1_112' title='bbox 1077 1138 1188 1174; x_wconf 84' lang='lat' dir='ltr'>facile</span> <span class='ocrx_word' id='word_1_113' title='bbox 1208 1151 1361 1175; x_wconf 86' lang='lat' dir='ltr'>omnem</span> 
     </span>
     <span class='ocr_line' id='line_1_25' title="bbox 242 1201 1359 1253; baseline 0.002 -16"><span class='ocrx_word' id='word_1_114' title='bbox 242 1203 465 1253; x_wconf 70' lang='lat' dir='ltr'>patientiam</span> <span class='ocrx_word' id='word_1_115' title='bbox 485 1203 693 1244; x_wconf 75' lang='lat' dir='ltr'>vincerent,</span> <span class='ocrx_word' id='word_1_116' title='bbox 715 1202 996 1238; x_wconf 68' lang='lat' dir='ltr'>nunciabantur</span> <span class='ocrx_word' id='word_1_117' title='bbox 1015 1215 1038 1237; x_wconf 88' lang='lat' dir='ltr'>a</span> <span class='ocrx_word' id='word_1_118' title='bbox 1058 1201 1247 1238; x_wconf 84' lang='lat' dir='ltr'>Casilino:</span> <span class='ocrx_word' id='word_1_119' title='bbox 1270 1215 1359 1239; x_wconf 88' lang='lat' dir='ltr'>nam</span> 
     </span>
     <span class='ocr_line' id='line_1_26' title="bbox 243 1266 1360 1317; baseline 0.003 -16"><span class='ocrx_word' id='word_1_120' title='bbox 243 1277 294 1308; x_wconf 70' lang='lat' dir='ltr'>et,</span> <span class='ocrx_word' id='word_1_121' title='bbox 319 1266 572 1317; x_wconf 69' lang='lat' dir='ltr'>praecipitasse</span> <span class='ocrx_word' id='word_1_122' title='bbox 599 1280 637 1303; x_wconf 87' lang='lat' dir='ltr'>se</span> <span class='ocrx_word' id='word_1_123' title='bbox 658 1267 841 1316; x_wconf 87' lang='lat' dir='ltr'>quosdam</span> <span class='ocrx_word' id='word_1_124' title='bbox 870 1280 948 1303; x_wconf 91' lang='lat' dir='ltr'>non</span> <span class='ocrx_word' id='word_1_125' title='bbox 975 1266 1181 1306; x_wconf 78' lang='lat' dir='ltr'>tolerantes</span> <span class='ocrx_word' id='word_1_126' title='bbox 1204 1267 1360 1311; x_wconf 87' lang='lat' dir='ltr'>famem,</span> 
     </span>
     <span class='ocr_line' id='line_1_27' title="bbox 245 1330 1358 1381; baseline 0.002 -16"><span class='ocrx_word' id='word_1_127' title='bbox 245 1330 466 1375; x_wconf 65' lang='lat' dir='ltr'>constabat,</span> <span class='ocrx_word' id='word_1_128' title='bbox 500 1338 536 1365; x_wconf 79' lang='lat' dir='ltr'>et</span> <span class='ocrx_word' id='word_1_129' title='bbox 564 1336 663 1366; x_wconf 90' lang='lat' dir='ltr'>stare</span> <span class='ocrx_word' id='word_1_130' title='bbox 691 1331 852 1366; x_wconf 88' lang='lat' dir='ltr'>inermes</span> <span class='ocrx_word' id='word_1_131' title='bbox 881 1331 920 1366; x_wconf 90' lang='lat' dir='ltr'>in</span> <span class='ocrx_word' id='word_1_132' title='bbox 945 1331 1075 1374; x_wconf 87' lang='lat' dir='ltr'>muris,</span> <span class='ocrx_word' id='word_1_133' title='bbox 1098 1331 1201 1367; x_wconf 92' lang='lat' dir='ltr'>nuda</span> <span class='ocrx_word' id='word_1_134' title='bbox 1220 1344 1358 1381; x_wconf 91' lang='lat' dir='ltr'>corpo-</span> 
     </span>
     <span class='ocr_line' id='line_1_28' title="bbox 242 1393 1357 1443; baseline 0.002 -14"><span class='ocrx_word' id='word_1_135' title='bbox 242 1407 283 1429; x_wconf 91' lang='lat' dir='ltr'>ra</span> <span class='ocrx_word' id='word_1_136' title='bbox 303 1394 347 1429; x_wconf 86' lang='lat' dir='ltr'>ad</span> <span class='ocrx_word' id='word_1_137' title='bbox 376 1393 572 1429; x_wconf 82' lang='lat' dir='ltr'>missilium</span> <span class='ocrx_word' id='word_1_138' title='bbox 599 1393 762 1430; x_wconf 89' lang='lat' dir='ltr'>telorum</span> <span class='ocrx_word' id='word_1_139' title='bbox 782 1395 877 1429; x_wconf 90' lang='lat' dir='ltr'>ictus</span> <span class='ocrx_word' id='word_1_140' title='bbox 899 1394 1123 1443; x_wconf 83' lang='lat' dir='ltr'>praebentes.</span> <span class='ocrx_word' id='word_1_141' title='bbox 1180 1394 1238 1430; x_wconf 89' lang='lat' dir='ltr'>Ea</span> <span class='ocrx_word' id='word_1_142' title='bbox 1259 1408 1357 1443; x_wconf 84' lang='lat' dir='ltr'>aegre</span> 
     </span>
     <span class='ocr_line' id='line_1_29' title="bbox 242 1457 1360 1507; baseline 0.001 -14"><span class='ocrx_word' id='word_1_143' title='bbox 242 1460 388 1507; x_wconf 83' lang='lat' dir='ltr'>patiens</span> <span class='ocrx_word' id='word_1_144' title='bbox 423 1457 631 1500; x_wconf 82' lang='lat' dir='ltr'>Gracchus,</span> <span class='ocrx_word' id='word_1_145' title='bbox 662 1471 776 1506; x_wconf 87' lang='lat' dir='ltr'>quum</span> <span class='ocrx_word' id='word_1_146' title='bbox 809 1470 930 1505; x_wconf 83' lang='lat' dir='ltr'>neque</span> <span class='ocrx_word' id='word_1_147' title='bbox 963 1470 1130 1507; x_wconf 88' lang='lat' dir='ltr'>pugnam</span> <span class='ocrx_word' id='word_1_148' title='bbox 1164 1470 1360 1494; x_wconf 88' lang='lat' dir='ltr'>conserere</span> 
     </span>
     <span class='ocr_line' id='line_1_30' title="bbox 242 1520 1357 1571; baseline 0.001 -14"><span class='ocrx_word' id='word_1_149' title='bbox 242 1523 438 1558; x_wconf 81' lang='lat' dir='ltr'>dictatoris</span> <span class='ocrx_word' id='word_1_150' title='bbox 469 1520 613 1571; x_wconf 81' lang='lat' dir='ltr'>injussu</span> <span class='ocrx_word' id='word_1_151' title='bbox 634 1522 802 1564; x_wconf 75' lang='lat' dir='ltr'>auderet,</span> <span class='ocrx_word' id='word_1_152' title='bbox 830 1521 1095 1570; x_wconf 84' lang='lat' dir='ltr'>(pugnandum</span> <span class='ocrx_word' id='word_1_153' title='bbox 1116 1528 1242 1557; x_wconf 82' lang='lat' dir='ltr'>autem</span> <span class='ocrx_word' id='word_1_154' title='bbox 1261 1534 1357 1565; x_wconf 87' lang='lat' dir='ltr'>esse,</span> 
     </span>
     <span class='ocr_line' id='line_1_31' title="bbox 242 1585 1357 1636; baseline 0.002 -14"><span class='ocrx_word' id='word_1_155' title='bbox 242 1588 272 1622; x_wconf 89' lang='lat' dir='ltr'>si</span> <span class='ocrx_word' id='word_1_156' title='bbox 293 1586 417 1636; x_wconf 77' lang='lat' dir='ltr'>palam</span> <span class='ocrx_word' id='word_1_157' title='bbox 436 1585 667 1621; x_wconf 82' lang='lat' dir='ltr'>frumentum</span> <span class='ocrx_word' id='word_1_158' title='bbox 686 1586 910 1635; x_wconf 74' lang='lat' dir='ltr'>inportare-t,</span> <span class='ocrx_word' id='word_1_159' title='bbox 929 1585 1097 1633; x_wconf 80' lang='lat' dir='ltr'>videbat)</span> <span class='ocrx_word' id='word_1_160' title='bbox 1120 1599 1241 1635; x_wconf 84' lang='lat' dir='ltr'>neque</span> <span class='ocrx_word' id='word_1_161' title='bbox 1261 1586 1357 1624; x_wconf 87' lang='lat' dir='ltr'>clam</span> 
     </span>
     <span class='ocr_line' id='line_1_32' title="bbox 243 1650 1358 1701; baseline 0.002 -15"><span class='ocrx_word' id='word_1_162' title='bbox 243 1650 461 1700; x_wconf 82' lang='lat' dir='ltr'>inportandi</span> <span class='ocrx_word' id='word_1_163' title='bbox 491 1662 573 1700; x_wconf 75' lang='lat' dir='ltr'>spes</span> <span class='ocrx_word' id='word_1_164' title='bbox 602 1656 713 1693; x_wconf 84' lang='lat' dir='ltr'>esset,</span> <span class='ocrx_word' id='word_1_165' title='bbox 734 1650 847 1693; x_wconf 86' lang='lat' dir='ltr'>farre,</span> <span class='ocrx_word' id='word_1_166' title='bbox 869 1663 912 1686; x_wconf 88' lang='lat' dir='ltr'>ex</span> <span class='ocrx_word' id='word_1_167' title='bbox 944 1651 1043 1699; x_wconf 85' lang='lat' dir='ltr'>agris</span> <span class='ocrx_word' id='word_1_168' title='bbox 1065 1651 1164 1686; x_wconf 86' lang='lat' dir='ltr'>circa</span> <span class='ocrx_word' id='word_1_169' title='bbox 1192 1651 1358 1701; x_wconf 84' lang='lat' dir='ltr'>undique</span> 
     </span>
     <span class='ocr_line' id='line_1_33' title="bbox 243 1714 1363 1764; baseline 0.002 -14"><span class='ocrx_word' id='word_1_170' title='bbox 243 1720 442 1757; x_wconf 83' lang='lat' dir='ltr'>convecto,</span> <span class='ocrx_word' id='word_1_171' title='bbox 461 1727 575 1762; x_wconf 69' lang='lat' dir='ltr'>quum</span> <span class='ocrx_word' id='word_1_172' title='bbox 592 1714 787 1763; x_wconf 89' lang='lat' dir='ltr'>complura</span> <span class='ocrx_word' id='word_1_173' title='bbox 803 1714 904 1750; x_wconf 86' lang='lat' dir='ltr'>dolia</span> <span class='ocrx_word' id='word_1_174' title='bbox 920 1714 1159 1764; x_wconf 84' lang='lat' dir='ltr'>complesset,</span> <span class='ocrx_word' id='word_1_175' title='bbox 1179 1716 1363 1752; x_wconf 36' lang='lat' dir='ltr'>nuncium*</span> 
     </span>
     <span class='ocr_line' id='line_1_34' title="bbox 242 1778 1360 1829; baseline 0.001 -14"><span class='ocrx_word' id='word_1_176' title='bbox 242 1780 288 1816; x_wconf 86' lang='lat' dir='ltr'>ad</span> <span class='ocrx_word' id='word_1_177' title='bbox 306 1780 568 1827; x_wconf 80' lang='lat' dir='ltr'>magistratum</span> <span class='ocrx_word' id='word_1_178' title='bbox 586 1778 795 1814; x_wconf 81' lang='lat' dir='ltr'>Casilinum</span> <span class='ocrx_word' id='word_1_179' title='bbox 812 1780 928 1822; x_wconf 84' lang='lat' dir='ltr'>misit,</span> <span class='ocrx_word' id='word_1_180' title='bbox 947 1785 988 1815; x_wconf 89' lang='lat' dir='ltr'>ut</span> <span class='ocrx_word' id='word_1_181' title='bbox 1008 1780 1225 1829; x_wconf 86' lang='lat' dir='ltr'>exciperent</span> <span class='ocrx_word' id='word_1_182' title='bbox 1242 1779 1360 1823; x_wconf 85' lang='lat' dir='ltr'>dolia,</span> 
     </span>
     <span class='ocr_line' id='line_1_35' title="bbox 241 1842 1358 1892; baseline 0.002 -14"><span class='ocrx_word' id='word_1_183' title='bbox 241 1858 322 1892; x_wconf 70' lang='lat' dir='ltr'>qua:</span> <span class='ocrx_word' id='word_1_184' title='bbox 343 1842 656 1879; x_wconf 82' lang='lat' dir='ltr'>amnis-deferret.</span> <span class='ocrx_word' id='word_1_185' title='bbox 714 1843 935 1892; x_wconf 85' lang='lat' dir='ltr'>Insequenti</span> <span class='ocrx_word' id='word_1_186' title='bbox 952 1850 1079 1886; x_wconf 90' lang='lat' dir='ltr'>nocte,</span> <span class='ocrx_word' id='word_1_187' title='bbox 1099 1843 1255 1879; x_wconf 84' lang='lat' dir='ltr'>intentis</span> <span class='ocrx_word' id='word_1_188' title='bbox 1275 1857 1358 1880; x_wconf 88' lang='lat' dir='ltr'>om-</span> 
     </span>
     <span class='ocr_line' id='line_1_36' title="bbox 240 1907 1352 1956; baseline 0 -12"><span class='ocrx_word' id='word_1_189' title='bbox 240 1908 351 1944; x_wconf 88' lang='lat' dir='ltr'>nibus</span> <span class='ocrx_word' id='word_1_190' title='bbox 372 1908 409 1943; x_wconf 89' lang='lat' dir='ltr'>in</span> <span class='ocrx_word' id='word_1_191' title='bbox 429 1907 568 1943; x_wconf 83' lang='lat' dir='ltr'>flumen</span> <span class='ocrx_word' id='word_1_192' title='bbox 588 1920 631 1943; x_wconf 88' lang='lat' dir='ltr'>ac</span> <span class='ocrx_word' id='word_1_193' title='bbox 652 1919 755 1956; x_wconf 87' lang='lat' dir='ltr'>spem</span> <span class='ocrx_word' id='word_1_194' title='bbox 772 1908 818 1943; x_wconf 85' lang='lat' dir='ltr'>ab</span> <span class='ocrx_word' id='word_1_195' title='bbox 838 1908 979 1944; x_wconf 88' lang='lat' dir='ltr'>nuncio</span> <span class='ocrx_word' id='word_1_196' title='bbox 999 1907 1178 1943; x_wconf 86' lang='lat' dir='ltr'>Romano</span> <span class='ocrx_word' id='word_1_197' title='bbox 1198 1907 1352 1951; x_wconf 87' lang='lat' dir='ltr'>factam,</span> 
     </span>
     <span class='ocr_line' id='line_1_37' title="bbox 242 1970 1359 2020; baseline 0.002 -14"><span class='ocrx_word' id='word_1_198' title='bbox 242 1971 344 2007; x_wconf 89' lang='lat' dir='ltr'>dolia</span> <span class='ocrx_word' id='word_1_199' title='bbox 363 1971 486 2006; x_wconf 86' lang='lat' dir='ltr'>medio</span> <span class='ocrx_word' id='word_1_200' title='bbox 508 1971 621 2005; x_wconf 80' lang='lat' dir='ltr'>missa</span> <span class='ocrx_word' id='word_1_201' title='bbox 640 1971 740 2005; x_wconf 91' lang='lat' dir='ltr'>amni</span> <span class='ocrx_word' id='word_1_202' title='bbox 761 1971 1017 2007; x_wconf 84' lang='lat' dir='ltr'>defluxerunt:</span> <span class='ocrx_word' id='word_1_203' title='bbox 1048 1970 1241 2020; x_wconf 85' lang='lat' dir='ltr'>aequaliter</span> <span class='ocrx_word' id='word_1_204' title='bbox 1260 1972 1359 2008; x_wconf 86' lang='lat' dir='ltr'>inter</span> 
     </span>
     <span class='ocr_line' id='line_1_38' title="bbox 244 2033 1359 2085; baseline 0 -14"><span class='ocrx_word' id='word_1_205' title='bbox 244 2046 374 2072; x_wconf 88' lang='lat' dir='ltr'>omnes</span> <span class='ocrx_word' id='word_1_206' title='bbox 402 2033 633 2069; x_wconf 77' lang='lat' dir='ltr'>frumentum</span> <span class='ocrx_word' id='word_1_207' title='bbox 659 2034 828 2071; x_wconf 87' lang='lat' dir='ltr'>divisum.</span> <span class='ocrx_word' id='word_1_208' title='bbox 885 2035 930 2070; x_wconf 91' lang='lat' dir='ltr'>Id</span> <span class='ocrx_word' id='word_1_209' title='bbox 955 2042 1108 2085; x_wconf 88' lang='lat' dir='ltr'>postero</span> <span class='ocrx_word' id='word_1_210' title='bbox 1129 2047 1277 2084; x_wconf 87' lang='lat' dir='ltr'>quoque</span> <span class='ocrx_word' id='word_1_211' title='bbox 1301 2036 1359 2071; x_wconf 90' lang='lat' dir='ltr'>die</span> 
     </span>
     <span class='ocr_line' id='line_1_39' title="bbox 246 2098 1359 2148; baseline -0.002 -12"><span class='ocrx_word' id='word_1_212' title='bbox 246 2113 288 2136; x_wconf 91' lang='lat' dir='ltr'>ac</span> <span class='ocrx_word' id='word_1_213' title='bbox 308 2099 421 2134; x_wconf 88' lang='lat' dir='ltr'>tertio</span> <span class='ocrx_word' id='word_1_214' title='bbox 437 2098 579 2134; x_wconf 84' lang='lat' dir='ltr'>factum</span> <span class='ocrx_word' id='word_1_215' title='bbox 600 2106 656 2134; x_wconf 85' lang='lat' dir='ltr'>est</span> <span class='ocrx_word' id='word_1_216' title='bbox 672 2115 681 2143; x_wconf 79' lang='lat'>3</span> <span class='ocrx_word' id='word_1_217' title='bbox 715 2106 827 2135; x_wconf 84' lang='lat' dir='ltr'>nocte</span> <span class='ocrx_word' id='word_1_218' title='bbox 847 2104 884 2135; x_wconf 86' lang='lat' dir='ltr'>et</span> <span class='ocrx_word' id='word_1_219' title='bbox 903 2099 1153 2135; x_wconf 87' lang='lat' dir='ltr'>mittebantur</span> <span class='ocrx_word' id='word_1_220' title='bbox 1171 2105 1208 2134; x_wconf 89' lang='lat' dir='ltr'>et</span> <span class='ocrx_word' id='word_1_221' title='bbox 1227 2112 1359 2148; x_wconf 82' lang='lat' dir='ltr'>perve-</span> 
     </span>
     <span class='ocr_line' id='line_1_40' title="bbox 246 2162 1359 2200; baseline 0.001 -1"><span class='ocrx_word' id='word_1_222' title='bbox 246 2162 424 2200; x_wconf 89' lang='lat' dir='ltr'>niebant:</span> <span class='ocrx_word' id='word_1_223' title='bbox 458 2175 503 2198; x_wconf 88' lang='lat' dir='ltr'>eo</span> <span class='ocrx_word' id='word_1_224' title='bbox 523 2163 710 2199; x_wconf 85' lang='lat' dir='ltr'>custodias</span> <span class='ocrx_word' id='word_1_225' title='bbox 731 2164 898 2199; x_wconf 84' lang='lat' dir='ltr'>hostium</span> <span class='ocrx_word' id='word_1_226' title='bbox 918 2163 1112 2200; x_wconf 87' lang='lat' dir='ltr'>fallebant.</span> <span class='ocrx_word' id='word_1_227' title='bbox 1167 2162 1359 2200; x_wconf 87' lang='lat' dir='ltr'>Imbribus</span> 
     </span>
     <span class='ocr_line' id='line_1_41' title="bbox 246 2227 1360 2270; baseline 0 -7"><span class='ocrx_word' id='word_1_228' title='bbox 246 2227 381 2263; x_wconf 84' lang='lat' dir='ltr'>deinde</span> <span class='ocrx_word' id='word_1_229' title='bbox 413 2227 603 2263; x_wconf 87' lang='lat' dir='ltr'>continuis</span> <span class='ocrx_word' id='word_1_230' title='bbox 638 2228 790 2264; x_wconf 86' lang='lat' dir='ltr'>citatior</span> <span class='ocrx_word' id='word_1_231' title='bbox 828 2227 942 2264; x_wconf 79' lang='lat' dir='ltr'>solito</span> <span class='ocrx_word' id='word_1_232' title='bbox 976 2227 1117 2270; x_wconf 83' lang='lat' dir='ltr'>amnis,</span> <span class='ocrx_word' id='word_1_233' title='bbox 1144 2232 1360 2263; x_wconf 76' lang='lat' dir='ltr'>transverso</span> 
     </span>
    </p>
   </div>
  </div>
 </body>
</html>
