1527 2661
283 164 368 209 532
743 166 787 195 T.
813 167 947 197 leu

89 251 180 326 gg
198 256 337 329 3ῗέἰήὶί
367 268 404 293 se
432 261 574 293 mutare
606 259 801 301 sententiae,
830 261 1037 309 eosdemque
1065 263 1224 300 consules
1251 264 1409 302 dicturos

284 336 378 369 esst-:3
400 329 482 359 tum
500 323 733 373 Torquatus,
751 325 878 373 Neque
897 338 961 374 ego
979 332 1125 370 vestros,
1142 328 1279 377 inquit,
1294 341 1408 365 ‘mores

283 391 404 427 consul
411 389 517 438 ferre
532 395 674 438 potero,
694 402 805 439 neque
823 404 882 427 vos
902 393 1089 440 imperium
1107 405 1236 429 meum.
1277 393 1409 430 Redite

280 456 319 491 in
337 456 564 504 suffragium,
586 459 623 489 et
640 455 797 501 cogitate
814 455 944 491 bellum
965 457 1143 493 Punicum
1166 459 1204 493 in
1223 458 1349 501 Italia,
1370 461 1408 493 et

281 520 435 556 hostium
465 520 590 555 ducem
611 518 857 556 Hannibalem
886 532 966 556 esse.
1023 520 1124 557 Tum
1151 522 1335 565 centuria,
1366 528 1405 558 et

280 584 508 621 auctoritate
535 588 639 619 mota
658 583 743 625 viri,
764 590 801 619 et
828 584 1096 622 admirantium
1115 585 1215 622 circa
1234 585 1402 630 fremitu,

278 648 374 699 petit
395 661 417 684 a
435 646 603 689 consule,
627 654 667 682 ut
682 646 879 684 Veturiam
900 649 1092 685 seniorum
1112 650 1269 686 citaret:
1306 650 1405 687 Velle
1486 653 1488 668 ³

275 727 311 750 se
331 725 411 750 cum
431 711 623 759 majoribus
642 717 730 759 natu
744 713 921 762 conloqui,
938 718 972 749 et
990 726 1032 750 ex
1050 716 1267 751 auctoritate
1280 727 1404 752 eorum
1487 700 1489 717 ι’

276 779 434 815 consules
462 779 586 813 dicere.
645 777 782 812 citatis
809 777 976 814 Veturiae
1015 778 1241 823 senioribus,
1271 779 1400 816 datum

275 850 421 880 secreto
452 843 491 878 in
511 841 614 878 Ovili
643 842 809 878 cumbis
840 842 1094 892 conloquendi
1113 851 1274 895 tempus.
1331 845 1400 881 Se-

277 908 402 944 niores
423 906 469 943 de
497 905 618 942 tribus
639 905 914 942 consulendum
934 906 1111 943 dixerunt
1139 920 1234 951 esse,
1251 907 1399 945 duobus

271 971 354 1022 jam
380 971 500 1022 plenis
528 971 732 1013 honorum,
753 971 802 1010 Q.
819 971 940 1007 Fabio
967 977 1006 1008 et
1029 971 1086 1009 M.
1102 972 1312 1018 Marcello3
1345 979 1397 1016 et,

278 1037 309 1073 si
328 1037 459 1086 utique
484 1048 627 1071 novum
653 1035 817 1084 aliquem
845 1035 1022 1071 adversus
1043 1036 1185 1073 Poenos
1206 1037 1400 1075 consulem

278 1101 396 1138 creari
416 1100 570 1143 vellent,
590 1099 647 1135 M.
660 1099 855 1136 Valerium
874 1099 1074 1137 Laevinum
1097 1102 1249 1150 egregie
1268 1102 1400 1139 adver-

278 1179 339 1203 sus
359 1165 579 1217 Philip—n
594 1178 721 1214 regem
741 1171 842 1201 terra
862 1166 1029 1214 marique
1048 1178 1106 1202 res
1123 1167 1295 1214 gessisse.
1337 1166 1401 1204 Ita

277 1231 321 1267 de
341 1229 461 1266 tribus
483 1228 764 1266 consultatione
784 1229 885 1272 data,
908 1229 1120 1265 senioribus
1141 1229 1317 1274 dimissis,
1331 1229 1398 1281 ju·-

275 1296 403 1331 niores
422 1294 642 1343 suffragium
662 1295 807 1330 ineunt.
862 1293 919 1330 M.
938 1293 1139 1330 Claudium
1154 1294 1395 1339 Marcellum,

277 1359 486 1409 fulgentem
506 1365 589 1395 tum
605 1358 734 1395 Sicilia
749 1359 907 1402 domita,
925 1366 962 1394 et
980 1357 1037 1395 M.
1050 1359 1244 1396 Valerium
1259 1360 1395 1397 absen-

277 1432 334 1461 tes
347 1423 521 1462 consules
535 1424 712 1461 dixerunt
727 1438 734 1459 :
758 1424 1026 1459 auctoritatem
1038 1425 1298 1474 praerogativae
1314 1438 1396 1461 om-

278 1505 343 1528 nes
374 1491 554 1528 centuriae
586 1496 724 1526 secutae
754 1496 854 1526 sunt.
910 1489 1079 1526 Eludant
1111 1503 1212 1527 nunc
1242 1492 1398 1541 antiqua

278 1559 483 1595 mirantes:
516 1569 594 1593 non
622 1555 810 1606 equidem,
832 1557 861 1591 si
884 1568 958 1604 qua
983 1556 1032 1591 sit
1059 1555 1285 1606 sapientium
1305 1556 1397 1592 civi-

278 1630 352 1666 tas,
381 1635 494 1672 quam
523 1621 626 1658 docti
654 1620 804 1670 fingunt
834 1621 967 1669 magis,
998 1633 1111 1670 quam
1140 1626 1295 1663 norunt,
1331 1626 1397 1656 aut

278 1688 468 1740 principes
485 1686 675 1736 graviores
691 1686 1081 1736 temperantioresque
1097 1698 1119 1720 a
1135 1684 1310 1735 cupidine
1326 1685 1397 1721 im-

279 1755 390 1807 perii,
421 1760 487 1790 aut
515 1751 795 1788 multitudinem
833 1750 965 1787 melius
1003 1756 1189 1786 moratam
1222 1763 1396 1787 censeam

278 1818 357 1857 fieri
378 1830 501 1869 posse.
560 1816 780 1852 Centuriam
801 1828 889 1851 vero
903 1814 1100 1865 juniorum
1121 1815 1288 1850 seniores
1305 1827 1396 1850 con-

278 1884 399 1921 sulere
418 1881 596 1923 voluisse,
614 1880 748 1929 quibus
769 1880 969 1929 imperium
987 1879 1166 1927 suffragio
1186 1878 1394 1922 mandaret,

278 1951 339 1986 vix
366 1955 408 1984 ut
436 1945 637 1983 verisimile
667 1946 729 1987 sit,
759 1952 958 1995 parentum
988 1956 1138 1993 quoque
1166 1944 1240 1979 hoc
1269 1943 1396 1980 seculo

278 2018 362 2054 vil-is
381 2015 547 2063 levisque
567 2012 666 2063 apud
685 2011 823 2048 liberos
845 2012 1050 2048 auctoritas
1071 2011 1172 2047 fecit.

306 2079 494 2117 ·XX111.
522 2077 707 2115 Praetoria
733 2076 819 2112 inde
846 2076 1001 2112 comitia
1026 2074 1168 2111 habita.
1225 2074 1267 2111 P.
1280 2074 1395 2110 Man·

279 2147 349 2183 lius
374 2144 509 2187 Vulso,
538 2150 576 2179 et
600 2141 828 2179 L.Manlius
850 2141 1047 2184 Acidinus,
1075 2147 1113 2176 et
1135 2140 1177 2176 C.
1192 2139 1395 2182 Laetorius,

278 2218 318 2247 et
336 2209 382 2246 L.
397 2209 550 2245 Cincius
570 2206 785 2243 Alimentus
816 2205 931 2241 creati
961 2212 1061 2242 sunt.
1117 2203 1233 2240 Forte
1253 2204 1306 2239 ita
1335 2204 1393 2239 in·
1525 2201 1527 2256 i

278 2275 384 2317 cidit,
402 2280 442 2309 ut
458 2272 620 2310 comitiis
641 2270 816 2322 perfectis
836 2270 1093 2312 nunciaretur,
1109 2268 1156 2304 T.
1169 2266 1391 2310 Otacilium,
1526 2258 1527 2268 ³

279 2352 388 2389 quem
407 2336 630 2379 T.Manlio‚
651 2336 723 2372 nisi
750 2333 1009 2385 interpellatus
1029 2333 1126 2369 ordo
1149 2332 1391 2369 comitiorum
