1527 2661
402 186 555 215 LIBER
581 185 699 214 XXV.
734 184 839 212 CAP.
861 184 964 212 XLI.
1157 181 1239 226 497

128 294 211 320 nem
231 282 509 333 opperirentur,
527 286 565 316 et
580 278 744 315 secunda
764 290 899 327 pugnae
919 277 1073 314 fortuna
1093 278 1238 313 evenis·
1255 283 1343 313 U.C.
1363 290 1435 314 540.

128 354 195 390 set,
215 346 316 383 haud
336 345 449 383 dubie
467 344 628 381 Mutinis
650 343 810 393 gloriam
829 342 922 379 fore.
1251 330 1290 357 A.
1308 327 1344 357 C·
1363 333 1437 357 ²¹²⁰

180 409 289 446 XLI.
318 409 524 446 Enimvero
544 408 742 456 indignum
763 413 865 443 ratus
884 405 1089 442 Marcellus
1107 418 1159 449 se,
1176 407 1239 455 qui
1253 406 1298 436 Eo
1314 406 1430 454 absen-

128 471 386 510 Hannibalem
420 472 616 509 subnisum
650 472 808 508 victoria
839 470 1030 507 Cannensi
1060 470 1106 506 ab
1136 470 1239 506 Nola
1253 449 1420 522 ῗῑζὶρέῗῐέἶ

126 536 338 587 repulisset,
357 537 417 572 his
446 543 548 572 terra
575 537 744 585 marique
773 535 881 571 victis
915 534 962 570 ab
996 546 1035 569 se
1064 533 1238 570 hostibus
1253 536 1399 566 mittitur·

126 600 272 643 cedere,
294 613 398 636 arma
424 612 583 650 propere
607 611 740 649 capere
759 599 912 641 milites,
934 604 972 633 et
991 597 1112 633 efferri
1132 598 1242 646 signa

118 662 245 713 jubet.
302 663 512 700 Instruenti
532 664 738 699 exercitum
759 663 887 699 decem
907 661 1032 698 effusis
1053 662 1156 710 equis
1177 662 1242 698 ad-

126 725 256 762 volant
276 739 322 763 ex
347 727 515 763 hostium
542 727 622 762 acie
647 725 839 769 Numidae,
860 726 1098 768 nunciantes,
1120 738 1242 775 popu-

125 788 220 825 lares
241 801 344 833 suos,
364 791 529 841 primum
555 803 600 826 ea
621 791 808 826 seditione
827 795 967 832 motos,
989 802 1063 838 qua
1081 788 1242 825 trecenti

124 865 172 889 ex
196 865 355 889 numero
384 866 454 890 suo
484 854 742 890 concesserint
771 853 1013 896 Heracleam,
1031 853 1121 888 ‘dein
1141 852 1242 901 quod

124 916 347 966 praefectum
376 929 485 953 suum
514 916 562 953 ab
592 916 896 953 obtractantibus
926 915 1083 951 ducibus
1110 914 1240 963 gloriae

126 980 221 1032 ejuS‚
239 981 308 1019 sub
331 983 452 1033 ipsam
471 982 687 1019 certaminis
708 982 819 1024 diem,
838 981 1054 1030 ablegatum
1073 980 1240 1023 videant,

125 1046 319 1095 quieturos
352 1047 393 1083 in
424 1059 565 1096 pugna.
635 1045 737 1082 Gens
770 1044 886 1082 fallax
920 1045 1096 1095 promissi
1129 1043 1240 1080 fidem
1254 1050 1438 1100 Vincuntur

127 1111 328 1161 praestitit:
361 1111 489 1159 itaque
513 1116 550 1146 et
574 1109 761 1147 Romanis
782 1110 899 1146 crevit
918 1110 1078 1152 animus,
1098 1109 1240 1145 nuncio
1254 1093 1354 1125 Poem·

126 1173 239 1210 celeri
265 1187 332 1224 per
356 1175 506 1211 ordines
532 1175 662 1218 misso,
684 1174 906 1210 destitutum
929 1173 976 1210 ab
1000 1173 1126 1222 equite
1152 1173 1243 1208 hos-

125 1245 204 1274 tem
223 1250 318 1281 esse,
336 1250 447 1287 quem
466 1239 629 1275 maxime
647 1238 875 1274 timuerant:
899 1243 937 1273 et
956 1237 1077 1273 territi
1096 1237 1241 1280 hostes,

127 1310 377 1351 praeterquam
397 1302 498 1350 quod
517 1302 682 1338 maxima
705 1308 812 1352 parte
838 1302 973 1338 virium
993 1313 1144 1337 suarum
1163 1313 1242 1337 non

118 1365 369 1416 juvabantur,
395 1367 532 1403 timore
558 1367 672 1403 etiam
698 1368 865 1410 incusso,
887 1380 933 1403 ne
957 1366 1004 1403 ab
1025 1379 1093 1402 suo
1114 1372 1151 1402 et
1170 1366 1242 1416 ipsi

125 1431 252 1480 equite
272 1430 596 1481 obpugnarentur.
644 1431 779 1480 Itaque
798 1432 899 1468 haud
918 1431 1047 1479 magni
1067 1430 1242 1466 certami-

123 1494 183 1530 nis
202 1494 298 1531 fuit:
332 1495 474 1545 primus
495 1495 638 1532 clamor
656 1501 769 1544 atque
795 1496 944 1545 inpetus
964 1507 1043 1531 rem
1063 1494 1241 1530 decrevit.

124 1559 317 1604 Numidae,
338 1573 454 1610 quum
473 1561 512 1596 in
533 1573 718 1598 concursu
738 1560 856 1609 quieti
883 1560 1078 1596 stetissent
1097 1560 1137 1595 in
1156 1572 1240 1595 cor-

124 1623 250 1667 nibus,
273 1631 314 1660 ut
341 1630 450 1673 terga
478 1625 609 1662 dantes
636 1637 723 1661 suos
749 1625 937 1667 viderunt,
963 1624 1063 1673 fugae
1090 1630 1239 1659 tantum

124 1700 326 1737 parumper
355 1689 512 1725 comites
541 1689 647 1731 facti,
669 1696 870 1739 postquam
897 1701 1026 1724 omnes
1050 1688 1239 1736 Agrigen-

126 1757 207 1787 tum
227 1751 374 1801 trepido
391 1753 540 1801 agmine
559 1758 731 1802 petentes
752 1752 939 1793 viderunt,
956 1752 1027 1801 ipsi
1048 1758 1149 1787 metu
1170 1751 1240 1787 ob-

124 1815 281 1851 sidionis
302 1816 442 1865 passim
462 1816 499 1851 in
521 1816 692 1852 civitates
713 1817 903 1866 proximas
925 1815 1071 1865 dilapsi.
1113 1815 1241 1851 Multa

125 1877 243 1915 millia
272 1879 467 1915 hominum
499 1892 596 1915 caesa
624 1886 822 1929 captaque,
849 1886 886 1915 et
915 1881 1005 1915 octo
1035 1878 1239 1929 elephanti.

125 1942 221 1979 Haec
251 1942 383 1979 ultima
411 1944 450 1979 in
481 1943 610 1980 Sicilia
637 1943 809 1980 Marcelli
839 1956 967 1994 pugna
989 1943 1084 1980 fuit:
1118 1944 1239 1979 victor

124 2006 212 2042 inde
242 2006 444 2056 Syracusas
474 2009 593 2044 rediit.
650 2008 737 2044 Jam
768 2008 886 2044 ferme
915 2008 953 2043 in
984 2008 1088 2043 exitu
1117 2020 1237 2043 annus

125 2077 231 2107 erat:
264 2071 391 2120 itaque
422 2078 572 2107 senatus
602 2071 736 2108 Romae
763 2072 941 2114 decrevit,
963 2078 1004 2106 ut
1028 2071 1071 2107 P.
1092 2071 1237 2107 Corne-

125 2133 197 2170 lius
229 2140 368 2183 praetor
402 2134 528 2170 literas
556 2135 727 2186 Capuam
760 2135 806 2172 ad
836 2135 1007 2171 consules
1039 2135 1235 2179 mitteret,

127 2197 215 2233 (lum
235 2197 433 2234 Hannibal
452 2199 584 2248 procul
603 2199 763 2242 abesset,
782 2212 849 2235 nec
867 2199 942 2235 ulla
962 2200 1089 2247 magni
1107 2198 1237 2234 discri-

126 2261 237 2297 minis
266 2274 322 2298 res
353 2262 399 2298 ad
419 2263 588 2313 Capuam
608 2269 813 2312 gereretur,
845 2263 939 2299 alter
959 2275 1104 2305 eorum,
1125 2262 1154 2297 si
1186 2263 1239 2298 ita

124 2324 325 2372 videretur,
343 2325 389 2362 ad
405 2327 647 2375 magistratus
665 2327 925 2376 subrogandos
948 2325 1111 2362 Romam
1134 2327 1235 2361 veni·
