1527 2661
344 188 497 216 Lmen
522 187 678 215 xxn1.
712 187 818 216 CAP.
845 189 965 217 xxv.
1126 186 1208 233 335

100 275 266 325 quinque
285 275 402 312 millia
420 282 652 313 armatorum
671 277 710 312 in
731 289 841 325 agros
862 277 1029 312 hostium
1049 277 1207 313 induxe—
1222 285 1263 315 U.
1276 283 1313 315 C.
1331 288 1404 315 536.

98 340 162 377 rit.
218 339 318 376 Galli
344 352 450 376 oram
479 346 655 376 extremae
684 339 785 376 silvae
806 353 921 389 quum
951 327 1311 377 eireu1nsedis-A·C·
1328 332 1403 358 ⁹¹⁵·

101 410 199 447 sent,
221 404 285 440 ubi
313 405 466 441 intravit
496 417 631 453 agmen
662 405 813 446 saltum,
834 411 914 440 tum
943 412 1130 440 extremas
1151 418 1211 441 ar·-

99 466 234 504 borum
251 469 480 505 succisarum
500 468 708 519 inpellunt:
742 482 838 517 quae,
857 468 931 504 alia
950 469 989 504 in
1009 468 1134 511 aliam,
1152 469 1210 504 in-

99 531 274 569 stabilem
293 546 358 583 per
377 546 416 569 se
435 546 479 569 ac
498 533 596 570 male
620 533 840 575 haerentem,
861 533 1084 575 incidentes,
1107 534 1210 569 anci-

98 597 169 646 piti
188 604 313 646 strage
339 609 456 640 arma,
476 598 590 639 viros,
619 609 734 646 equos
755 597 976 639 obruerunt,
997 603 1039 631 ut
1065 597 1127 632 vix
1146 596 1211 632 de-

100 672 180 696 cem
195 661 368 697 homines
384 662 603 710 effugerent.
660 662 694 697 N
702 675 762 697 am
775 674 890 710 quum
905 661 1109 697 exanimati
1130 660 1210 710 ple-

99 725 205 774 rique
232 732 357 762 essent
385 726 562 762 arborum
591 726 733 761 truncis
763 725 1058 773 fragmentisque
1087 737 1211 761 ramo-

97 799 195 831 rum,
217 795 380 825 ceteram
398 802 548 838 quoque
572 789 866 831 multitudinem,
888 789 1087 839 inopinato
1111 790 1212 827 malo

96 852 296 903 trepidam,
318 853 432 897 Galli,
455 853 590 890 saltum
611 866 761 889 omnem
782 853 915 889 armati
936 854 1212 891 circumseden-

97 922 170 959 tes,
207 917 501 964 interfecerunt3
534 918 663 967 paucis
694 930 713 952 e
743 922 852 952 tanto
882 929 1039 953 numero
1073 919 1208 967 captis,

99 980 177 1030 qui,
197 981 360 1018 fluminis
380 987 537 1032 pontem
557 987 743 1031 petentes,
765 981 923 1017 obsesso
943 988 1032 1018 ante
1051 982 1098 1018 ab
1118 983 1209 1018 hos·

97 1044 200 1082 tibus
220 1052 337 1096 ponte
356 1046 551 1082 interclusi
570 1052 670 1082 sunt.
727 1045 787 1082 Ibi
803 1045 1020 1082 Postumius
1035 1047 1139 1082 omni
1158 1048 1208 1090 vi,

98 1121 148 1145 ne
176 1116 386 1159 caperetur,
416 1111 612 1153 dimicans,
651 1110 857 1146 obcubuit:
891 1110 1012 1160 spolia
1042 1112 1209 1161 corporis

100 1181 286 1224 caputque
305 1175 408 1211 ducis
429 1177 625 1225 praecisum
646 1175 732 1211 Boii
753 1182 908 1211 ovantes
930 1176 1088 1225 templo,
1109 1177 1211 1225 quod

99 1238 376 1275 sanctissimum
406 1248 463 1275 est
491 1240 590 1289 apud
609 1252 688 1282 eos,
719 1239 900 1275 intulere:
933 1246 1095 1289 purgato
1124 1240 1212 1276 inde

100 1304 238 1353 capite,
260 1311 301 1339 ut
322 1317 404 1340 mos
430 1305 474 1340 iis
495 1312 565 1347 est,
587 1304 729 1340 calvam
755 1317 847 1340 auro
868 1304 1067 1340 caelavere:
1101 1305 1211 1354 idque

101 1380 248 1404 sacrum
265 1381 329 1404 vas
358 1369 403 1404 iis
433 1375 527 1412 erat,
548 1382 622 1418 quo
652 1368 896 1405 sollemnibus
926 1368 1109 1405 libarent:
1142 1382 1212 1419 po-

100 1429 300 1480 culumque
316 1432 413 1468 idem
434 1432 621 1468 sacerdoti
640 1444 734 1474 esse,
752 1444 795 1467 ac
814 1431 944 1481 templi
965 1432 1211 1468 antistitibus.

98 1495 232 1532 Praeda
261 1509 411 1545 quoque
438 1497 540 1532 haud
571 1497 696 1532 minor
724 1495 858 1538 Gallis,
893 1509 1005 1544 quam
1039 1497 1210 1540 victoria,

102 1559 197 1596 fuit:
231 1573 320 1597 nam
339 1562 410 1597 etsi
435 1574 574 1610 magna
602 1573 687 1610 pars
707 1559 926 1596 animalium
957 1566 1082 1608 strage
1109 1560 1210 1597 silvae

103 1622 283 1673 obpressa
308 1631 401 1668 erat,
423 1631 551 1661 tamen
570 1631 703 1660 ceterae
731 1636 803 1666 res,
825 1624 913 1672 quia
938 1623 1033 1658 nihil
1053 1624 1210 1674 dissipa-

104 1694 184 1723 tum
205 1688 298 1736 fuga
326 1696 396 1731 est,
427 1696 554 1725 stratae
582 1702 649 1738 per
678 1701 828 1724 omnem
855 1686 1020 1737 jacentis
1050 1689 1211 1736 agminis

101 1749 272 1787 ordinem
291 1752 452 1788 inventae
473 1759 571 1788 sunt.

156 1815 287 1852 XXV.
318 1815 403 1852 Hac
423 1817 603 1851 nunciata
622 1815 740 1857 clade,
758 1827 871 1863 quum
892 1827 958 1864 per
974 1815 1051 1850 dies
1072 1815 1211 1852 multos

104 1878 142 1914 in
168 1885 277 1915 tanto
304 1892 442 1929 pavore
461 1879 594 1915 fuisset
621 1879 766 1920 civitas,
798 1885 852 1919 ut,
873 1877 1039 1914 tabernis
1061 1878 1211 1922 clausis,

104 1941 205 1978 velut
233 1949 421 1979 nocturna
449 1942 651 1978 solitudine
678 1954 743 1991 per
774 1941 903 1977 urbem
932 1948 1029 1984 acta,
1060 1950 1211 1979 senatus

104 2005 272 2042 aedilibus
294 2007 487 2056 negotium
507 2007 626 2048 daret,
644 2012 685 2041 ut
702 2005 831 2041 urbem
848 2005 1102 2048 circumirent,
1123 2019 1212 2055 ape-

101 2070 240 2119 ririque
269 2071 459 2114 tabernas,
482 2078 518 2107 et
546 2071 737 2106 moestitiae
758 2069 915 2119 publicae
937 2070 1099 2119 speciem
1129 2070 1212 2106 urbi

101 2134 198 2170 demi
211 2134 392 2185 juberent
405 2152 415 2181 5
447 2143 529 2172 tum
542 2136 602 2172 Ti.
617 2135 859 2185 Sempronius
876 2140 1048 2170 senatum
1064 2134 1212 2177 habuit,

103 2198 395 2248 consolatusque
411 2200 542 2236 Patres
559 2206 628 2242 est,
650 2206 687 2235 et
703 2199 939 2240 adhortatus,
960 2211 1015 2240 ne,
1034 2200 1094 2246 qui
1117 2200 1210 2234 Can-

101 2266 200 2300 nensi
218 2266 329 2300 ruinae
353 2277 420 2300 non
443 2265 716 2306 subcubuissent,
737 2266 786 2300 ad
813 2266 963 2299 minores
989 2264 1213 2299 calamitates

65 2328 68 2331 ’
98 2331 236 2366 animos
260 2330 530 2366 submitterent:
558 2330 653 2378 quod
681 2330 729 2365 ad
760 2328 1074 2375 Karthaginienses
1102 2327 1214 2365 hostes
