1527 2661
0 2589 9 2661 i

377 193 528 221 LIBER
553 191 712 220 XXIII.
745 190 850 218 CAP.
874 191 1014 218 XLIX.
1165 177 1246 231 367

142 282 235 316 eiam
274 280 426 316 retineri
459 292 580 329 posse.
636 278 776 314 Literis
810 278 991 319 recitatis,
1021 289 1134 312 nemo
1167 288 1248 312 om·
1263 279 1305 307 U.
1322 277 1359 306 C.
1379 283 1448 315 537·

140 344 245 380 nium
274 350 367 385 erat,
389 344 492 391 quin,
524 349 562 378 et
589 355 677 378 vera
705 343 832 385 scribi,
854 349 892 378 et
914 341 1098 392 postulari
1128 354 1246 389 aequa,
1263 322 1301 351 A'
1319 320 1354 350 C*
1373 327 1446 350 ²¹⁵⁴

141 406 344 442 fateretur:
377 406 441 442 sed
460 406 688 442 obcurrebat
710 407 859 448 animis,
881 412 1042 454 quantos
1063 405 1248 441 exercitus

140 475 334 506 terrestres
347 470 573 518 navalesque
586 476 795 512 tuerentur,
810 476 1025 518 quantaque
1040 481 1138 504 nova
1154 468 1249 504 clas-

140 533 190 568 sis
211 546 300 568 mox
319 534 487 582 paranda
507 540 618 575 esset,
640 533 670 568 si
690 532 831 568 bellum
849 532 1142 568 Macedonicum
1168 545 1250 568 mo-

141 602 299 632 veretur.
358 596 524 631 Siciliam
558 609 600 632 ac
636 596 862 637 Sardiniam,
884 609 966 644 quae
997 601 1084 631 ante
1110 595 1250 631 bellum
1266 600 1436 647 Rornano-¹

140 658 342 707 vectigales
362 659 536 702 fuissent,
558 659 621 694 vix
646 659 820 708 praesides
848 660 1126 708 provinciarum
1146 672 1252 694 exer·
1267 652 1339 673 ‘um
1353 651 1470 681 ”wpffl'

140 723 236 758 citus
264 722 384 758 alere:
417 722 562 758 tributo
592 729 736 759 sumtus
766 723 1019 772 subpeditari:
1053 736 1167 772 quum
1196 724 1254 772 ip·-

141 798 224 821 sum
250 785 434 822 tributum
464 786 742 822 conferentium
771 799 969 822 numerum
1001 787 1117 822 tantis
1149 799 1256 822 exer-

95 874 99 878 ·
139 851 286 887 eituum
312 850 516 898 stragibus,
538 857 575 886 et
603 851 650 887 ad
678 851 942 887 Trasimenum
970 850 1107 893 lacum,
1138 857 1176 886 et
1209 851 1254 887 ad

92 947 97 954 ,
145 914 311 957 Cannas,
332 915 588 959 inminutum,
621 919 715 957 tum,
738 915 802 963 qui
822 921 1061 964 superessent
1078 915 1203 965 pauci,
1225 915 1256 950 si

140 977 343 1027 multiplici
359 985 607 1026 gravarentur
621 979 826 1029 stipendio,
844 979 918 1015 alia
934 980 1119 1029 perituros
1136 985 1255 1028 peste.

141 1042 292 1091 Itaque,
322 1043 396 1078 nisi
415 1042 486 1079 fide
515 1048 632 1079 staret
658 1043 885 1093 respublica,
906 1037 1041 1092 opibus
1069 1055 1147 1078 nou
1179 1049 1256 1079 sta·-

139 1111 279 1142 turam.
335 1106 603 1143 Prodeundum
629 1108 667 1142 in
694 1109 918 1143 concionem
940 1107 1075 1143 Fulvio
1101 1106 1257 1157 proetori

144 1181 239 1212 esse,
257 1170 474 1206 indicandas
495 1171 637 1220 populo
657 1171 826 1220 publicas
842 1172 1101 1213 necessitates,
1119 1171 1257 1207 cohor·

142 1232 368 1281 tandosque,
390 1234 453 1282 qui
481 1234 702 1269 redemturis
730 1235 924 1270 auxissent
952 1235 1194 1284 patrimonia,
1215 1241 1259 1271 ut

144 1296 375 1345 reipublicae,
397 1309 442 1334 ex
462 1309 536 1345 qua
558 1297 776 1341 crevissent,
798 1298 844 1333 ad
871 1304 1018 1348 tempus
1040 1298 1257 1334 commoda*

143 1366 252 1406 rent3
286 1362 613 1410 conducerentque
630 1375 673 1398 ea
692 1362 775 1411 lege
794 1363 1008 1412 praebenda,
1026 1377 1108 1412 quae
1129 1364 1174 1399 ad
1195 1376 1262 1399 ex·-

145 1426 303 1461 ercitum
327 1425 621 1475 Hispaniensem
642 1439 736 1475 opus
766 1432 904 1468 essent,
927 1433 981 1468 ut,
1003 1439 1117 1475 quum
1146 1439 1261 1475 pecu-

142 1488 209 1524 nia
228 1488 266 1523 in
287 1489 418 1524 aerario
434 1495 546 1531 esset,
564 1489 608 1524 iis
628 1489 756 1538 primis
773 1488 993 1525 solveretur.
1049 1488 1145 1525 Haec
1165 1502 1260 1539 prae-

144 1557 205 1589 tor
230 1553 269 1588 in
289 1554 474 1590 concione
504 1554 634 1595 edixit,
656 1566 731 1601 qua
750 1553 809 1589 die
830 1554 1070 1596 vestimenta,
1090 1553 1261 1589 frumen-

144 1621 240 1659 tum,
270 1615 519 1666 Hispaniensi
549 1618 732 1653 exercitui
761 1618 978 1667 praebenda,
1000 1630 1157 1668 quaeque
1187 1617 1263 1654 alia

144 1697 242 1734 opus
267 1690 394 1721 essent
414 1685 609 1721 navalibus
631 1686 757 1728 sociis,
779 1692 876 1721 esset
896 1685 1100 1722 locaturus.

198 1748 351 1785 XLIX.
382 1748 460 1784 Ubi
490 1761 533 1784 ea
553 1749 631 1784 dies
663 1750 779 1791 venit,
801 1749 847 1785 ad
867 1750 1155 1785 conducendum
1184 1755 1258 1785 tres
1274 1761 1395 1792 Privata
1410 1771 1465 1800 pe-

146 1814 345 1849 societates
359 1813 516 1848 aderant
529 1813 725 1849 hominum
744 1814 993 1861 undeviginti,
1009 1826 1167 1862 quorum
1184 1814 1259 1850 duo
1273 1805 1472 1876 effigia-gez,

147 1875 338 1925 postulata
358 1876 484 1911 fuere:
519 1888 650 1917 unum,
673 1882 713 1911 ut
739 1876 874 1911 militia
894 1884 1084 1919 vacarent,
1107 1877 1194 1913 dum
1222 1878 1260 1913 in
1274 1857 1434 1919 {zimma-

148 1952 192 1975 eo
213 1939 365 1988 publico
393 1944 540 1975 essent:
573 1939 746 1981 alterum,
768 1945 822 1981 ut,
844 1952 926 1987 quae
954 1940 990 1975 in
1012 1953 1124 1976 naves
1152 1942 1260 1990 inpo-
1275 1939 1337 1963 tur.

148 2003 323 2044 suissent,
345 2002 391 2038 ab
412 2003 578 2038 hostium
598 2004 908 2052 tempestatisque
929 2004 963 2038 vi
984 2004 1137 2052 publico
1165 2006 1262 2053 peri-

147 2065 233 2102 culo
259 2072 395 2102 essent,
454 2066 626 2114 Utroque
656 2067 860 2115 inpetrato,
889 2068 1165 2110 conduxerunt,
1188 2069 1263 2117 pri-

149 2137 308 2178 vataque
345 2130 506 2178 pecunia
538 2130 750 2179 respublica
783 2132 1046 2167 administrata
1083 2138 1150 2167 cst.
1210 2132 1262 2169 Hi

150 2206 288 2235 mores,
310 2206 426 2241 eaque
447 2194 582 2229 caritas
604 2194 734 2242 patriae
756 2207 821 2242 pei·
841 2207 970 2230 omncs
992 2196 1140 2231 ordines
1162 2196 1263 2233 velut

152 2262 282 2292 tenore
318 2268 393 2291 uno
432 2256 659 2306 pertinebat.
717 2257 1045 2296 Quemadmodum
1076 2258 1264 2296 conducta

151 2319 278 2355 omnia
296 2331 435 2369 magno
465 2320 592 2356 animo
613 2325 714 2360 sunt,
736 2321 790 2356 sic
819 2331 965 2357 sumina
986 2320 1056 2357 fide
1085 2321 1260 2371 prelata,

661 2382 742 2419 R4
