1527 2661
243 439 543 487 ΕΡΙΤΟΜ
559 439 599 486 Ε
645 437 867 486 LIBRI
903 437 1055 486 XIII.

89 675 458 752 VALERIUS
493 674 659 711 Laevinus
694 673 815 715 consul
859 685 991 722 parum
1031 687 1201 723 prospere

93 722 96 726 -
184 743 348 778 adversus
366 741 550 789 Pyrrhum
572 740 764 788 pugnavit,
785 738 1055 787 elephantorum
1083 742 1198 777 maxim

86 817 143 842 me
159 807 335 842 inusitata
351 804 456 854 facie
476 804 609 840 territis
636 802 819 838 militibus.
863 803 952 838 Post
980 805 1019 839 id
1033 806 1201 852 proelium

89 881 167 905 cum
187 881 337 918 corpora
356 868 615 911 Romanorum,
636 868 698 915 qui
716 867 754 902 in
772 868 849 902 acie
868 868 1082 911 ceciderant,
1106 869 1200 917 Pyr:

87 934 173 971 rhus
190 936 391 983 inspiceret,
412 935 532 970 omnia
548 944 650 968 versa
672 933 710 968 in
729 931 864 967 hostem
881 933 1027 975 invenit,
1044 934 1202 981 popula·

87 998 291 1048 bundusque
315 999 364 1035 ad
392 998 514 1034 urbem
534 997 689 1033 Romam
713 997 895 1044 processit.
945 995 984 1031 C.
1005 997 1201 1042 Fabricius,

88 1066 212 1101 missus
229 1066 278 1101 acl
295 1077 375 1101 eum
393 1077 416 1101 a
433 1068 573 1106 senatu,
594 1067 635 1098 ut
654 1063 698 1098 de
720 1063 930 1098 redimendis
948 1064 1100 1112 captivis
1118 1075 1202 1112 age-

88 1133 154 1171 ret,
165 1128 327 1177 frustra,
347 1133 389 1165 ut
413 1130 577 1178 patriam
596 1128 782 1171 desereret,
803 1139 827 1163 a
851 1139 934 1176 rege
953 1133 1109 1165 tentatus
1127 1134 1205 1167 est:

90 1194 225 1241 captivi
239 1194 313 1229 sine
328 1195 446 1241 pretio
464 1193 601 1228 remissi
618 1196 712 1228 sunt.
753 1191 893 1235 Cineas,
915 1193 1052 1240 legatus
1070 1206 1094 1229 a
1109 1195 1204 1243 Pyr-

88 1259 153 1295 rho
181 1260 229 1295 acl
252 1264 416 1295 senatum
443 1260 579 1301 missus,
605 1260 727 1307 petiit,
756 1263 799 1294 ut
827 1260 1074 1306 componendae
1101 1264 1206 1309 pacis

89 1334 213 1359 caussa
230 1335 291 1360 rex
319 1324 356 1359 in
384 1323 503 1359 urbem
530 1324 774 1371 reciperetur:
803 1322 847 1357 de
865 1334 937 1370 qua
955 1335 995 1359 re
1016 1336 1124 1372 quum
1152 1326 1203 1362 ad

77 1387 365 1436 frequentiorem
397 1392 561 1423 senatum
596 1385 725 1435 referri
755 1387 964 1434 placuisset,
994 1389 1066 1436 Ap.
1093 1389 1203 1427 Clau-

88 1453 180 1495 dius,
211 1454 272 1501 qui
295 1457 444 1501 propter
472 1452 713 1488 valetudinem
740 1452 921 1488 oculorum
943 1450 1089 1498 jamdiu
1119 1467 1203 1491 con·

89 1516 177 1551 siliis
201 1516 353 1565 publicis
379 1528 415 1552 se
443 1516 677 1557 abstinuerat,
698 1517 795 1551 venit
824 1517 860 1551 in
889 1518 1040 1560 curiam,
1061 1523 1096 1554 et
1123 1531 1203 1555 sen==

92 1582 206 1616 tentia
225 1592 291 1617 sua
317 1582 443 1623 tenuit,
465 1585 506 1616 ut
528 1581 566 1616 icl
588 1579 728 1628 Pyrrho
752 1585 954 1628 negaretur.
993 1581 1056 1618 Cn.
1071 1583 1205 1620 Domi=

92 1646 160 1681 tius
189 1657 308 1681 censor
336 1647 476 1695 primus
507 1657 549 1681 ex
572 1645 675 1693 plebe
708 1646 861 1682 lustrum
888 1648 1071 1683 condidit:
1101 1660 1205 1686 censa

89 1713 172 1744 sunt
200 1711 327 1745 civium
360 1711 483 1757 capita
512 1710 664 1745 diccenta
698 1710 928 1757 septuaginta
956 1715 1034 1746 octo
1071 1713 1203 1757 millia,

93 1774 246 1809 ducenta
270 1775 397 1821 viginti
416 1775 498 1809 duo.
547 1773 685 1809 Iterum
710 1775 877 1809 adversus
897 1775 1078 1822 Pyrrhum
1100 1777 1205 1814 dubio

90 1842 216 1874 eventu
231 1843 433 1887 pugnatum
453 1844 514 1875 est.
555 1838 644 1874 Cum
660 1838 1017 1886 Karthaginiensibus
1036 1847 1204 1888 quartum

81 1900 204 1949 foedus
221 1907 429 1938 renovatum
447 1907 508 1938 esi.
550 1902 670 1943 Quum
691 1902 729 1939 C.
750 1903 908 1938 Fabricio
928 1905 1061 1940 consuli
1080 1907 1123 1948 is,
1144 1908 1205 1954 qui

92 1966 141 2001 ad
169 1978 248 2002 eum
276 1979 300 2002 a
329 1967 470 2014 Pyrrho
503 1966 762 2015 transfugerat,
793 1968 1036 2015 polliceretur,
1065 1981 1101 2005 se
1128 1972 1205 2018 regi

91 2040 264 2065 venenum
284 2031 468 2073 daturum,
490 2043 570 2066 cum
590 2032 722 2066 indicio
741 2031 791 2066 ad
815 2043 933 2078 regem
958 2034 1121 2069 remissus
1139 2039 1201 2070 est.

94 2093 163 2128 Res
187 2098 363 2141 praeterea
391 2099 517 2130 contra
536 2095 718 2138 Etruscos,
750 2094 930 2140 Lucanos,
962 2096 1138 2142 Bruttios,
1168 2102 1202 2134 et

90 2156 271 2195 Samnites
286 2171 456 2208 prospere
470 2164 588 2208 gestas
607 2161 772 2197 continet.

149 2382 249 2421 Vm„
278 2384 333 2422 11.
637 2385 677 2424 H
