1507 2630
15 298 104 331 U.C.
122 306 196 332 433.

15 343 55 372 A.
69 343 106 374 C.
121 350 195 378 319.

31 688 168 721 Lentulo

29 734 194 771 suadente,

235 196 259 238 8
679 211 725 241 τ.
749 210 887 242 mvn

232 297 328 335 Haec
355 311 470 348 quum
508 298 650 350 legatio
685 302 986 346 renunciaretur,
1019 307 1150 338 tantus
1183 300 1360 351 gemitus·

231 363 401 400 omnium
431 364 559 402 subito
589 373 742 403 exortus
773 373 843 411 est,
864 373 1046 417 tantaque
1074 366 1259 403 moestitia
1285 366 1346 402 in-

229 428 356 471 cessit,
377 435 419 465 ut
444 441 523 466 non
543 431 693 478 gravius
720 432 911 482 accepturi
937 431 1167 474 viderentur,
1189 431 1220 466 si
1245 442 1345 466 uun-

228 493 404 536 ciaretur,
426 493 602 530 omnibus
624 507 669 531 eo
687 494 774 532 loco
793 502 955 532 mortem
976 495 1233 546 obpetendam
1252 505 1346 530 esse.

227 557 356 596 Quum
383 558 447 594 diu
475 557 667 594 silentium
693 559 842 602 fuisset,
871 572 942 595 nec
975 558 1150 596 consules
1180 565 1247 595 aut
1274 570 1346 607 pro

203 636 205 639 ·
225 621 369 657 foedere
386 628 465 657 tam
484 622 601 672 turpi,
622 628 688 658 aut
707 629 842 660 contra
856 623 979 660 foedus
995 629 1074 659 tam
1088 621 1345 658 necessarium

223 684 370 721 hiscere
389 691 571 735 posseu't3
592 692 674 722 tum
692 686 739 722 L.
758 684 961 730 Lentulus,
983 687 1047 735 qui
1066 692 1148 722 tum
1168 685 1344 735 princeps

221 749 438 799 legatorum
481 750 621 785 virtute
659 755 772 799 atque
816 750 1028 786 honoribus
1066 756 1160 793 erat,
1193 750 1342 786 Patrem

219 827 353 857 meum,
383 814 521 862 inquit,
552 815 722 857 consules,
750 827 842 863 saepe
867 816 992 851 audivi
1020 818 1288 856 memorantem,
1308 825 1345 850 se

217 881 257 916 in
279 879 458 928 Capitolio
487 891 597 915 unum
626 892 697 915 non
716 879 837 929 fuisse
868 884 1049 916 auctorem
1077 880 1217 916 senatui
1245 879 1346 914 redi-

218 945 357 980 mendae
376 956 466 980 auro
485 957 509 980 a
533 945 650 981 Gallis
669 947 837 988 civitatis,
859 946 1000 993 quando
1019 957 1083 980 nec
1098 943 1207 993 fossa
1225 944 1342 980 vallo-

220 1019 288 1056 que
307 1008 351 1044 ab
370 1009 598 1056 ignavissimo
615 1010 664 1045 ad
684 1021 791 1058 opera
808 1021 851 1045 ac
868 1010 1100 1045 muniendum
1120 1008 1217 1045 hoste
1230 1007 1344 1044 clausi

219 1077 331 1108 essent
342 1090 354 1117 ,-
385 1078 420 1109 et
438 1085 622 1122 erumpere
638 1076 666 1110 sz'
693 1086 763 1110 non
782 1076 856 1110 sine
869 1075 1032 1122 periculo
1056 1085 1201 1121 magno,
1224 1077 1344 1109 tamen

215 1138 292 1174 sine
311 1143 408 1174 certa
430 1141 590 1188 pernicie
612 1145 766 1188 possent.
813 1139 918 1181 Quod
934 1141 977 1181 si,
998 1144 1040 1176 ut
1065 1140 1138 1174 illis
1157 1139 1345 1174 decurrere

216 1213 259 1238 ex
279 1203 460 1249 Capitolia
479 1208 630 1238 armatis
655 1208 691 1239 in
718 1206 852 1240 hostem
878 1206 993 1247 licuit,
1018 1206 1105 1252 (quo
1121 1215 1214 1252 saepe
1236 1203 1347 1239 modo

216 1265 342 1301 obsessi
359 1266 396 1299 in
416 1264 609 1299 obsidentes
634 1267 845 1313 eruperunt)
869 1269 922 1299 ὶια
946 1267 1045 1299 nubis
1063 1275 1162 1310 oequo
1181 1269 1249 1300 aut
1271 1266 1344 1300 im·-

217 1341 286 1378 quo
307 1329 382 1364 zoco
401 1329 599 1364 dimicandi
623 1328 870 1364 tantummodo
897 1340 976 1363 eum
995 1328 1094 1363 hoste
1111 1329 1216 1376 copia
1241 1333 1341 1372 esset,

215 1405 288 1429 non
307 1393 395 1429 mihi
419 1394 568 1440 paterni
596 1394 708 1429 animi
738 1393 874 1429 indoles
903 1394 940 1428 in
969 1394 1113 1429 consilio
1141 1394 1259 1430 dando
1279 1393 1360 1430 ‹ie--

216 1461 315 1493 esset.
356 1457 535 1504 Equidem
554 1462 703 1492 mortem
719 1469 789 1505 pro
807 1458 932 1504 patria
946 1457 1163 1505 praeclarum
1183 1469 1253 1493 esse
1269 1456 1341 1505 fa-

218 1526 319 1558 teor:
347 1526 381 1556 et
408 1533 464 1557 me
491 1522 548 1556 vel
565 1522 732 1557 devovere
746 1533 814 1568 pro
839 1522 976 1569 populo
997 1521 1164 1557 Romano
1193 1522 1343 1569 legioni-

220 1586 362 1634 busque,
382 1586 439 1622 vel
458 1590 495 1622 in
514 1587 646 1622 medios
664 1597 722 1622 me
745 1587 923 1621 inmittere
942 1586 1056 1622 hostes
1070 1591 1226 1634 paratus
1248 1597 1340 1624 sum».

219 1650 293 1687 Sed
311 1651 369 1686 liic
382 1652 547 1699 patriam
575 1652 690 1693 video,
713 1650 770 1687 hic
789 1651 964 1699 quidquid
983 1650 1231 1686 Romanarum
1251 1651 1341 1699 legi-

218 1727 323 1752 onum
343 1720 419 1751 est:
449 1728 540 1764 quae,
560 1718 630 1752 nisi
651 1728 720 1764 pro
744 1727 780 1751 se
805 1717 890 1764 ipsis
909 1715 958 1751 ad
982 1720 1132 1751 mortem
1150 1727 1254 1752 ruere
1275 1727 1339 1752 vo-

218 1780 311 1822 lunt,
333 1781 419 1828 quid
441 1780 583 1823 habent,
605 1781 700 1829 quod
719 1785 832 1816 morte
855 1791 921 1816 sua
938 1781 1110 1816 ser-vent?
1144 1780 1253 1816 Tecta
1277 1793 1340 1817 ur-

218 1844 281 1887 bis,
302 1845 401 1881 dicat
419 1845 562 1892 aliquis,
583 1849 618 1880 et
636 1846 778 1887 moenia,
800 1849 835 1880 et
854 1856 933 1880 eam
954 1844 1108 1886 turbam,
1130 1856 1152 1879 a
1172 1856 1243 1892 qua
1262 1844 1345 1880 urbs

219 1910 414 1945 incolitur:
443 1911 565 1952 immo,
597 1909 749 1951 hercule,
769 1910 973 1957 produntur
1001 1921 1044 1944 ea
1072 1909 1206 1950 onmia,
1225 1909 1340 1945 deleto

217 1971 284 2009 hoc
311 1974 481 2015 exercitu,
501 1985 571 2009 non
598 1978 796 2009 servantur.
827 1973 931 2014 Quis
959 1974 1052 2008 enim
1081 1983 1123 2007 ea
1153 1971 1342 2009 tuebitur?

218 2036 365 2073 Inbellis
391 2037 558 2074 videlicet
585 2042 694 2085 atque
721 2037 866 2073 inermis
892 2036 1121 2072 multitudo?
1150 2040 1238 2079 tam,
1260 2035 1340 2072 lier-

218 2101 310 2144 cule,
332 2114 439 2149 quam
467 2114 490 2136 α
525 2101 711 2137 Gallorum
741 2102 863 2149 inpetu
892 2099 1062 2148 defendit.
1103 2101 1163 2136 An
1192 2112 1215 2135 a
1249 2099 1343 2137 Veiis

217 2167 412 2202 exercitum
442 2165 702 2214 Camillumque
720 2167 844 2201 ducem
872 2164 1136 2213 inplorabant?
1163 2164 1237 2200 Hic
1264 2176 1339 2200 om-

217 2241 277 2266 nes
299 2241 378 2279 spes
407 2241 558 2278 opesque
585 2234 680 2272 sunt,
712 2242 801 2278 quas
828 2230 1002 2266 servando
1025 2230 1190 2277 patriam
1217 2240 1338 2264 serva-

217 2307 321 2331 mus:
349 2295 506 2331 dedendo
535 2295 584 2330 ad
610 2306 730 2330 necem
745 2297 907 2343 patriam
927 2295 1116 2330 deserimus
1144 2305 1187 2329 ac
1211 2294 1340 2342 prodi·

218 2371 306 2396 mus.
329 2359 389 2395 -At
406 2357 515 2409 foeda
543 2363 651 2409 atque
679 2361 916 2409 ignominiosa
945 2359 1079 2395 deditio
1108 2363 1171 2396 est.
1207 2357 1281 2394 Sed
1299 2370 1343 2394 ea
