1527 2661
286 169 372 215 492
746 173 794 204 τ.
819 174 950 204 mvn

93 270 136 302 U.
150 272 187 303 c,
200 279 275 306 ⁵40.
286 265 457 301 stinctum
485 275 555 301 esse
583 275 712 301 nomen
739 264 969 303 Romanum:
1000 270 1048 310 et,
1079 265 1178 315 cujus
1202 267 1331 317 populi
1357 269 1411 305 vis

90 315 131 346 A·
147 316 184 347 C·
200 323 271 348 2¹²·
287 333 397 377 atque
418 331 532 366 virtus
559 341 629 365 non
657 330 785 366 obruta
811 332 859 367 sit
889 330 1067 368 Cannensi
1095 333 1211 376 clade,
1241 344 1284 369 ex
1312 334 1409 369 omni

279 392 447 442 profecto
464 394 602 430 saevitia
616 392 784 442 fortunoe
809 406 1026 431 emersuram
1052 408 1132 432 esse.
1181 396 1301 440 Nunc,
1322 397 1408 446 quia

285 462 427 494 tantum
446 459 526 494 ausi
544 459 626 494 estis
643 463 768 506 sponte
789 463 919 502 vestra,
941 461 1095 508 experiri
1114 461 1211 504 libet,
1232 465 1407 509 quantum

283 523 447 559 audeatis
475 524 563 559 duce
589 527 704 559 vestro
733 528 905 560 auctore:
931 537 1001 560 non
1025 526 1119 561 enim
1147 524 1308 561 hesterno
1332 527 1404 568 die,

282 599 392 634 quum
407 589 550 635 signum
567 590 726 637 receptui
746 589 828 625 dedi
847 589 1069 637 sequentibus
1087 590 1195 640 effuse
1211 589 1307 626 vobis
1325 594 1403 626 tur-

281 651 404 688 batum
423 652 570 695 hostem,
580 651 760 702 frangere
778 655 971 690 audaciam
997 660 1163 697 vestram,
1183 655 1244 691 sed
1261 655 1406 704 differre

279 715 317 752 in
346 714 517 762 rnaJ'orem
539 717 697 764 gloriam
724 722 832 766 atque
860 719 1180 767 opportunitatem,
1209 718 1332 755 volui:
1362 723 1403 755 ut

274 781 464 829 postmodo
494 782 695 829 praeparati
732 782 905 826 incautos,
932 784 1067 819 armati
1102 784 1263 826 inermes,
1293 786 1402 831 atque

275 848 387 883 etiam
415 849 561 896 sopitos,
587 860 655 896 per
683 850 900 886 occasionem
929 850 1077 897 adgredi
1107 850 1265 897 possetis.
1322 848 1402 897 Nec

276 909 379 958 hujus
398 912 592 947 occasionis
618 924 729 960 spem,
750 914 894 955 milites,
912 913 1017 961 forte
1037 918 1178 956 temere,
1208 913 1270 949 sed
1299 925 1342 949 ex
1359 924 1399 949 re

273 976 355 1024 ipsa
373 980 582 1023 conceptam
601 975 721 1011 habeo.
769 977 805 1012 Α
822 977 917 1012 vobis
936 989 1073 1025 quoque
1090 976 1253 1025 profecto
1271 977 1300 1012 si
1320 977 1398 1024 quis

273 1044 426 1087 quaerat,
446 1052 602 1088 quonam
631 1041 736 1076 modo
765 1043 873 1088 pauci
896 1054 918 1076 a
937 1042 1073 1083 multis,
1093 1043 1181 1077 victi
1209 1054 1231 1076 a
1248 1042 1397 1077 victori-

272 1100 334 1140 bus
353 1108 473 1140 castra
503 1106 613 1140 tutati
630 1106 730 1148 sitis,·
761 1105 851 1141 nihil
877 1106 980 1141 aliud
1009 1106 1266 1153 respondeatis,
1287 1117 1398 1153 quam

271 1169 312 1204 id
326 1169 443 1217 ipsum
457 1170 620 1206 timentes
632 1182 690 1206 vos
703 1172 825 1206 omnia
839 1175 875 1206 et
887 1170 1208 1219 operibusfirmata
1221 1169 1393 1212 habuisse,

271 1238 306 1269 et
326 1234 419 1281 ipsos
433 1239 585 1281 paratos
610 1235 866 1282 instructosque
877 1234 1007 1283 fuisse.
1056 1235 1106 1270 Et
1126 1236 1177 1270 ita
1203 1247 1237 1270 se
1256 1246 1307 1270 res
1327 1234 1392 1270 ha-

270 1296 350 1333 bet:
380 1298 428 1333 ad
455 1299 507 1340 z‘d,
529 1299 637 1347 quod,
667 1311 709 1334 ne
733 1300 914 1342 timeatur,
925 1298 1086 1348 fortuna
1103 1298 1220 1349 facit,
1250 1301 1395 1339 minime

272 1362 343 1397 tuti
359 1367 443 1398 sunt
462 1362 617 1399 hanzines
629 1379 640 1399 .·
670 1365 768 1411 quia,
790 1365 884 1411 quod
901 1365 1109 1411 neglexeris',
1131 1367 1315 1402 incautum
1334 1371 1390 1403 at-

269 1437 336 1474 que
363 1431 529 1474 apertum
558 1427 697 1464 habeas.
745 1427 850 1463 Nihil
867 1430 1023 1464 omnium
1052 1441 1146 1464 nunc
1173 1431 1290 1466 minus
1319 1443 1392 1466 me-

270 1494 375 1527 tuunt
405 1489 531 1533 hostes,
552 1503 659 1538 quam
687 1503 731 1526 ne
749 1491 872 1527 obsessi
900 1492 1005 1527 modo
1024 1493 1093 1540 ipsi
1120 1497 1228 1541 atque
1255 1494 1390 1543 obpug-

268 1557 348 1591 nati
376 1560 496 1592 castra
523 1567 589 1592 sua
619 1557 714 1592 ultro
743 1556 993 1604 obpugnemus.
1041 1558 1263 1601 Audeamus,
1295 1560 1392 1607 quod

269 1621 366 1656 credi
392 1632 464 1656 non
488 1624 608 1669 potest
636 1632 783 1656 ausuros
811 1631 896 1656 nos:
926 1633 968 1656 eo
987 1622 1076 1668 ipso,
1098 1623 1192 1669 quod
1212 1622 1390 1671 difficilli-

267 1697 366 1720 mum
384 1686 540 1727 videtur,
551 1683 780 1733 facillimum
799 1685 876 1720 erit.
930 1685 1053 1720 Tertia
1067 1686 1192 1732 vigilia
1212 1689 1323 1723 noctis
1339 1690 1389 1723 si-

268 1750 356 1786 lenti
381 1751 524 1798 agmine
552 1750 682 1786 ducam
709 1761 794 1785 vos:
822 1749 1049 1797 exploratum
1086 1749 1207 1793 habeo,
1238 1763 1307 1787 non
1335 1753 1387 1788 vi—

262 1817 438 1864 giliarum
456 1818 631 1860 ordinem,
651 1829 722 1852 non
739 1818 910 1852 stationes
919 1816 1039 1862 justas
1054 1828 1135 1851 esse.
1184 1815 1330 1851 Clamor
1350 1818 1386 1852 in.

261 1883 379 1930 portis
407 1882 553 1917 auditus
580 1887 615 1917 et
641 1883 778 1930 primus
806 1882 947 1929 inpetus
975 1884 1094 1916 castra
1122 1881 1279 1929 ceperit:
1311 1885 1386 1915 tum

263 1948 358 1982 inter
384 1946 544 1994 torpidos
567 1957 702 1988 somno,
719 1951 958 1994 paventesque
982 1945 1032 1980 ad
1049 1947 1299 1993 necopinatum
1327 1949 1384 1980 tu-

261 2011 430 2052 multum,
451 2014 485 2046 et
505 2011 653 2046 inermes
678 2011 716 2045 in
734 2010 904 2046 cubilibus
930 2011 1002 2045 suis
1021 2010 1210 2058 obpressos,
1231 2009 1299 2044 illa
1318 2021 1383 2044 cae-

263 2076 324 2111 des
341 2076 484 2117 edatur,
505 2088 528 2110 a
547 2087 618 2123 qua
641 2086 701 2111 vos
720 2071 880 2111 hesterno
899 2075 956 2110 die
973 2078 1154 2110 revocatos
1171 2085 1264 2120 (egre
1277 2072 1383 2121 fere-

263 2140 364 2176 batis.
413 2139 510 2182 Scio,
532 2141 651 2176 audax
678 2141 792 2176 videri
817 2141 1026 2176 consilium:
1053 2139 1115 2175 sed
1132 2140 1170 2174 in
1198 2138 1299 2174 rebus
1324 2149 1382 2173 as-

259 2206 356 2253 peris
373 2209 408 2240 et
430 2206 527 2240 tenui
543 2216 605 2253 spe
622 2203 830 2253 fortissima
858 2216 1001 2253 quaeque
1029 2202 1176 2239 consilia
1205 2203 1383 2238 tutissima

260 2275 342 2305 sunt
355 2286 367 2305 .-
395 2271 494 2318 quia,
514 2271 545 2305 si
562 2270 599 2305 in
615 2270 806 2305 occasionis
820 2273 1013 2311 momento,
1032 2267 1131 2314 cujus
1146 2267 1381 2316 praetervolat

261 2336 524 2382 opportunitas,
556 2340 742 2372 cunctatus
774 2334 939 2382 paullum
966 2332 1101 2381 fueris,
1139 2332 1379 2380 nequidquam
