1527 2661
331 229 412 270 214
788 232 832 261 Τ.
858 235 988 263 mvn

136 327 177 359 U.
192 328 228 359 C,
246 335 318 361 534,
331 319 389 356 sul
408 319 544 356 effusos
565 328 762 370 sequentes
790 323 947 370 equites,
969 336 1083 371 quum
1106 322 1152 360 ab
1178 325 1438 364 resistentibus

134 372 175 401 A·
189 370 224 403 C·
243 379 315 404 2¹⁸·
329 382 457 419 subito
476 382 653 419 Numidis
680 385 820 420 incauti
848 386 1122 434 exciperentur,
1143 388 1252 437 signo
1271 391 1440 439 receptui

327 448 430 490 dato,
470 454 666 484 revocatos
705 449 950 484 circumdedit
985 450 1186 498 peditibus.
1242 452 1436 490 Duodevi-

325 511 421 560 ginti
450 510 567 546 millia
598 511 764 546 Romani
794 518 914 555 erant,
945 513 1089 552 socium
1112 516 1276 552 nominis
1304 516 1437 553 Latini

322 575 484 622 viginti3
517 574 657 610 auxilia
676 581 855 623 praeterea
877 575 1202 614 Cenomanorum:
1235 592 1280 615 ea
1299 580 1378 616 sola
1397 582 1435 616 in

323 637 396 674 fide
425 644 615 673 manserat
643 637 791 674 Gallica
820 650 938 687 gens:
975 640 1032 676 his
1063 642 1181 690 copiis
1212 655 1436 679 concursum

324 707 393 737 est.
442 701 623 737 Proelium
643 715 664 738 a
684 702 897 738 Baliaribus
919 711 1043 740 ortum
1064 712 1139 751 est,
1167 706 1301 755 quibus
1320 719 1436 756 quum

323 765 469 816 majore
488 767 624 802 robore
644 766 810 816 legiones
832 768 1072 813 obsisterent,
1094 771 1260 807 deductae
1276 783 1436 822 propere

322 831 361 866 in
383 842 523 866 cornua
553 829 651 866 leves
682 838 880 866 armaturae
910 838 997 868 sunt
1015 847 1022 867 :
1055 846 1137 881 quae
1158 846 1214 869 res
1236 834 1372 877 effecit,
1393 840 1436 871 ut

321 895 510 943 equitatus
530 895 727 931 Romanus
749 896 939 945 extemplo
960 903 1178 945 urgeretur:
1210 911 1299 933 nam
1316 910 1434 946 quum

320 959 380 994 vix
404 957 487 1008 jam
517 971 583 1007 per
608 971 647 994 se
676 959 893 994 resisterent
919 960 1048 996 decem
1073 960 1237 996 millibus
1264 962 1433 1010 equitum

321 1029 484 1074 quatuor
516 1022 647 1065 millia,
683 1028 720 1057 et
751 1022 839 1058 fessi
877 1022 1063 1073 plerisque
1099 1025 1271 1072 integris,
1305 1024 1433 1061 obruti

319 1094 407 1124 sunt
427 1089 580 1137 insuper
598 1086 701 1121 velut
719 1085 1046 1135 nubejaculorum
1064 1101 1085 1124 a
1105 1087 1318 1124 Baliaribus
1339 1101 1430 1125 con-

310 1150 436 1201 jecta:
469 1151 514 1186 ad
535 1151 608 1186 hoc
629 1149 833 1198 elephanti,
855 1150 1062 1187 eminentes
1083 1150 1130 1187 ab
1150 1153 1326 1187 extremis
1347 1164 1431 1188 cor-

316 1216 444 1258 nibus,
478 1215 599 1263 (equis
621 1214 783 1250 maxime
806 1227 883 1249 non
902 1216 984 1250 visu
1004 1215 1132 1258 modo,
1154 1215 1218 1251 sed
1238 1215 1353 1252 odore
1372 1217 1431 1252 in-

318 1279 434 1315 solito
453 1278 612 1325 territis)
641 1277 770 1325 fugam
792 1277 867 1314 late
893 1278 1097 1315 faciebant.
1152 1278 1341 1315 Pedestris
1360 1292 1430 1329 pu-

318 1356 394 1393 gna
422 1355 490 1392 par
509 1342 643 1378 animis
673 1343 792 1390 magis
820 1354 931 1390 quam
954 1342 1095 1378 viribus
1116 1349 1195 1379 erat
1208 1359 1219 1388 3
1252 1355 1343 1392 quas
1369 1355 1428 1379 re-

317 1413 445 1444 centes
478 1407 635 1448 Poenus,
669 1405 797 1455 paullo
831 1412 918 1441 ante
952 1407 1089 1442 curatis
1120 1406 1356 1456 corporibus,
1389 1407 1430 1442 in

316 1469 491 1520 proelium
511 1469 720 1506 adtulerat:
753 1474 900 1511 contra,
922 1467 1058 1519 jejuna
1076 1469 1249 1518 fessaque
1268 1482 1429 1520 corpora

314 1533 501 1571 Romanis
523 1540 560 1570 et
578 1534 740 1582 rigentia
759 1527 846 1581 gelu
863 1532 1066 1584 torpebant
1083 1548 1089 1569 z
1122 1534 1348 1569 restitissent
1367 1540 1425 1570 ta·-

314 1611 401 1635 men
431 1599 580 1641 animis,
610 1598 640 1633 si
670 1610 755 1633 cum
784 1597 909 1646 pedite
929 1596 1049 1632 solum
1075 1597 1174 1633 foret
1202 1603 1425 1647 pugnatum.

314 1663 389 1699 Sed
407 1669 445 1698 et
463 1660 647 1703 Baliares,
665 1659 774 1710 pulso
794 1661 933 1708 equite,
948 1659 1218 1709 jaculabantur
1233 1661 1271 1696 in
1292 1660 1423 1704 latera,

314 1736 353 1766 et
371 1728 562 1778 elephanti
581 1726 665 1776 jam
690 1726 729 1761 in
754 1725 916 1761 mediam
938 1725 1105 1775 peditum
1127 1724 1244 1760 aciem
1265 1736 1344 1760 sese
1363 1731 1423 1760 tu-

311 1795 432 1830 lerant
453 1807 459 1828 :
493 1798 530 1827 et
547 1791 668 1839 Mago
687 1790 953 1838 Numidaeque,
977 1787 1087 1824 simul
1109 1786 1270 1824 latebras
1292 1800 1422 1824 eorum

312 1857 511 1907 inprovida
539 1854 753 1905 praeterlata
782 1854 879 1890 acies
910 1859 980 1896 est,
1008 1852 1130 1889 exorti
1155 1851 1202 1887 ab
1229 1857 1338 1900 tergo
1363 1853 1421 1888 in-

311 1927 462 1971 gentem
477 1918 682 1955 tumultum
702 1931 744 1954 ac
764 1924 946 1953 terrorem
964 1917 1098 1953 fecere.
1142 1915 1287 1952 Tamen
1307 1917 1346 1952 in
1363 1921 1424 1952 tot

311 1983 642 2021 circumstantibus
679 1982 786 2018 malis
829 1982 968 2016 mansit
1008 1980 1236 2029 aliquamdiu
1272 1980 1422 2016 inmota

311 2050 424 2093 acies,
454 2049 617 2085 maxime
645 2053 781 2096 praeter
810 2058 913 2095 spem
944 2045 1111 2080 omnium
1141 2044 1315 2080 adversus
1345 2043 1420 2080 ele-

310 2113 501 2162 phantos:
542 2123 605 2147 eos
639 2110 784 2152 velites,
819 2109 864 2144 ad
894 2108 932 2144 id
964 2109 1086 2157 ipsum
1118 2107 1246 2150 locati,
1280 2108 1419 2143 verutis

310 2175 493 2226 conjectis
514 2182 551 2211 et
570 2182 750 2216 avertere,
772 2180 809 2209 et
829 2173 988 2208 insecuti
1014 2184 1162 2207 aversos
1181 2170 1249 2207 sub
1277 2171 1420 2214 caudis,

311 2253 386 2289 qna
417 2240 579 2275 maxime
611 2237 716 2274 molli
751 2243 835 2273 cute
867 2235 1022 2272 vulnera
1060 2235 1263 2284 accipiunt,
1298 2234 1420 2270 fodie-

307 2305 413 2340 bant.

363 2366 468 2403 LVI.
497 2365 820 2417 Trepidantesque
841 2377 958 2415 prope
980 2365 1063 2414 jam
1082 2365 1121 2400 in
1141 2375 1228 2399 suos
1249 2368 1415 2399 conster-
