1527 2661
102 271 143 300 U.
156 271 191 301 C.
205 277 277 303 538.

99 316 136 344 A.
150 314 185 345 C.
199 322 272 346 214.

102 516 223 549 Rerum

99 568 198 591 status
216 563 246 592 in

99 603 216 636 Sicilia.

88 1882 160 1912 And
166 1891 257 1911 rano-

87 1926 181 1955 dorus
198 1935 246 1955 ar-

88 1977 158 1997 cem
177 1969 233 2008 Sy-

88 2020 205 2041 racus:s

87 2063 234 2094 occupat.

293 167 378 223 396
751 179 796 209 T.
823 178 956 210 mvn

293 269 470 306 Numidae
500 268 703 319 Maurique
732 283 798 320 per
836 271 1087 307 Sallentinum
1119 282 1252 319 agrum
1285 268 1413 321 proxi-

294 347 452 384 mosque
472 333 620 384 Apuliae
650 333 766 370 saltus
797 335 962 370 dimissi:
996 334 1094 370 unde
1120 341 1252 370 ceterae
1281 335 1414 384 praedae

294 398 397 434 haud
429 397 605 440 multum,
640 410 824 446 equorum
854 410 986 447 greges
1017 399 1181 434 maxime
1210 398 1361 434 abacti:
1395 411 1414 434 e

295 462 430 512 quibus
451 462 498 497 ad
517 469 680 510 quatuor
698 461 817 497 millia
836 461 1024 497 domanda
1044 462 1232 510 equitibus
1253 463 1383 498 divisa.

347 526 464 563 XXI.
494 525 662 562 Romani
683 539 798 576 quum
817 525 959 562 bellum
978 539 1217 575 nequaquam
1243 533 1413 562 contem-

293 592 459 628 nendum
488 593 527 629 in
559 591 689 628 Sicilia
717 592 894 634 oriretur,
915 604 1093 640 morsque
1120 591 1272 641 tyranni
1301 591 1413 628 (luces

291 657 411 705 magis
443 657 612 707 inpigros
634 656 798 691 dedisset
818 655 1077 704 SyracusaniS,
1100 669 1212 705 quam
1241 668 1411 692 caussam

291 729 356 758 aut
376 723 522 757 animos
553 726 752 762 mutasset,
781 719 838 755 M.
859 719 1045 756 Marcello
1075 720 1183 757 alteri
1213 720 1411 756 consulum

290 799 373 823 eam
402 787 637 837 provinciam
664 786 883 821 decernunt.
942 786 1156 823 Secundum
1184 785 1413 835 Hieronymi

289 851 429 887 caedem
448 852 572 901 primo
588 849 862 886 tumultuatum
878 851 915 886 in
936 850 1137 887 Leontinis
1155 851 1254 901 apud
1272 850 1410 887 milites

288 915 427 960 fuerat,
450 916 775 963 vociferatumque
804 915 995 958 ferociter,
1026 915 1302 965 parentandum
1331 915 1410 965 regi

290 980 474 1029 sanguine
497 978 783 1029 conjuratorum
804 991 897 1015 esse.
927 978 1075 1014 Deinde
1095 979 1280 1015 libertatis
1301 980 1412 1015 resti-

287 1050 380 1081 tutae
410 1044 518 1081 dulce
558 1044 689 1080 auditu
725 1055 865 1079 nomen
896 1044 1028 1080 crebro
1059 1050 1294 1093 usurpatum,
1325 1055 1412 1094 spes

287 1109 388 1145 facta
407 1121 453 1145 ex
472 1109 633 1159 pecunia
649 1108 752 1157 regia
766 1108 995 1157 largitionis,
1010 1109 1230 1158 militiaeque
1245 1109 1407 1159 fungen-

287 1173 342 1210 dae
363 1174 522 1223 potioris
549 1173 721 1215 ducibus,
743 1180 780 1208 et
808 1173 927 1209 relata
957 1174 1107 1223 tyranni
1137 1173 1240 1210 foeda
1268 1173 1410 1210 scelera

286 1238 540 1287 foedioresque
559 1237 750 1280 libidines,
772 1239 866 1274 adeo
887 1246 1079 1274 mutavere
1106 1238 1267 1282 animos,
1290 1245 1332 1275 ut
1350 1239 1410 1274 in·

286 1302 475 1353 sepultum
498 1301 627 1352 jacere
658 1315 793 1352 corpus
821 1302 949 1353 paullo
970 1310 1058 1339 ante
1089 1303 1287 1339 desiderati
1308 1304 1408 1352 regis

284 1374 517 1419 paterentur.
554 1367 684 1406 Quum
704 1368 819 1403 ceteri
839 1380 883 1404 ex
905 1367 1112 1418 conjuratis
1133 1368 1180 1404 ad
1201 1368 1408 1405 exercitum

285 1432 535 1469 obtinendum
555 1432 837 1476 remansissent,
859 1432 1080 1468 Theodotus
1102 1440 1140 1469 et
1159 1433 1262 1469 Sosis
1292 1434 1406 1481 regiis

286 1498 406 1546 equis,
421 1503 564 1546 quanto
585 1497 750 1532 maximo
764 1509 873 1533 cursu
890 1504 1081 1547 poterant,
1099 1506 1140 1533 ut
1155 1498 1306 1546 ignaros
1323 1511 1406 1534 om-

285 1561 392 1597 nium
410 1561 535 1610 regios
553 1560 824 1610 obprimerent,
840 1561 1042 1610 Syracusas
1060 1562 1295 1597 contendunt
1314 1577 1320 1597 :
1345 1575 1405 1598 ce-

283 1630 408 1661 terum
427 1631 661 1675 praevenerat
681 1637 758 1660 non
782 1623 884 1660 fama
904 1625 1040 1668 solum,
1065 1628 1155 1674 (qua
1175 1624 1271 1661 nihil
1289 1626 1328 1661 in
1347 1632 1406 1662 ta-

282 1688 380 1725 libus
401 1689 512 1726 rebus
533 1695 589 1725 est
610 1688 786 1735 celerius)
809 1689 873 1725 sed
893 1690 1052 1725 nuncius
1073 1690 1188 1725 etiam
1217 1703 1263 1726 ex
1292 1691 1406 1740 regiis

282 1754 409 1790 servis.
467 1753 602 1802 Itaque
621 1753 922 1789 Andranodorus
944 1759 980 1789 et
1000 1752 1184 1797 Insulam,
1206 1761 1244 1790 et
1262 1769 1403 1799 arcem,

281 1823 319 1853 et
339 1816 426 1859 alia,
441 1830 523 1866 quae
544 1823 707 1866 poterat,
726 1829 884 1866 quaeque
901 1824 1118 1867 opportuna
1134 1827 1254 1862 erant,
1272 1820 1402 1870 praesi-

282 1880 351 1917 diis
377 1881 556 1917 firmarat.
613 1880 816 1930 Hexapylo
850 1880 1072 1917 Theodotus
1103 1895 1146 1917 ac
1178 1883 1281 1919 Sosis
1315 1891 1403 1934 post

284 1945 373 1982 solis
399 1957 576 1981 occasum
596 1944 681 1995 jam
701 1945 863 1980 obscura
890 1944 972 1981 luce
1000 1946 1154 1989 invecti,
1175 1960 1288 1996 quum
1316 1961 1400 1984 cru-

284 2018 411 2047 entam
439 2010 583 2057 regiam
614 2021 756 2045 vestem
788 2016 902 2058 atque
928 2010 1078 2058 insigne
1108 2012 1241 2060 capitis
1268 2020 1399 2048 osten-

282 2080 422 2116 tarent,
454 2074 613 2110 travecti
648 2087 714 2123 per
743 2073 930 2123 Tycham,
952 2074 1064 2110 simul
1093 2075 1138 2110 ad
1169 2075 1397 2120 libertatem,

281 2138 394 2175 simul
422 2138 469 2174 ad
499 2151 604 2174 arma
623 2146 820 2182 vocanteS,
851 2140 889 2174 in
910 2139 1167 2176 Achradinam
1197 2142 1400 2178 convenire

272 2202 427 2253 jubent.
483 2202 695 2239 Multitudo
725 2216 810 2254 pars
840 2204 1030 2253 procurrit
1059 2205 1097 2240 in
1129 2205 1219 2247 vias,
1240 2217 1325 2254 pars
1356 2206 1395 2242 in
1423 2224 1426 2227 ·

279 2266 474 2303 vestibulis
500 2274 589 2310 stat,
614 2280 699 2318 pars
731 2280 776 2303 ex
806 2269 915 2303 tectis
936 2268 1186 2318 fenestrisque
1217 2281 1396 2320 prospec-

279 2339 378 2376 tant,
410 2338 462 2375 et,
483 2332 572 2381 quid
602 2333 654 2369 rei
686 2333 749 2376 sit,
780 2333 963 2381 rogitant.
1020 2333 1162 2371 Omnia
1190 2333 1396 2371 luminibus
