<?xml version="1.0" encoding="UTF-8"?>
<!DOCTYPE html PUBLIC "-//W3C//DTD XHTML 1.0 Transitional//EN"
    "http://www.w3.org/TR/xhtml1/DTD/xhtml1-transitional.dtd">
<html xmlns="http://www.w3.org/1999/xhtml" xml:lang="en" lang="en">
 <head>
  <title>
</title>
<meta http-equiv="Content-Type" content="text/html;charset=utf-8" />
  <meta name='ocr-system' content='tesseract 3.04.00' />
  <meta name='ocr-capabilities' content='ocr_page ocr_carea ocr_par ocr_line ocrx_word'/>
</head>
<body>
  <div class='ocr_page' id='page_1' title='image "./historiarumquaes02livyuoft/historiarumquaes02livyuoft_0454.png"; bbox 0 0 1527 2661; ppageno 0'>
   <div class='ocr_carea' id='block_1_1' title="bbox 33 274 220 351">
    <p class='ocr_par' dir='ltr' id='par_1_1' title="bbox 33 274 220 351">
     <span class='ocr_line' id='line_1_1' title="bbox 33 274 220 308; baseline 0.016 -3"><span class='ocrx_word' id='word_1_1' title='bbox 33 274 76 306; x_wconf 86' lang='lat' dir='ltr'><em>U.</em></span> <span class='ocrx_word' id='word_1_2' title='bbox 93 275 129 306; x_wconf 92' lang='lat' dir='ltr'><em>C.</em></span> <span class='ocrx_word' id='word_1_3' title='bbox 149 283 220 308; x_wconf 77' lang='lat'>540.</span> 
     </span>
     <span class='ocr_line' id='line_1_2' title="bbox 33 319 218 351; baseline 0.011 -2"><span class='ocrx_word' id='word_1_4' title='bbox 33 319 74 350; x_wconf 83' lang='lat' dir='ltr'><em>A.</em></span> <span class='ocrx_word' id='word_1_5' title='bbox 89 319 125 351; x_wconf 91' lang='lat' dir='ltr'><em>C.</em></span> <span class='ocrx_word' id='word_1_6' title='bbox 144 327 218 351; x_wconf 78' lang='lat'><em>212.</em></span> 
     </span>
    </p>
   </div>
   <div class='ocr_carea' id='block_1_2' title="bbox 51 660 214 780">
    <p class='ocr_par' dir='ltr' id='par_1_2' title="bbox 51 660 214 780">
     <span class='ocr_line' id='line_1_3' title="bbox 51 660 209 692; baseline -0.006 0"><span class='ocrx_word' id='word_1_7' title='bbox 51 660 101 692; x_wconf 78' lang='lat' dir='ltr'><em>Ad</em></span> <span class='ocrx_word' id='word_1_8' title='bbox 118 668 209 691; x_wconf 82' lang='lat' dir='ltr'><em>sena-</em></span> 
     </span>
     <span class='ocr_line' id='line_1_4' title="bbox 55 705 214 743; baseline -0.006 -9"><span class='ocrx_word' id='word_1_9' title='bbox 55 712 126 734; x_wconf 75' lang='lat' dir='ltr'><em>tum</em></span> <span class='ocrx_word' id='word_1_10' title='bbox 144 705 214 743; x_wconf 76' lang='lat' dir='ltr'><em>reji-</em></span> 
     </span>
     <span class='ocr_line' id='line_1_5' title="bbox 53 755 196 780; baseline 0.014 -3"><span class='ocrx_word' id='word_1_11' title='bbox 53 755 196 780; x_wconf 71' lang='lat' dir='ltr'><em>eiuntur.</em></span> 
     </span>
    </p>
   </div>
   <div class='ocr_carea' id='block_1_3' title="bbox 50 972 208 1046">
    <p class='ocr_par' dir='ltr' id='par_1_3' title="bbox 50 972 208 1046">
     <span class='ocr_line' id='line_1_6' title="bbox 52 972 188 1002; baseline 0.007 -1"><span class='ocrx_word' id='word_1_12' title='bbox 52 972 188 1002; x_wconf 72' lang='lat' dir='ltr'><em>Senatus</em></span> 
     </span>
     <span class='ocr_line' id='line_1_7' title="bbox 50 1017 208 1046; baseline 0.013 -2"><span class='ocrx_word' id='word_1_13' title='bbox 50 1017 208 1046; x_wconf 74' lang='lat' dir='ltr'><em>severitas.</em></span> 
     </span>
    </p>
   </div>
   <div class='ocr_carea' id='block_1_4' title="bbox 247 186 910 228">
    <p class='ocr_par' dir='ltr' id='par_1_4' title="bbox 247 186 910 228">
     <span class='ocr_line' id='line_1_8' title="bbox 247 186 910 228; baseline 0.009 -13"><span class='ocrx_word' id='word_1_14' title='bbox 247 186 334 228; x_wconf 73' lang='lat'><em>444</em></span> <span class='ocrx_word' id='word_1_15' title='bbox 704 190 750 221; x_wconf 85' lang='lat' dir='ltr'><em>T.</em></span> <span class='ocrx_word' id='word_1_16' title='bbox 776 192 910 223; x_wconf 77' lang='lat' dir='ltr'><em>mvn</em></span> 
     </span>
    </p>
   </div>
   <div class='ocr_carea' id='block_1_5' title="bbox 236 276 1368 2195">
    <p class='ocr_par' dir='ltr' id='par_1_5' title="bbox 238 276 1368 649">
     <span class='ocr_line' id='line_1_9' title="bbox 249 276 1368 329; baseline 0.007 -17"><span class='ocrx_word' id='word_1_17' title='bbox 249 276 347 313; x_wconf 48' lang='lat' dir='ltr'><em>horte</em></span> <span class='ocrx_word' id='word_1_18' title='bbox 376 277 495 320; x_wconf 81' lang='lat' dir='ltr'><em>liceat,</em></span> <span class='ocrx_word' id='word_1_19' title='bbox 519 282 553 314; x_wconf 77' lang='lat' dir='ltr'><em>et</em></span> <span class='ocrx_word' id='word_1_20' title='bbox 577 281 776 327; x_wconf 82' lang='lat' dir='ltr'><em>pugnando</em></span> <span class='ocrx_word' id='word_1_21' title='bbox 796 293 953 329; x_wconf 81' lang='lat' dir='ltr'><em>qucerere</em></span> <span class='ocrx_word' id='word_1_22' title='bbox 982 280 1192 318; x_wconf 82' lang='lat' dir='ltr'><em>libertatem.</em></span> <span class='ocrx_word' id='word_1_23' title='bbox 1240 282 1299 320; x_wconf 79' lang='lat' dir='ltr'><em>Vis</em></span> <span class='ocrx_word' id='word_1_24' title='bbox 1327 288 1368 321; x_wconf 67' lang='lat' dir='ltr'><em>ta</em></span> 
     </span>
     <span class='ocr_line' id='line_1_10' title="bbox 248 342 1366 395; baseline 0.006 -19"><span class='ocrx_word' id='word_1_25' title='bbox 248 342 356 383; x_wconf 79' lang='lat' dir='ltr'><em>mari,</em></span> <span class='ocrx_word' id='word_1_26' title='bbox 376 343 429 377; x_wconf 80' lang='lat' dir='ltr'><em>vis</em></span> <span class='ocrx_word' id='word_1_27' title='bbox 448 346 557 384; x_wconf 81' lang='lat' dir='ltr'><em>terra,</em></span> <span class='ocrx_word' id='word_1_28' title='bbox 577 343 630 378; x_wconf 76' lang='lat' dir='ltr'><em>vis</em></span> <span class='ocrx_word' id='word_1_29' title='bbox 652 345 742 386; x_wconf 82' lang='lat' dir='ltr'><em>acie,</em></span> <span class='ocrx_word' id='word_1_30' title='bbox 763 346 815 380; x_wconf 74' lang='lat' dir='ltr'><em>cis</em></span> <span class='ocrx_word' id='word_1_31' title='bbox 839 345 979 381; x_wconf 78' lang='lat' dir='ltr'><strong><em>urbibus</em></strong></span> <span class='ocrx_word' id='word_1_32' title='bbox 998 345 1244 394; x_wconf 78' lang='lat' dir='ltr'><em>obpugnandis</em></span> <span class='ocrx_word' id='word_1_33' title='bbox 1262 359 1366 395; x_wconf 76' lang='lat' dir='ltr'><em>expe-</em></span> 
     </span>
     <span class='ocr_line' id='line_1_11' title="bbox 246 403 1368 459; baseline 0.005 -18"><span class='ocrx_word' id='word_1_34' title='bbox 246 406 316 441; x_wconf 80' lang='lat' dir='ltr'><em>riri</em></span> <span class='ocrx_word' id='word_1_35' title='bbox 342 407 545 442; x_wconf 76' lang='lat' dir='ltr'><em>virtutem?</em></span> <span class='ocrx_word' id='word_1_36' title='bbox 571 403 770 456; x_wconf 75' lang='lat' dir='ltr'><em>asperrima</em></span> <span class='ocrx_word' id='word_1_37' title='bbox 794 422 940 458; x_wconf 69' lang='lat' dir='ltr'><em>quaeque</em></span> <span class='ocrx_word' id='word_1_38' title='bbox 967 411 1016 445; x_wconf 75' lang='lat' dir='ltr'><em>acl</em></span> <span class='ocrx_word' id='word_1_39' title='bbox 1044 410 1199 447; x_wconf 84' lang='lat' dir='ltr'><em>laborem</em></span> <span class='ocrx_word' id='word_1_40' title='bbox 1225 413 1368 459; x_wconf 83' lang='lat' dir='ltr'><em>pericu-</em></span> 
     </span>
     <span class='ocr_line' id='line_1_12' title="bbox 249 470 1366 523; baseline 0.005 -18"><span class='ocrx_word' id='word_1_41' title='bbox 249 470 393 518; x_wconf 80' lang='lat' dir='ltr'><em>lumque</em></span> <span class='ocrx_word' id='word_1_42' title='bbox 420 472 653 519; x_wconf 74' lang='lat' dir='ltr'><em>deposcimus,</em></span> <span class='ocrx_word' id='word_1_43' title='bbox 684 477 738 516; x_wconf 75' lang='lat' dir='ltr'><em>ul,</em></span> <span class='ocrx_word' id='word_1_44' title='bbox 770 475 865 521; x_wconf 81' lang='lat' dir='ltr'><em>quod</em></span> <span class='ocrx_word' id='word_1_45' title='bbox 897 475 945 510; x_wconf 80' lang='lat' dir='ltr'><em>ad</em></span> <span class='ocrx_word' id='word_1_46' title='bbox 979 474 1121 510; x_wconf 80' lang='lat' dir='ltr'><em>Cannas</em></span> <span class='ocrx_word' id='word_1_47' title='bbox 1142 474 1366 523; x_wconf 80' lang='lat' dir='ltr'><em>faciundum</em></span> 
     </span>
     <span class='ocr_line' id='line_1_13' title="bbox 238 533 1366 588; baseline 0.006 -19"><span class='ocrx_word' id='word_1_48' title='bbox 238 533 333 583; x_wconf 61' lang='lat' dir='ltr'><em>filit,</em></span> <span class='ocrx_word' id='word_1_49' title='bbox 351 537 617 583; x_wconf 83' lang='lat' dir='ltr'><em>quamprimum</em></span> <span class='ocrx_word' id='word_1_50' title='bbox 624 537 700 585; x_wconf 82' lang='lat' dir='ltr'><em>fiat</em></span> <span class='ocrx_word' id='word_1_51' title='bbox 711 554 724 581; x_wconf 88' lang='lat'><em>‚-</em></span> <span class='ocrx_word' id='word_1_52' title='bbox 753 550 844 586; x_wconf 81' lang='lat' dir='ltr'><em>quon</em></span> <span class='ocrx_word' id='word_1_53' title='bbox 852 539 936 581; x_wconf 81' lang='lat' dir='ltr'><em>iam,</em></span> <span class='ocrx_word' id='word_1_54' title='bbox 951 540 1124 587; x_wconf 80' lang='lat' dir='ltr'><em>quidquid</em></span> <span class='ocrx_word' id='word_1_55' title='bbox 1132 544 1260 588; x_wconf 85' lang='lat' dir='ltr'><em>postea</em></span> <span class='ocrx_word' id='word_1_56' title='bbox 1273 541 1366 576; x_wconf 76' lang='lat' dir='ltr'><em>vixi-</em></span> 
     </span>
     <span class='ocr_line' id='line_1_14' title="bbox 248 599 1057 649; baseline 0.006 -16"><span class='ocrx_word' id='word_1_57' title='bbox 248 610 338 640; x_wconf 84' lang='lat' dir='ltr'><em>mus,</em></span> <span class='ocrx_word' id='word_1_58' title='bbox 360 599 399 633; x_wconf 73' lang='lat' dir='ltr'><em>id</em></span> <span class='ocrx_word' id='word_1_59' title='bbox 418 611 520 634; x_wconf 71' lang='lat' dir='ltr'><em>omne</em></span> <span class='ocrx_word' id='word_1_60' title='bbox 538 600 754 637; x_wconf 76' lang='lat' dir='ltr'><em>destinatum</em></span> <span class='ocrx_word' id='word_1_61' title='bbox 774 603 976 649; x_wconf 81' lang='lat' dir='ltr'><em>ignomz‘nice</em></span> <span class='ocrx_word' id='word_1_62' title='bbox 994 607 1057 639; x_wconf 80' lang='lat' dir='ltr'><em>est.</em></span> 
     </span>
    </p>

    <p class='ocr_par' dir='ltr' id='par_1_6' title="bbox 236 660 1365 2195">
     <span class='ocr_line' id='line_1_15' title="bbox 302 660 1364 716; baseline 0.008 -20"><span class='ocrx_word' id='word_1_63' title='bbox 302 660 393 699; x_wconf 78' lang='lat' dir='ltr'><strong>VII.</strong></span> <span class='ocrx_word' id='word_1_64' title='bbox 424 662 501 699; x_wconf 85' lang='lat' dir='ltr'><em>Sub</em></span> <span class='ocrx_word' id='word_1_65' title='bbox 520 663 603 699; x_wconf 79' lang='lat' dir='ltr'><em>haec</em></span> <span class='ocrx_word' id='word_1_66' title='bbox 622 664 724 700; x_wconf 84' lang='lat' dir='ltr'><em>dicta</em></span> <span class='ocrx_word' id='word_1_67' title='bbox 742 665 788 701; x_wconf 87' lang='lat' dir='ltr'><em>ad</em></span> <span class='ocrx_word' id='word_1_68' title='bbox 808 678 933 713; x_wconf 83' lang='lat' dir='ltr'><em>genua</em></span> <span class='ocrx_word' id='word_1_69' title='bbox 950 665 1126 702; x_wconf 64' lang='lat' dir='ltr'><em>Blarcelli</em></span> <span class='ocrx_word' id='word_1_70' title='bbox 1151 665 1364 716; x_wconf 85' lang='lat' dir='ltr'><em>procubue-</em></span> 
     </span>
     <span class='ocr_line' id='line_1_16' title="bbox 248 726 1364 782; baseline 0.005 -20"><span class='ocrx_word' id='word_1_71' title='bbox 248 732 350 763; x_wconf 83' lang='lat' dir='ltr'><em>runt.</em></span> <span class='ocrx_word' id='word_1_72' title='bbox 405 726 610 764; x_wconf 78' lang='lat' dir='ltr'>Marcellus</span> <span class='ocrx_word' id='word_1_73' title='bbox 637 728 674 765; x_wconf 86' lang='lat' dir='ltr'><em>id</em></span> <span class='ocrx_word' id='word_1_74' title='bbox 701 742 771 765; x_wconf 87' lang='lat' dir='ltr'><em>nec</em></span> <span class='ocrx_word' id='word_1_75' title='bbox 801 728 915 780; x_wconf 87' lang='lat' dir='ltr'><em>juris,</em></span> <span class='ocrx_word' id='word_1_76' title='bbox 945 743 1016 767; x_wconf 86' lang='lat' dir='ltr'><em>nec</em></span> <span class='ocrx_word' id='word_1_77' title='bbox 1048 732 1248 782; x_wconf 83' lang='lat' dir='ltr'><em>potestatis</em></span> <span class='ocrx_word' id='word_1_78' title='bbox 1286 744 1364 768; x_wconf 84' lang='lat' dir='ltr'><em>suae</em></span> 
     </span>
     <span class='ocr_line' id='line_1_17' title="bbox 249 791 1363 844; baseline 0.005 -18"><span class='ocrx_word' id='word_1_79' title='bbox 249 802 330 826; x_wconf 86' lang='lat' dir='ltr'><em>esse</em></span> <span class='ocrx_word' id='word_1_80' title='bbox 349 791 467 827; x_wconf 82' lang='lat' dir='ltr'>dixit:</span> <span class='ocrx_word' id='word_1_81' title='bbox 501 793 648 828; x_wconf 82' lang='lat' dir='ltr'><em>senatui</em></span> <span class='ocrx_word' id='word_1_82' title='bbox 669 793 896 844; x_wconf 87' lang='lat' dir='ltr'><em>scripturum</em></span> <span class='ocrx_word' id='word_1_83' title='bbox 916 807 969 837; x_wconf 87' lang='lat' dir='ltr'><em>se,</em></span> <span class='ocrx_word' id='word_1_84' title='bbox 991 796 1193 844; x_wconf 86' lang='lat' dir='ltr'>omniaque</span> <span class='ocrx_word' id='word_1_85' title='bbox 1212 795 1258 831; x_wconf 84' lang='lat' dir='ltr'><em>de</em></span> <span class='ocrx_word' id='word_1_86' title='bbox 1277 808 1363 832; x_wconf 88' lang='lat' dir='ltr'><em>sen-</em></span> 
     </span>
     <span class='ocr_line' id='line_1_18' title="bbox 248 855 1362 896; baseline 0.004 -6"><span class='ocrx_word' id='word_1_87' title='bbox 248 855 370 891; x_wconf 86' lang='lat' dir='ltr'><em>tentia</em></span> <span class='ocrx_word' id='word_1_88' title='bbox 387 855 544 891; x_wconf 79' lang='lat' dir='ltr'><em>Patrum</em></span> <span class='ocrx_word' id='word_1_89' title='bbox 564 855 753 894; x_wconf 84' lang='lat' dir='ltr'><em>facturum</em></span> <span class='ocrx_word' id='word_1_90' title='bbox 781 871 873 895; x_wconf 79' lang='lat' dir='ltr'><em>csse.</em></span> <span class='ocrx_word' id='word_1_91' title='bbox 930 859 1003 896; x_wconf 85' lang='lat' dir='ltr'><em>Hae</em></span> <span class='ocrx_word' id='word_1_92' title='bbox 1031 859 1148 895; x_wconf 78' lang='lat' dir='ltr'><em>literae</em></span> <span class='ocrx_word' id='word_1_93' title='bbox 1170 859 1217 895; x_wconf 84' lang='lat' dir='ltr'><em>ad</em></span> <span class='ocrx_word' id='word_1_94' title='bbox 1241 872 1362 896; x_wconf 75' lang='lat' dir='ltr'><em>novos</em></span> 
     </span>
     <span class='ocr_line' id='line_1_19' title="bbox 249 919 1359 971; baseline 0.005 -17"><span class='ocrx_word' id='word_1_95' title='bbox 249 919 422 955; x_wconf 85' lang='lat' dir='ltr'><em>consules</em></span> <span class='ocrx_word' id='word_1_96' title='bbox 443 920 591 963; x_wconf 68' lang='lat' dir='ltr'><em>adlata»,</em></span> <span class='ocrx_word' id='word_1_97' title='bbox 613 934 656 957; x_wconf 80' lang='lat' dir='ltr'><em>ac</em></span> <span class='ocrx_word' id='word_1_98' title='bbox 677 935 744 971; x_wconf 88' lang='lat' dir='ltr'><em>per</em></span> <span class='ocrx_word' id='word_1_99' title='bbox 762 935 825 958; x_wconf 85' lang='lat' dir='ltr'><em>eos</em></span> <span class='ocrx_word' id='word_1_100' title='bbox 845 923 884 959; x_wconf 88' lang='lat' dir='ltr'><em>in</em></span> <span class='ocrx_word' id='word_1_101' title='bbox 904 930 1038 960; x_wconf 84' lang='lat' dir='ltr'><em>senatu</em></span> <span class='ocrx_word' id='word_1_102' title='bbox 1060 925 1228 960; x_wconf 78' lang='lat' dir='ltr'><em>recitatae</em></span> <span class='ocrx_word' id='word_1_103' title='bbox 1248 931 1359 960; x_wconf 87' lang='lat' dir='ltr'><em>sunt:</em></span> 
     </span>
     <span class='ocr_line' id='line_1_20' title="bbox 249 983 1361 1033; baseline 0.005 -15"><span class='ocrx_word' id='word_1_104' title='bbox 249 983 519 1033; x_wconf 75' lang='lat' dir='ltr'><em>consultusque</em></span> <span class='ocrx_word' id='word_1_105' title='bbox 538 985 583 1020; x_wconf 85' lang='lat' dir='ltr'><em>de</em></span> <span class='ocrx_word' id='word_1_106' title='bbox 602 985 660 1020; x_wconf 85' lang='lat' dir='ltr'><em>his</em></span> <span class='ocrx_word' id='word_1_107' title='bbox 681 985 799 1021; x_wconf 84' lang='lat' dir='ltr'><em>literis</em></span> <span class='ocrx_word' id='word_1_108' title='bbox 820 987 874 1021; x_wconf 80' lang='lat' dir='ltr'><em>ita</em></span> <span class='ocrx_word' id='word_1_109' title='bbox 893 987 1058 1022; x_wconf 75' lang='lat' dir='ltr'><em>decrevit</em></span> <span class='ocrx_word' id='word_1_110' title='bbox 1077 994 1228 1023; x_wconf 83' lang='lat' dir='ltr'><em>senatus</em></span> <span class='ocrx_word' id='word_1_111' title='bbox 1245 1002 1251 1023; x_wconf 95' lang='lat'><strong>:</strong></span> <span class='ocrx_word' id='word_1_112' title='bbox 1286 989 1361 1024; x_wconf 83' lang='lat' dir='ltr'><em>Mi-</em></span> 
     </span>
     <span class='ocr_line' id='line_1_21' title="bbox 247 1048 1364 1099; baseline 0.005 -17"><span class='ocrx_word' id='word_1_113' title='bbox 247 1048 380 1089; x_wconf 76' lang='lat' dir='ltr'><em>litibus,</em></span> <span class='ocrx_word' id='word_1_114' title='bbox 402 1049 461 1096; x_wconf 79' lang='lat' dir='ltr'><em>qui</em></span> <span class='ocrx_word' id='word_1_115' title='bbox 481 1049 530 1084; x_wconf 80' lang='lat' dir='ltr'><em>ad</em></span> <span class='ocrx_word' id='word_1_116' title='bbox 552 1048 694 1084; x_wconf 76' lang='lat' dir='ltr'><em>Cannas</em></span> <span class='ocrx_word' id='word_1_117' title='bbox 713 1051 970 1086; x_wconf 79' lang='lat' dir='ltr'><em>commilitones</em></span> <span class='ocrx_word' id='word_1_118' title='bbox 986 1063 1066 1087; x_wconf 87' lang='lat' dir='ltr'><em>suos</em></span> <span class='ocrx_word' id='word_1_119' title='bbox 1081 1056 1283 1099; x_wconf 79' lang='lat' dir='ltr'><em>pugnantes</em></span> <span class='ocrx_word' id='word_1_120' title='bbox 1302 1054 1364 1088; x_wconf 85' lang='lat' dir='ltr'><em>de-</em></span> 
     </span>
     <span class='ocr_line' id='line_1_22' title="bbox 244 1114 1362 1163; baseline 0.004 -16"><span class='ocrx_word' id='word_1_121' title='bbox 244 1114 412 1148; x_wconf 73' lang='lat' dir='ltr'><em>semissen</em></span> <span class='ocrx_word' id='word_1_122' title='bbox 420 1118 445 1155; x_wconf 82' lang='lat' dir='ltr'><em>t,</em></span> <span class='ocrx_word' id='word_1_123' title='bbox 466 1118 629 1150; x_wconf 75' lang='lat' dir='ltr'><em>senatum</em></span> <span class='ocrx_word' id='word_1_124' title='bbox 648 1114 738 1149; x_wconf 76' lang='lat' dir='ltr'><em>nihil</em></span> <span class='ocrx_word' id='word_1_125' title='bbox 756 1116 887 1157; x_wconf 73' lang='lat' dir='ltr'><em>ridere,</em></span> <span class='ocrx_word' id='word_1_126' title='bbox 909 1128 972 1150; x_wconf 87' lang='lat' dir='ltr'><em>cur</em></span> <span class='ocrx_word' id='word_1_127' title='bbox 987 1116 1183 1163; x_wconf 77' lang='lat' dir='ltr'><em>respublica</em></span> <span class='ocrx_word' id='word_1_128' title='bbox 1200 1119 1362 1152; x_wconf 82' lang='lat' dir='ltr'><em>commit-</em></span> 
     </span>
     <span class='ocr_line' id='line_1_23' title="bbox 247 1172 1362 1228; baseline 0.004 -16"><span class='ocrx_word' id='word_1_129' title='bbox 247 1178 355 1213; x_wconf 77' lang='lat' dir='ltr'><em>tenda</em></span> <span class='ocrx_word' id='word_1_130' title='bbox 378 1179 436 1213; x_wconf 84' lang='lat' dir='ltr'><em>sit.</em></span> <span class='ocrx_word' id='word_1_131' title='bbox 483 1178 527 1214; x_wconf 71' lang='lat' dir='ltr'><em>Si</em></span> <span class='ocrx_word' id='word_1_132' title='bbox 554 1179 608 1215; x_wconf 64' lang='lat' dir='ltr'><em>AM.</em></span> <span class='ocrx_word' id='word_1_133' title='bbox 624 1179 777 1215; x_wconf 80' lang='lat' dir='ltr'><em>Claudio</em></span> <span class='ocrx_word' id='word_1_134' title='bbox 799 1172 1003 1228; x_wconf 75' lang='lat' dir='ltr'><em>proconsuli</em></span> <span class='ocrx_word' id='word_1_135' title='bbox 1032 1181 1139 1215; x_wconf 66' lang='lat' dir='ltr'><em>aliter</em></span> <span class='ocrx_word' id='word_1_136' title='bbox 1165 1182 1362 1225; x_wconf 75' lang='lat' dir='ltr'><em>videretur,</em></span> 
     </span>
     <span class='ocr_line' id='line_1_24' title="bbox 236 1241 1365 1293; baseline 0.004 -16"><span class='ocrx_word' id='word_1_137' title='bbox 236 1241 396 1291; x_wconf 77' lang='lat' dir='ltr'><em>fuceret,</em></span> <span class='ocrx_word' id='word_1_138' title='bbox 417 1244 512 1291; x_wconf 82' lang='lat' dir='ltr'><em>quod</em></span> <span class='ocrx_word' id='word_1_139' title='bbox 529 1255 547 1279; x_wconf 89' lang='lat' dir='ltr'><em>e</em></span> <span class='ocrx_word' id='word_1_140' title='bbox 563 1244 747 1291; x_wconf 76' lang='lat' dir='ltr'><em>republica</em></span> <span class='ocrx_word' id='word_1_141' title='bbox 763 1244 912 1293; x_wconf 76' lang='lat' dir='ltr'><em>fideque</em></span> <span class='ocrx_word' id='word_1_142' title='bbox 935 1256 1000 1280; x_wconf 78' lang='lat' dir='ltr'><em>sua</em></span> <span class='ocrx_word' id='word_1_143' title='bbox 1020 1245 1186 1281; x_wconf 81' lang='lat' dir='ltr'><em>duceret:</em></span> <span class='ocrx_word' id='word_1_144' title='bbox 1215 1246 1301 1281; x_wconf 82' lang='lat' dir='ltr'><em>dum</em></span> <span class='ocrx_word' id='word_1_145' title='bbox 1319 1258 1365 1281; x_wconf 84' lang='lat' dir='ltr'><em>ue</em></span> 
     </span>
     <span class='ocr_line' id='line_1_25' title="bbox 244 1309 1364 1355; baseline 0.004 -13"><span class='ocrx_word' id='word_1_146' title='bbox 244 1309 323 1355; x_wconf 80' lang='lat' dir='ltr'><em>quis</em></span> <span class='ocrx_word' id='word_1_147' title='bbox 340 1319 461 1343; x_wconf 80' lang='lat' dir='ltr'><em>eorum</em></span> <span class='ocrx_word' id='word_1_148' title='bbox 489 1320 635 1344; x_wconf 77' lang='lat' dir='ltr'><em>munere</em></span> <span class='ocrx_word' id='word_1_149' title='bbox 662 1314 819 1351; x_wconf 77' lang='lat' dir='ltr'><em>vacaret,</em></span> <span class='ocrx_word' id='word_1_150' title='bbox 841 1321 906 1344; x_wconf 78' lang='lat' dir='ltr'><em>neu</em></span> <span class='ocrx_word' id='word_1_151' title='bbox 928 1311 1020 1345; x_wconf 81' lang='lat' dir='ltr'><em>dono</em></span> <span class='ocrx_word' id='word_1_152' title='bbox 1047 1311 1201 1345; x_wconf 78' lang='lat' dir='ltr'><em>militari</em></span> <span class='ocrx_word' id='word_1_153' title='bbox 1219 1311 1364 1347; x_wconf 76' lang='lat' dir='ltr'><em>virtutis</em></span> 
     </span>
     <span class='ocr_line' id='line_1_26' title="bbox 244 1374 1362 1422; baseline 0.004 -16"><span class='ocrx_word' id='word_1_154' title='bbox 244 1384 328 1419; x_wconf 79' lang='lat' dir='ltr'><em>ergo</em></span> <span class='ocrx_word' id='word_1_155' title='bbox 357 1374 566 1415; x_wconf 79' lang='lat' dir='ltr'><em>donaretur,</em></span> <span class='ocrx_word' id='word_1_156' title='bbox 598 1385 664 1409; x_wconf 79' lang='lat' dir='ltr'><em>neu</em></span> <span class='ocrx_word' id='word_1_157' title='bbox 699 1376 734 1410; x_wconf 82' lang='lat' dir='ltr'><em>in</em></span> <span class='ocrx_word' id='word_1_158' title='bbox 770 1375 922 1410; x_wconf 76' lang='lat' dir='ltr'><em>Italiam</em></span> <span class='ocrx_word' id='word_1_159' title='bbox 954 1379 1212 1422; x_wconf 76' lang='lat' dir='ltr'><em>reportaretur,</em></span> <span class='ocrx_word' id='word_1_160' title='bbox 1251 1376 1362 1411; x_wconf 81' lang='lat' dir='ltr'><em>donec</em></span> 
     </span>
     <span class='ocr_line' id='line_1_27' title="bbox 244 1436 1361 1489; baseline 0.004 -19"><span class='ocrx_word' id='word_1_161' title='bbox 244 1436 353 1471; x_wconf 81' lang='lat' dir='ltr'><em>hostis</em></span> <span class='ocrx_word' id='word_1_162' title='bbox 373 1438 406 1471; x_wconf 78' lang='lat' dir='ltr'><em>in</em></span> <span class='ocrx_word' id='word_1_163' title='bbox 429 1442 523 1472; x_wconf 71' lang='lat' dir='ltr'><em>terra</em></span> <span class='ocrx_word' id='word_1_164' title='bbox 543 1438 658 1474; x_wconf 82' lang='lat' dir='ltr'><em>Italia</em></span> <span class='ocrx_word' id='word_1_165' title='bbox 679 1444 776 1474; x_wconf 53' lang='lat' dir='ltr'><em>(asel.</em></span> <span class='ocrx_word' id='word_1_166' title='bbox 816 1439 983 1474; x_wconf 75' lang='lat' dir='ltr'><em>Comitia</em></span> <span class='ocrx_word' id='word_1_167' title='bbox 1003 1438 1137 1474; x_wconf 82' lang='lat' dir='ltr'><em>deinde</em></span> <span class='ocrx_word' id='word_1_168' title='bbox 1157 1451 1179 1474; x_wconf 88' lang='lat' dir='ltr'>a</span> <span class='ocrx_word' id='word_1_169' title='bbox 1197 1445 1361 1489; x_wconf 87' lang='lat' dir='ltr'><em>praetore</em></span> 
     </span>
     <span class='ocr_line' id='line_1_28' title="bbox 243 1500 1359 1553; baseline 0.004 -18"><span class='ocrx_word' id='word_1_170' title='bbox 243 1500 390 1536; x_wconf 80' lang='lat' dir='ltr'><em>urbano</em></span> <span class='ocrx_word' id='word_1_171' title='bbox 410 1501 456 1536; x_wconf 81' lang='lat' dir='ltr'><em>de</em></span> <span class='ocrx_word' id='word_1_172' title='bbox 476 1508 628 1538; x_wconf 82' lang='lat' dir='ltr'><em>senatus</em></span> <span class='ocrx_word' id='word_1_173' title='bbox 649 1503 838 1539; x_wconf 77' lang='lat' dir='ltr'><em>sententia</em></span> <span class='ocrx_word' id='word_1_174' title='bbox 856 1502 1051 1553; x_wconf 82' lang='lat' dir='ltr'><em>plebisque</em></span> <span class='ocrx_word' id='word_1_175' title='bbox 1066 1503 1164 1538; x_wconf 84' lang='lat' dir='ltr'><em>scitu</em></span> <span class='ocrx_word' id='word_1_176' title='bbox 1183 1509 1271 1539; x_wconf 87' lang='lat' dir='ltr'><em>sunt</em></span> <span class='ocrx_word' id='word_1_177' title='bbox 1290 1504 1359 1540; x_wconf 84' lang='lat' dir='ltr'><em>ha-</em></span> 
     </span>
     <span class='ocr_line' id='line_1_29' title="bbox 245 1565 1358 1616; baseline 0.004 -16"><span class='ocrx_word' id='word_1_178' title='bbox 245 1565 347 1601; x_wconf 83' lang='lat' dir='ltr'><em>bita:</em></span> <span class='ocrx_word' id='word_1_179' title='bbox 381 1566 517 1615; x_wconf 88' lang='lat' dir='ltr'><em>quibus</em></span> <span class='ocrx_word' id='word_1_180' title='bbox 538 1567 654 1602; x_wconf 78' lang='lat' dir='ltr'><em>creati</em></span> <span class='ocrx_word' id='word_1_181' title='bbox 675 1573 764 1603; x_wconf 86' lang='lat' dir='ltr'><em>sunt</em></span> <span class='ocrx_word' id='word_1_182' title='bbox 783 1567 1020 1616; x_wconf 83' lang='lat' dir='ltr'><em>quinqueviri</em></span> <span class='ocrx_word' id='word_1_183' title='bbox 1036 1568 1151 1603; x_wconf 85' lang='lat' dir='ltr'><em>muris</em></span> <span class='ocrx_word' id='word_1_184' title='bbox 1171 1568 1358 1604; x_wconf 84' lang='lat' dir='ltr'><em>turribus-</em></span> 
     </span>
     <span class='ocr_line' id='line_1_30' title="bbox 245 1630 1359 1682; baseline 0.002 -16"><span class='ocrx_word' id='word_1_185' title='bbox 245 1642 317 1678; x_wconf 83' lang='lat' dir='ltr'><em>que</em></span> <span class='ocrx_word' id='word_1_186' title='bbox 336 1630 545 1667; x_wconf 81' lang='lat' dir='ltr'><em>reficiendis</em></span> <span class='ocrx_word' id='word_1_187' title='bbox 561 1645 569 1666; x_wconf 87' lang='lat'>:</span> <span class='ocrx_word' id='word_1_188' title='bbox 602 1637 640 1666; x_wconf 84' lang='lat' dir='ltr'><em>et</em></span> <span class='ocrx_word' id='word_1_189' title='bbox 655 1632 841 1667; x_wconf 84' lang='lat' dir='ltr'><em>triumviri</em></span> <span class='ocrx_word' id='word_1_190' title='bbox 860 1631 939 1667; x_wconf 89' lang='lat' dir='ltr'><em>bini</em></span> <span class='ocrx_word' id='word_1_191' title='bbox 955 1647 965 1676; x_wconf 82' lang='lat'>3</span> <span class='ocrx_word' id='word_1_192' title='bbox 991 1631 1053 1667; x_wconf 87' lang='lat' dir='ltr'><em>uni</em></span> <span class='ocrx_word' id='word_1_193' title='bbox 1071 1632 1184 1667; x_wconf 80' lang='lat' dir='ltr'><em>sacris</em></span> <span class='ocrx_word' id='word_1_194' title='bbox 1201 1633 1359 1682; x_wconf 84' lang='lat' dir='ltr'><em>conqui-</em></span> 
     </span>
     <span class='ocr_line' id='line_1_31' title="bbox 244 1694 1360 1746; baseline 0.003 -17"><span class='ocrx_word' id='word_1_195' title='bbox 244 1694 383 1737; x_wconf 78' lang='lat' dir='ltr'><em>tendis,</em></span> <span class='ocrx_word' id='word_1_196' title='bbox 400 1694 584 1744; x_wconf 87' lang='lat' dir='ltr'><em>donisque</em></span> <span class='ocrx_word' id='word_1_197' title='bbox 599 1696 861 1746; x_wconf 83' lang='lat' dir='ltr'><em>persignandis</em></span> <span class='ocrx_word' id='word_1_198' title='bbox 877 1711 885 1740; x_wconf 82' lang='lat'>3</span> <span class='ocrx_word' id='word_1_199' title='bbox 919 1695 1027 1731; x_wconf 77' lang='lat' dir='ltr'><em>alteri</em></span> <span class='ocrx_word' id='word_1_200' title='bbox 1043 1695 1252 1732; x_wconf 78' lang='lat' dir='ltr'><em>reficiendis</em></span> <span class='ocrx_word' id='word_1_201' title='bbox 1270 1696 1360 1733; x_wconf 81' lang='lat' dir='ltr'><em>aedi-</em></span> 
     </span>
     <span class='ocr_line' id='line_1_32' title="bbox 244 1757 1359 1810; baseline 0.003 -16"><span class='ocrx_word' id='word_1_202' title='bbox 244 1757 313 1794; x_wconf 83' lang='lat' dir='ltr'><em>bus</em></span> <span class='ocrx_word' id='word_1_203' title='bbox 335 1758 513 1796; x_wconf 78' lang='lat' dir='ltr'><em>Fortunae</em></span> <span class='ocrx_word' id='word_1_204' title='bbox 545 1767 582 1795; x_wconf 87' lang='lat' dir='ltr'><em>et</em></span> <span class='ocrx_word' id='word_1_205' title='bbox 612 1759 742 1795; x_wconf 83' lang='lat' dir='ltr'><em>matris</em></span> <span class='ocrx_word' id='word_1_206' title='bbox 765 1758 929 1795; x_wconf 82' lang='lat' dir='ltr'><em>Matutae</em></span> <span class='ocrx_word' id='word_1_207' title='bbox 959 1759 1060 1795; x_wconf 80' lang='lat' dir='ltr'><em>intra</em></span> <span class='ocrx_word' id='word_1_208' title='bbox 1088 1766 1238 1810; x_wconf 84' lang='lat' dir='ltr'><em>portam</em></span> <span class='ocrx_word' id='word_1_209' title='bbox 1265 1760 1359 1797; x_wconf 85' lang='lat' dir='ltr'><em>Car-</em></span> 
     </span>
     <span class='ocr_line' id='line_1_33' title="bbox 243 1823 1359 1874; baseline 0.004 -16"><span class='ocrx_word' id='word_1_210' title='bbox 243 1823 461 1867; x_wconf 80' lang='lat' dir='ltr'><strong>mentalem,</strong></span> <span class='ocrx_word' id='word_1_211' title='bbox 483 1824 546 1860; x_wconf 88' lang='lat' dir='ltr'><em>sed</em></span> <span class='ocrx_word' id='word_1_212' title='bbox 568 1830 605 1860; x_wconf 84' lang='lat' dir='ltr'><em>et</em></span> <span class='ocrx_word' id='word_1_213' title='bbox 625 1824 714 1874; x_wconf 85' lang='lat' dir='ltr'><em>Spei</em></span> <span class='ocrx_word' id='word_1_214' title='bbox 733 1830 839 1861; x_wconf 82' lang='lat' dir='ltr'><em>extra</em></span> <span class='ocrx_word' id='word_1_215' title='bbox 858 1831 1022 1874; x_wconf 82' lang='lat' dir='ltr'><em>portam,</em></span> <span class='ocrx_word' id='word_1_216' title='bbox 1044 1837 1126 1873; x_wconf 84' lang='lat' dir='ltr'><em>quae</em></span> <span class='ocrx_word' id='word_1_217' title='bbox 1146 1825 1271 1874; x_wconf 86' lang='lat' dir='ltr'><em>priore</em></span> <span class='ocrx_word' id='word_1_218' title='bbox 1291 1838 1359 1862; x_wconf 79' lang='lat' dir='ltr'><em>an-</em></span> 
     </span>
     <span class='ocr_line' id='line_1_34' title="bbox 243 1888 1357 1939; baseline 0.004 -16"><span class='ocrx_word' id='word_1_219' title='bbox 243 1900 294 1923; x_wconf 88' lang='lat' dir='ltr'><em>no</em></span> <span class='ocrx_word' id='word_1_220' title='bbox 315 1888 491 1925; x_wconf 86' lang='lat' dir='ltr'><em>incendio</em></span> <span class='ocrx_word' id='word_1_221' title='bbox 516 1895 725 1926; x_wconf 85' lang='lat' dir='ltr'><em>consumtae</em></span> <span class='ocrx_word' id='word_1_222' title='bbox 744 1888 907 1925; x_wconf 83' lang='lat' dir='ltr'><em>fuerant.</em></span> <span class='ocrx_word' id='word_1_223' title='bbox 964 1888 1225 1939; x_wconf 83' lang='lat' dir='ltr'><em>Tempestates</em></span> <span class='ocrx_word' id='word_1_224' title='bbox 1245 1889 1357 1927; x_wconf 85' lang='lat' dir='ltr'><em>foedae</em></span> 
     </span>
     <span class='ocr_line' id='line_1_35' title="bbox 241 1952 1358 2005; baseline 0.002 -16"><span class='ocrx_word' id='word_1_225' title='bbox 241 1953 358 1989; x_wconf 85' lang='lat' dir='ltr'><em>fuere.</em></span> <span class='ocrx_word' id='word_1_226' title='bbox 416 1952 463 1989; x_wconf 90' lang='lat' dir='ltr'><em>In</em></span> <span class='ocrx_word' id='word_1_227' title='bbox 482 1953 635 1991; x_wconf 86' lang='lat' dir='ltr'><em>Albano</em></span> <span class='ocrx_word' id='word_1_228' title='bbox 662 1961 793 1991; x_wconf 87' lang='lat' dir='ltr'><em>monte</em></span> <span class='ocrx_word' id='word_1_229' title='bbox 811 1954 969 1990; x_wconf 88' lang='lat' dir='ltr'><em>biduum</em></span> <span class='ocrx_word' id='word_1_230' title='bbox 995 1955 1237 1990; x_wconf 82' lang='lat' dir='ltr'><em>continenter</em></span> <span class='ocrx_word' id='word_1_231' title='bbox 1261 1954 1358 2005; x_wconf 81' lang='lat' dir='ltr'><em>lapi-</em></span> 
     </span>
     <span class='ocr_line' id='line_1_36' title="bbox 242 2015 1357 2068; baseline 0.004 -16"><span class='ocrx_word' id='word_1_232' title='bbox 242 2016 350 2053; x_wconf 86' lang='lat' dir='ltr'><em>dibus</em></span> <span class='ocrx_word' id='word_1_233' title='bbox 370 2015 490 2067; x_wconf 83' lang='lat' dir='ltr'><em>pluit:</em></span> <span class='ocrx_word' id='word_1_234' title='bbox 522 2023 625 2054; x_wconf 80' lang='lat' dir='ltr'><em>tacta</em></span> <span class='ocrx_word' id='word_1_235' title='bbox 643 2018 690 2054; x_wconf 85' lang='lat' dir='ltr'><em>de</em></span> <span class='ocrx_word' id='word_1_236' title='bbox 709 2017 808 2054; x_wconf 85' lang='lat' dir='ltr'><em>coelo</em></span> <span class='ocrx_word' id='word_1_237' title='bbox 827 2017 968 2054; x_wconf 84' lang='lat' dir='ltr'><em>multa:</em></span> <span class='ocrx_word' id='word_1_238' title='bbox 1001 2018 1083 2054; x_wconf 88' lang='lat' dir='ltr'><em>duae</em></span> <span class='ocrx_word' id='word_1_239' title='bbox 1104 2018 1143 2054; x_wconf 89' lang='lat' dir='ltr'><em>in</em></span> <span class='ocrx_word' id='word_1_240' title='bbox 1164 2018 1357 2068; x_wconf 83' lang='lat' dir='ltr'><em>Capitolio</em></span> 
     </span>
     <span class='ocr_line' id='line_1_37' title="bbox 243 2081 1356 2133; baseline 0.002 -15"><span class='ocrx_word' id='word_1_241' title='bbox 243 2081 363 2126; x_wconf 77' lang='lat' dir='ltr'><em>aedes5</em></span> <span class='ocrx_word' id='word_1_242' title='bbox 395 2081 534 2118; x_wconf 80' lang='lat' dir='ltr'>vallum</span> <span class='ocrx_word' id='word_1_243' title='bbox 559 2082 598 2118; x_wconf 77' lang='lat' dir='ltr'><em>in</em></span> <span class='ocrx_word' id='word_1_244' title='bbox 625 2084 756 2119; x_wconf 85' lang='lat' dir='ltr'><em>castris</em></span> <span class='ocrx_word' id='word_1_245' title='bbox 784 2082 911 2119; x_wconf 83' lang='lat' dir='ltr'><em>multis</em></span> <span class='ocrx_word' id='word_1_246' title='bbox 938 2082 1031 2118; x_wconf 85' lang='lat' dir='ltr'><em>locis</em></span> <span class='ocrx_word' id='word_1_247' title='bbox 1060 2095 1173 2133; x_wconf 85' lang='lat' dir='ltr'><em>supra</em></span> <span class='ocrx_word' id='word_1_248' title='bbox 1199 2083 1356 2120; x_wconf 84' lang='lat' dir='ltr'><em>Suessu-</em></span> 
     </span>
     <span class='ocr_line' id='line_1_38' title="bbox 241 2145 1357 2195; baseline 0.001 -13"><span class='ocrx_word' id='word_1_249' title='bbox 241 2145 332 2188; x_wconf 84' lang='lat' dir='ltr'>lam,</span> <span class='ocrx_word' id='word_1_250' title='bbox 350 2153 387 2180; x_wconf 87' lang='lat' dir='ltr'><em>et</em></span> <span class='ocrx_word' id='word_1_251' title='bbox 402 2145 476 2181; x_wconf 94' lang='lat' dir='ltr'><em>duo</em></span> <span class='ocrx_word' id='word_1_252' title='bbox 493 2145 624 2195; x_wconf 87' lang='lat' dir='ltr'><em>vigiles</em></span> <span class='ocrx_word' id='word_1_253' title='bbox 640 2147 845 2182; x_wconf 77' lang='lat' dir='ltr'><em>exanimati</em></span> <span class='ocrx_word' id='word_1_254' title='bbox 860 2161 869 2183; x_wconf 72' lang='grc' dir='ltr'><strong>ε</strong></span> <span class='ocrx_word' id='word_1_255' title='bbox 901 2159 1028 2182; x_wconf 82' lang='lat' dir='ltr'><em>murus</em></span> <span class='ocrx_word' id='word_1_256' title='bbox 1044 2152 1240 2195; x_wconf 79' lang='lat' dir='ltr'><em>turresque</em></span> <span class='ocrx_word' id='word_1_257' title='bbox 1255 2160 1357 2195; x_wconf 82' lang='lat' dir='ltr'><em>quae-</em></span> 
     </span>
    </p>
   </div>
   <div class='ocr_carea' id='block_1_6' title="bbox 244 2210 1370 2254">
    <p class='ocr_par' dir='ltr' id='par_1_7' title="bbox 244 2210 1370 2254">
     <span class='ocr_line' id='line_1_39' title="bbox 244 2210 1370 2254; baseline 0.002 -8"><span class='ocrx_word' id='word_1_258' title='bbox 244 2210 329 2246; x_wconf 82' lang='lat' dir='ltr'><em>dam</em></span> <span class='ocrx_word' id='word_1_259' title='bbox 346 2211 475 2246; x_wconf 84' lang='lat' dir='ltr'><em>Cumis</em></span> <span class='ocrx_word' id='word_1_260' title='bbox 492 2222 569 2246; x_wconf 83' lang='lat' dir='ltr'><em>nou</em></span> <span class='ocrx_word' id='word_1_261' title='bbox 590 2210 674 2246; x_wconf 82' lang='lat' dir='ltr'><em>ictae</em></span> <span class='ocrx_word' id='word_1_262' title='bbox 691 2211 805 2247; x_wconf 88' lang='lat' dir='ltr'><em>modo</em></span> <span class='ocrx_word' id='word_1_263' title='bbox 824 2210 1060 2254; x_wconf 85' lang='lat' dir='ltr'><em>fulminibus,</em></span> <span class='ocrx_word' id='word_1_264' title='bbox 1078 2210 1143 2246; x_wconf 88' lang='lat' dir='ltr'><em>sed</em></span> <span class='ocrx_word' id='word_1_265' title='bbox 1162 2211 1275 2247; x_wconf 82' lang='lat' dir='ltr'><em>etiam</em></span> <span class='ocrx_word' id='word_1_266' title='bbox 1291 2211 1370 2248; x_wconf 89' lang='lat' dir='ltr'><em>de·-</em></span> 
     </span>
    </p>
   </div>
   <div class='ocr_carea' id='block_1_7' title="bbox 240 2272 1356 2390">
    <p class='ocr_par' dir='ltr' id='par_1_8' title="bbox 240 2272 1356 2390">
     <span class='ocr_line' id='line_1_40' title="bbox 243 2272 1355 2322; baseline 0.001 -12"><span class='ocrx_word' id='word_1_267' title='bbox 243 2287 373 2311; x_wconf 82' lang='lat' dir='ltr'><em>cussae.</em></span> <span class='ocrx_word' id='word_1_268' title='bbox 429 2272 552 2309; x_wconf 84' lang='lat' dir='ltr'><em>Reate</em></span> <span class='ocrx_word' id='word_1_269' title='bbox 568 2286 701 2310; x_wconf 75' lang='lat' dir='ltr'><em>saxum</em></span> <span class='ocrx_word' id='word_1_270' title='bbox 721 2275 853 2322; x_wconf 81' lang='lat' dir='ltr'><em>ingens</em></span> <span class='ocrx_word' id='word_1_271' title='bbox 869 2275 990 2310; x_wconf 88' lang='lat' dir='ltr'><em>visum</em></span> <span class='ocrx_word' id='word_1_272' title='bbox 1005 2273 1185 2311; x_wconf 81' lang='lat' dir='ltr'><em>volitare:</em></span> <span class='ocrx_word' id='word_1_273' title='bbox 1219 2274 1277 2310; x_wconf 88' lang='lat' dir='ltr'><em>sol</em></span> <span class='ocrx_word' id='word_1_274' title='bbox 1292 2287 1355 2311; x_wconf 90' lang='lat' dir='ltr'><em>ru-</em></span> 
     </span>
     <span class='ocr_line' id='line_1_41' title="bbox 240 2337 1356 2390; baseline 0.003 -14"><span class='ocrx_word' id='word_1_275' title='bbox 240 2337 331 2376; x_wconf 85' lang='lat' dir='ltr'><em>bere</em></span> <span class='ocrx_word' id='word_1_276' title='bbox 357 2337 472 2376; x_wconf 83' lang='lat' dir='ltr'><em>solito</em></span> <span class='ocrx_word' id='word_1_277' title='bbox 508 2338 643 2388; x_wconf 80' lang='lat' dir='ltr'><em>magis,</em></span> <span class='ocrx_word' id='word_1_278' title='bbox 682 2338 967 2390; x_wconf 79' lang='lat' dir='ltr'><em>sanguineoque</em></span> <span class='ocrx_word' id='word_1_279' title='bbox 1003 2338 1147 2378; x_wconf 82' lang='lat' dir='ltr'><em>similis.</em></span> <span class='ocrx_word' id='word_1_280' title='bbox 1203 2337 1356 2379; x_wconf 85' lang='lat' dir='ltr'><em>Horum</em></span> 
     </span>
    </p>
   </div>
   <div class='ocr_carea' id='block_1_8' title="bbox 1497 955 1507 1069">
    <p class='ocr_par' dir='ltr' id='par_1_9' title="bbox 1497 955 1507 1069">
     <span class='ocr_line' id='line_1_42' title="bbox 1497 955 1507 1069; textangle 90"><span class='ocrx_word' id='word_1_281' title='bbox 1497 955 1507 1069; x_wconf 46' lang='grc' dir='ltr'><em>-ᾑ--,,-</em></span> 
     </span>
    </p>
   </div>
   <div class='ocr_carea' id='block_1_9' title="bbox 1506 840 1527 2108">
    <p class='ocr_par' dir='ltr' id='par_1_10' title="bbox 1506 840 1527 2108">
     <span class='ocr_line' id='line_1_43' title="bbox 1506 840 1527 2108; baseline 0 0"><span class='ocrx_word' id='word_1_282' title='bbox 1506 840 1527 2108; x_wconf 95' lang='lat' dir='ltr'><em> </em></span> 
     </span>
    </p>
   </div>
  </div>
 </body>
</html>
