1527 2661
403 165 559 194 LIBER
582 165 629 193 X·
661 163 770 192 cAP.
793 164 902 192 xxl.
1136 165 1212 207 103

103 252 306 299 tabantur3
340 265 569 302 summaeque
596 266 719 288 rerum
746 260 886 302 praetor
906 252 947 288 P.
969 252 1211 301 Sempronius
1227 259 1267 288 U.
1281 258 1315 288 C.
1334 264 1408 289 456.

98 325 268 367 praeerat.
317 317 495 353 Ceterum
516 324 621 367 parte
642 329 739 352 curae
760 322 1013 352 exonerarunt
1041 322 1213 352 senatum
1225 303 1264 332 A·
1279 301 1315 331 C'
1334 308 1407 334 ‘296-

96 381 141 417 L.
163 381 358 417 Volumnii
387 381 552 417 consulis
580 381 713 422 literae,
735 380 870 429 quibus
898 393 1013 416 caesos
1034 379 1213 428 fusosque

95 444 338 495 populatores
360 446 579 494 Campauiae
598 445 793 493 cognitum
814 450 882 480 est.
913 443 1047 491 Itaque
1068 450 1105 478 et
1125 455 1213 492 sup—

96 508 320 558 plicationes
342 508 391 544 ob
413 521 491 544 rem
510 509 608 544 bene
625 514 769 557 gestam
791 507 956 543 consulis
977 507 1130 542 nomine
1151 507 1212 542 de—

98 580 280 609 cernunt:
306 573 503 624 justitium
528 574 748 616 remittitur,
776 572 877 621 quod
902 571 1026 607 fuerat
1045 571 1122 607 dies
1149 571 1212 607 de·

99 650 179 673 cem
206 643 242 673 et
276 645 379 681 octo,
411 637 714 688 supplicatioque
743 637 897 687 perlaeta
916 636 1000 671 fuit.
1039 635 1138 671 Tum
1168 636 1213 671 de

97 702 272 751 praesidio
292 703 457 750 regionis
476 701 715 752 depopulatae
739 701 785 737 ab
807 700 1056 742 Samnitibus,
1077 701 1213 748 agitari

98 772 278 815 coeptum.
326 766 461 813 Itaque
480 765 636 815 placuit,
659 772 699 801 ut
719 766 800 801 duae
820 764 979 800 coloniae
1001 765 1100 799 circa
1118 764 1214 799 Ves-

98 829 225 865 cinum
256 835 293 864 et
329 828 532 864 Falernum
569 841 702 877 agrum
736 828 1031 864 deducerentur:
1064 840 1140 863 una
1169 828 1215 864 ad

99 894 239 929 ostium
261 893 361 929 Liris
381 893 499 937 fluvii,
522 906 603 942 quae
622 893 831 929 lVIinturnae
853 892 1064 942 adpellata5
1097 892 1217 928 altera

102 958 141 994 in
168 958 266 994 saltu
286 958 466 999 Vescino,
487 957 690 994 Falernum
711 957 957 1006 contingente
984 969 1129 1005 agrum,
1151 956 1216 992 ubi

99 1020 240 1071 Sinope
270 1021 407 1057 dicitur
432 1021 566 1056 Graeca
596 1021 684 1057 urbs
714 1021 844 1063 fuisse,
877 1021 1055 1056 Sinuessa
1081 1020 1215 1056 deinde

99 1085 145 1121 ab
166 1085 311 1121 colonis
337 1085 526 1121 Romanis
552 1085 751 1135 adpellata.
795 1086 975 1122 Tribunis
1003 1085 1123 1135 plebis
1147 1098 1214 1121 ne·

100 1150 247 1198 gotium
273 1151 401 1186 datum
429 1158 498 1193 est,
520 1157 562 1186 ut
589 1150 811 1200 plebeiscito
832 1149 1033 1200 juberetur
1051 1149 1094 1186 P.
1109 1150 1214 1186 Sem-

99 1215 254 1264 pronius
281 1221 421 1264 praetor
446 1216 661 1252 triumviros
689 1216 729 1250 in
753 1228 795 1250 ea
821 1214 904 1250 loca
933 1214 1078 1250 colonis
1099 1214 1214 1250 dedu-

99 1277 225 1314 cendis
246 1291 395 1315 creare:
428 1272 596 1328 neeffqui
622 1280 778 1315 nomina
798 1279 945 1321 darent,
971 1278 1082 1314 facile
1109 1279 1212 1314 inve-

97 1341 314 1385 niebantur,
346 1344 433 1391 quia
463 1343 501 1378 in
530 1343 733 1379 stationem
767 1355 806 1378 se
842 1355 960 1392 prope
993 1349 1214 1392 perpetuam

96 1405 244 1442 infestae
288 1407 467 1456 regionis,
506 1420 584 1443 non
631 1408 670 1443 in
708 1420 833 1456 agros,
872 1408 972 1442 mitti
1020 1407 1213 1444 rebantur.

96 1469 247 1505 Avertit
276 1470 322 1506 ab
353 1471 405 1506 eis
437 1471 534 1506 curis
565 1477 737 1506 senatum
759 1471 920 1506 Etruriae
948 1472 1215 1519 ingravescens

97 1531 252 1576 bellum,
274 1540 313 1569 et
332 1533 471 1570 crebrae
498 1534 616 1570 literae
636 1535 768 1585 Appii,
788 1535 993 1577 monentis,
1015 1548 1062 1570 ne
1088 1535 1213 1583 regio·

97 1597 155 1632 nis
176 1596 255 1646 ejus
277 1604 423 1633 motum
449 1598 708 1646 negligerent:
743 1604 895 1647 quatuor
911 1604 1032 1646 gentes
1051 1598 1214 1647 conferre
1228 1612 1374 1643 Quatuor

97 1673 213 1704 arma,
230 1662 411 1704 Etruscos,
429 1662 621 1704 Sanmites,
645 1663 806 1705 Umbros,
827 1664 976 1700 Gallos:
995 1662 1076 1709 jam
1096 1669 1214 1699 castra
1226 1659 1383 1729 {allisam

98 1724 264 1771 bifariam
289 1725 400 1773 facta
432 1739 514 1768 esse,
547 1729 632 1774 quia
666 1740 756 1763 unus
790 1729 885 1763 locus
914 1740 1040 1776 capere
1073 1733 1213 1763 tantam
1227 1745 1396 1775 conferunt

98 1790 366 1825 multitudinem
386 1803 452 1826 ηοη
468 1793 590 1838 possit.
632 1790 693 1827 Ob
714 1792 808 1833 haec,
827 1798 864 1826 et
888 1791 991 1841 (jam
1011 1791 1214 1841 adpetebat
1227 1797 1315 1817 arma
1330 1789 1384 1817 δά-

101 1854 267 1901 tempus)
308 1854 548 1890 comitiorum
587 1867 718 1890 caussa
753 1855 800 1891 L.
817 1855 1042 1891 Volumnius
1081 1855 1214 1891 consul
1226 1841 1333 1905 {egsss

99 1916 264 1954 Romam
290 1925 510 1955 revocatus:
544 1921 606 1968 qui
634 1921 751 1969 prius,
779 1933 892 1969 quam
922 1921 968 1957 ad
995 1920 1213 1969 suffragium

99 1983 287 2017 centurias
317 1989 484 2027 vocaret,
516 1984 555 2019 in
586 1985 810 2020 concionem
840 1985 1029 2020 advocato
1056 1985 1214 2034 populo,

96 2045 216 2081 multa
245 2046 289 2082 de
318 2047 578 2095 magnitudine
607 2047 696 2084 belli
723 2048 874 2085 Etrusci
906 2048 1104 2084 disseruit:
1134 2048 1217 2095 jam

96 2116 184 2151 tum,
212 2122 317 2158 quum
345 2112 419 2158 ipse
447 2111 494 2147 ibi
524 2123 601 2146 cum
632 2112 769 2158 collega
799 2124 871 2148 rem
896 2114 1040 2159 pariter
1054 2114 1215 2160 gesserit,

87 2173 206 2222 fuisse
236 2179 377 2210 tantum
396 2174 538 2217 bellum,
570 2180 611 2211 ul
643 2187 708 2211 nec
738 2177 827 2211 duce
856 2188 939 2218 uno,
971 2188 1035 2212 nec
1064 2179 1218 2213 exercitu

95 2240 173 2284 geri
187 2241 373 2286 potuerit:
400 2242 581 2276 accessisse
605 2245 732 2287 postea
757 2241 829 2276 dici
854 2240 1014 2282 Umbros,
1036 2245 1071 2276 et
1097 2243 1217 2288 ingen-

100 2305 170 2339 tem
202 2305 391 2340 exercitum
425 2304 624 2340 Gallorum.
681 2305 859 2339 Adversus
887 2309 1039 2351 quatuor
1063 2306 1217 2353 populos

618 2365 648 2403 F
668 2367 689 2401 4
