1527 2661
92 438 135 468 U.
149 436 186 467 C.
201 441 273 468 536.

94 482 131 511 A.
145 481 182 510 C.
198 485 270 511 216.

92 535 224 566 Interfe-

92 587 156 619 ges.

91 700 127 730 C.
143 700 263 730 Teren-

91 745 153 773 tius
169 743 266 773 Varro

87 785 237 816 consula-

287 205 366 248 268
742 218 784 246 r.
810 217 943 246 mvn

284 308 430 344 decimo
450 320 489 343 se
509 308 731 356 magistratu
761 307 949 351 abdicare,
970 307 1017 344 ad
1042 307 1300 356 interregnum
1328 317 1385 342 res

284 371 406 408 rediit.

339 434 533 472 XXXIV.
565 435 793 471 Consulibus
820 441 1067 484 prorogatum
1086 436 1125 471 in
1153 448 1294 471 annum
1319 435 1390 470 im-

285 501 454 552 perinm:
486 500 692 548 interreges
722 499 860 548 proditi
889 513 911 535 a
930 499 1105 536 Patribus
1136 500 1180 537 C.
1197 499 1389 543 Claudius,

284 569 358 617 Ap.
372 566 483 610 filius,
506 566 670 609 Centho,
688 566 773 601 inde
793 565 835 602 P.
850 564 1048 602 Cornelius
1069 567 1199 602 Asina.
1244 565 1290 602 In
1310 564 1390 616 ejus

285 633 504 680 interregno
526 631 681 667 comitia
699 631 831 667 habita
851 643 991 679 magno
1011 631 1216 667 certamine
1233 629 1392 667 Patrum

284 710 327 733 ac
356 695 489 746 plebis.
547 695 783 732 C.Terentio
803 695 980 739 Varroni,
1011 707 1136 744 quem,
1166 695 1223 731 sui
1243 694 1391 743 generis

283 761 490 803 hominem,
520 759 643 810 plebei
673 760 924 796 insectatione
951 759 1164 810 principum
1199 758 1392 810 populari-

89 836 141 860 tus
157 829 265 860 candi·
280 825 426 875 busque
455 825 597 862 artibus
627 823 883 867 conciliatum,
914 823 961 861 ab
989 824 1160 864 Q.Fabii
1189 823 1323 874 opibus
1353 828 1392 859 et

90 873 194 905 datus.

91 1406 188 1439 Baebii
201 1405 271 1437 trib.

91 1450 136 1490 pl.
151 1451 251 1481 oratio

93 1495 125 1525 in
139 1493 272 1525 nobiles.

282 890 486 927 dictatorio
505 889 664 939 imperio
684 889 874 925 concussis
896 888 1015 925 aliena
1036 888 1177 925 invidia
1191 887 1391 939 splenden-

282 961 375 998 tem,
395 953 527 1003 vulgus
555 961 593 990 et
621 954 818 990 extrahere
847 953 893 990 ad
913 953 1154 990 consulatum
1182 952 1390 995 nitebatur,

282 1019 414 1056 Patres
436 1031 580 1054 summa
606 1030 678 1067 ope
697 1017 916 1061 obstabant,
937 1030 984 1053 ne
1005 1030 1044 1053 se
1070 1016 1299 1053 insectando
1320 1014 1394 1052 sibi

285 1083 425 1133 aequari
454 1082 718 1118 adsuescerent
746 1082 932 1118 homines.
988 1082 1037 1120 Q.
1057 1080 1209 1117 Baebius
1243 1080 1393 1117 Heren-

284 1149 369 1185 nius
399 1147 573 1183 tribunus
608 1145 743 1196 plebis,
775 1152 959 1194 cognatus
991 1147 1035 1183 C.
1050 1146 1235 1188 Terentii,
1267 1145 1392 1181 crimi-

284 1213 411 1249 nando
431 1224 509 1248 non
529 1218 702 1248 senatum
726 1211 854 1254 modo,
877 1211 941 1247 sed
960 1211 1074 1247 etiam
1100 1223 1273 1260 augures,
1295 1209 1396 1259 quod

284 1277 509 1314 dictatorem
538 1275 821 1327 prohibuissent
851 1277 1006 1312 comitia
1033 1276 1224 1327 perficere,
1244 1288 1310 1326 per
1337 1275 1394 1310 in-

283 1342 423 1379 vidiam
454 1354 582 1378 eorum
613 1340 781 1377 favorem
811 1341 1013 1377 candidato
1050 1354 1118 1377 suo
1156 1339 1395 1377 conciliabat.

284 1408 340 1444 Ab
359 1407 555 1443 hominibus
581 1407 763 1449 nobilibus,
781 1419 848 1456 per
870 1408 1001 1443 multos
1029 1419 1138 1442 annos
1158 1407 1286 1442 tellam
1305 1417 1397 1453 φαε-

284 1473 451 1513 remitum,
474 1472 710 1507 Hannibalem
730 1473 766 1507 in
784 1473 933 1507 Italiam
949 1473 1170 1507 adductum:
1199 1471 1242 1505 ab
1258 1471 1396 1510 iisdem,

285 1549 394 1586 quum
423 1536 593 1572 debellari
621 1536 743 1583 possit,
770 1534 912 1583 fraude
945 1537 982 1571 icl
1009 1536 1138 1571 bellum
1172 1534 1292 1570 trahi:
1322 1546 1401 1569 cnm,

287 1606 442 1650 quatuor
460 1602 616 1637 militum
636 1601 829 1647 legionibus
847 1602 1016 1636 universis
1034 1600 1191 1647 pugnari
1211 1611 1310 1646 posse
1329 1599 1396 1633 atl-

285 1667 447 1715 paruz'sse
465 1677 518 1708 eo,
542 1666 635 1713 qnod
654 1664 708 1700 M.
722 1664 918 1707 Minucius,
940 1664 1080 1699 absente
1093 1663 1215 1705 Fabio,
1229 1674 1398 1710 prospere

284 1735 503 1780 pugnasset,-
541 1731 630 1766 duas
667 1730 819 1777 legiones
857 1730 949 1764 hosti
983 1730 1033 1765 ad
1069 1729 1199 1764 caedem
1235 1725 1396 1773 objectas,

288 1796 418 1831 deinde
445 1807 487 1830 ex
515 1796 594 1842 ipsa
623 1795 715 1830 coede
747 1799 898 1843 ereptas,
933 1798 974 1830 ut
1005 1799 1112 1843 pater
1143 1797 1399 1842 patronusque

288 1861 550 1909 adpellaretur‚
579 1861 641 1907 (μα’
664 1861 766 1907 prins
791 1861 929 1895 vincere
951 1858 1186 1907 prohibuisset
1206 1857 1399 1898 Romanos,

290 1937 397 1973 quam
422 1926 527 1960 vinei.
586 1924 753 1960 Consules
779 1925 906 1960 deinde
930 1923 1097 1959 Fabianis
1122 1922 1269 1964 artibus,
1294 1933 1401 1970 quum

289 1988 467 2025 debellare
480 1992 636 2036 possent,
656 1988 786 2024 bellum
807 1989 963 2024 traxisse.
1022 1986 1198 2035 Idfoeclus
1213 1987 1306 2022 inter
1324 1998 1398 2021 om-

287 2064 349 2088 nes
366 2052 497 2088 nobiles
514 2053 648 2088 ictum:
678 2053 864 2101 necfinem
883 2057 966 2087 ante
985 2052 1065 2087 belli
1085 2051 1277 2093 habituros,
1295 2061 1404 2097 qaam

292 2118 470 2154 consulem
497 2129 578 2153 vere
603 2112 789 2165 plebeium,
812 2118 849 2153 id
876 2121 939 2159 est,
971 2116 1145 2152 hominem
1172 2127 1315 2158 novum,
1335 2113 1402 2162 fe-

291 2183 439 2219 cissent:
466 2195 551 2218 nam
566 2183 718 2231 plebeios
743 2182 875 2218 nobiles
889 2180 971 2228 jam
995 2181 1123 2217 eisdem
1149 2181 1309 2216 initiatos
1334 2190 1404 2215 esse

292 2248 416 2289 sacris,
436 2252 472 2282 et
491 2251 709 2283 contemnere
723 2247 875 2295 plebem,
897 2258 939 2282 ex·
958 2257 1024 2294 quo
1043 2245 1218 2281 contemni
1237 2244 1402 2279 desierint

294 2324 319 2347 α
338 2311 522 2354 Patribus,
552 2313 701 2360 coepisse.
760 2310 827 2347 Cui
845 2322 915 2346 non
942 2311 980 2346 id
1008 2310 1194 2357 adparere,
1215 2308 1252 2344 z’cz
1280 2311 1401 2343 actum

293 2382 331 2414 et
350 2379 534 2426 quaesitum
547 2390 629 2422 esse,
647 2383 686 2415 ut
701 2379 940 2425 interregnum
955 2378 1117 2419 iniretur,
1134 2379 1175 2411 ut
1192 2376 1230 2411 in
1245 2374 1400 2411 Patrum
