1527 2661
320 185 404 236 460
776 197 822 226 T.
849 199 983 227 mvn

126 290 215 322 U.C.
235 297 307 322 540.
321 288 368 324 ad
386 287 610 337 Magonem,
632 287 694 336 qui
721 287 759 323 in
779 288 939 326 Bruttiis
966 297 1141 340 praeerat,
1163 289 1259 327 clam
1287 292 1326 328 in
1347 304 1438 329 con-

124 335 163 365 Α·
181 334 217 366 C·
234 340 307 364 ²¹²
321 351 488 402 loquium
510 351 635 387 venit:
670 351 815 400 fideque
835 352 882 388 ab
903 366 949 388 eo
975 361 1145 404 accepta,
1167 356 1198 390 si
1218 354 1439 392 Romanum

128 2263 294 2294 Gracchus

320 418 365 454 iis
386 417 653 466 imperatorem
672 416 902 460 tradidisset,
923 417 1062 454 liberos
1084 432 1170 455 cum
1188 420 1264 455 suis
1290 419 1439 468 legibus

319 489 499 518 venturos
534 480 572 517 in
607 481 813 517 amicitiam
842 481 1046 527 Lucanos3
1080 483 1233 520 deducit
1260 484 1439 527 Poenum,

320 549 358 582 in
389 546 515 582 locum
552 546 654 594 pacis
686 545 902 582 Gracchum
932 548 1173 586 adducturus.
1229 549 1440 598 Magonem

319 612 370 648 ibi
392 610 534 662 pedites
555 611 775 659 equitesque
791 624 951 655 armare,
969 619 1006 648 et
1026 626 1161 663 capere
1180 626 1242 650 eas
1259 613 1438 657 latebras,

319 676 385 713 ubi
404 677 598 724 ingentem
623 688 822 711 numerum
848 676 1053 721 occuleret,
1068 677 1194 728 jubet.
1250 677 1360 714 Loco
1379 690 1441 715 sa-

314 742 365 777 tis
387 741 559 789 iuspecto
581 745 695 787 atque
716 739 881 788 undique
897 740 1110 791 explorato,
1127 742 1204 778 dies
1225 742 1438 792 composita

317 805 491 855 gerendae
512 804 563 839 rei
585 810 652 839 est.
700 803 850 841 Flavius
872 806 919 841 ad
934 805 1154 843 Romanum
1172 808 1438 857 imperatorem

316 869 442 905 venit:
477 869 569 904 Rem
587 880 636 911 se,
658 868 725 912 ait,
745 882 915 917 magnam
944 871 1134 913 inchoasse,
1157 872 1206 906 acl
1225 883 1332 919 quam
1354 883 1440 919 per-

306 935 503 984 ficiendam
524 934 631 980 ipsius
656 933 808 969 Gracchi
828 946 936 982 opera
957 947 1045 983 opus
1064 947 1136 971 esse
1150 951 1162 971 .·
1191 937 1351 971 omnium
1375 947 1440 983 po-

316 999 485 1048 pulorum
508 997 732 1046 praetoribus,
760 1000 821 1046 qui
851 1000 899 1034 ad
923 1000 1075 1035 Poenum
1105 1001 1140 1035 in
1169 1000 1233 1035 illo
1263 1001 1442 1036 communi

320 1064 440 1099 Italiae
459 1067 557 1098 motu
577 1063 777 1105 descissent,
795 1065 1022 1110 persuasisse,
1045 1067 1085 1098 ut
1102 1065 1264 1100 redirent
1292 1066 1329 1099 z'n
1348 1066 1439 1100 ami·

317 1131 442 1164 citiam
463 1129 734 1163 Romanorum:
765 1129 907 1175 quando
928 1140 982 1163 res
1002 1140 1141 1175 quoque
1160 1128 1342 1170 Romana,
1364 1141 1441 1177 quae

316 1205 429 1242 prope
455 1194 603 1228 ericium
633 1193 735 1229 clade
766 1192 942 1229 Cannensi
971 1195 1133 1236 venisset,
1155 1195 1193 1229 z'n
1218 1195 1293 1229 dies
1317 1194 1443 1229 melior

318 1264 427 1307 atque
442 1259 582 1293 auctior
589 1258 725 1306 fieret3
753 1258 973 1294 Hannibalis
988 1260 1039 1294 vis
1053 1263 1255 1301 senesceret,
1273 1270 1316 1294 ac
1333 1270 1444 1306 prope

318 1325 366 1360 ad
395 1323 548 1359 nihilum
576 1324 734 1358 venisset.
787 1323 904 1359 Veteri
930 1324 1059 1359 delicto
1089 1323 1187 1359 haud
1209 1323 1443 1371 ‘inplacabiles

310 1389 399 1438 fore
419 1389 626 1424 Romanos:
654 1388 795 1424 nullam
823 1400 992 1437 umquam
1009 1393 1151 1436 gentem
1179 1389 1293 1436 magis
1317 1399 1441 1423 exora-

321 1455 438 1496 bilem,
458 1454 760 1502 promtioremque
785 1455 896 1489 veniae
915 1454 1043 1489 dandae
1057 1452 1200 1501 fuisse:
1229 1454 1363 1500 quoties
1386 1464 1442 1487 re-

321 1519 463 1556 bellioni
484 1520 593 1554 etiam
618 1517 791 1564 majorum
815 1530 960 1553 suorum
992 1519 1186 1565 ignotum?
1214 1518 1302 1552 Hoec
1331 1517 1374 1552 ab
1392 1529 1440 1557 se,

322 1585 390 1627 ait,
412 1585 509 1620 dicta
524 1600 534 1619 .·
564 1588 719 1619 ceterum
737 1582 780 1618 ab
800 1584 875 1631 ipso
900 1583 1061 1619 Graccho
1080 1584 1203 1618 eadem
1224 1583 1296 1618 hcec
1318 1582 1443 1617 audire

323 1650 434 1686 malle
453 1661 523 1691 θος,
542 1651 794 1697 praesentisque
819 1649 1022 1695 contingere
1041 1649 1201 1684 dextram
1217 1664 1227 1683 .·
1258 1648 1296 1682 id
1311 1648 1444 1695 pignus

311 1715 406 1763 fidei
429 1725 547 1749 secum
571 1711 687 1761 ferre.
746 1711 883 1748 Locum
915 1724 950 1747 se
978 1713 1123 1747 consciis
1152 1712 1279 1746 daz-isse
1306 1723 1329 1746 α
1361 1722 1442 1746 con-

321 1784 440 1827 spectu
471 1782 643 1819 amotum,
676 1777 775 1812 haud
801 1777 930 1824 procul
952 1788 975 1811 a
1003 1778 1127 1812 castris
1148 1776 1331 1811 Romanis.
1390 1775 1444 1810 Ibi

322 1845 448 1893 paucis
468 1843 581 1879 verbis
608 1843 758 1889 transigi
785 1854 861 1878 rem
887 1853 1003 1890 posse,
1024 1846 1064 1876 ιιι
1092 1853 1195 1876 omne
1223 1852 1348 1876 nomen
1367 1840 1442 1876 Lu-

325 1922 451 1945 canum
480 1910 517 1944 in
542 1908 624 1956 fide
651 1919 693 1942 ac
720 1908 888 1942 societate
913 1906 1080 1941 Romana
1116 1907 1174 1940 sit.
1233 1904 1441 1946 Gracchus,

322 1973 492 2010 fraudem
512 1978 550 2007 et
575 1972 741 2007 sermoni
761 1976 800 2006 et
824 1971 879 2006 rei
907 1970 1038 2006 abesse
1063 1976 1182 2011 ratus,
1203 1982 1247 2005 ac
1267 1968 1442 2004 similitu-

323 2039 410 2075 dine
430 2037 506 2073 veri
528 2042 674 2086 captus,
696 2047 781 2070 cum
801 2033 997 2070 lictoribus
1025 2046 1068 2069 ac
1087 2040 1213 2069 turma
1232 2034 1401 2082 equitum
1422 2046 1441 2068 e

323 2103 455 2139 castris
475 2101 682 2151 profectus,
706 2100 799 2135 duce
818 2099 970 2148 hospite
990 2099 1029 2134 in
1056 2097 1209 2133 iusidias
1230 2097 1442 2147 praecipita-

324 2172 397 2203 tur.
455 2164 598 2201 Hostes
626 2163 753 2200 subito
787 2163 933 2199 exorti:
967 2168 1019 2205 et,
1052 2174 1101 2197 ne
1134 2161 1249 2197 dubia
1277 2161 1444 2210 proditio

325 2238 438 2273 esset,
456 2229 606 2266 Flavius
622 2228 681 2264 his
703 2241 742 2263 se
758 2227 933 2278 adjungit
949 2242 956 2263 ε
988 2226 1066 2263 tela
1084 2226 1249 2274 undique
1268 2225 1308 2261 in
1324 2224 1444 2262 Grac-

126 2308 306 2347 proditione
325 2298 438 2333 chum
455 2301 568 2344 atque
584 2293 727 2342 equites
744 2291 1015 2343 conjiciuntur.
1064 2290 1259 2327 Gracchus
1281 2302 1325 2326 ex
1344 2303 1442 2339 equo

128 2351 267 2381 circum-

129 2401 253 2424 ventus.

325 2361 470 2398 desilit:
502 2359 603 2396 idem
633 2366 778 2394 ceteros
799 2357 923 2394 facere
941 2356 1068 2405 jubet,
1088 2355 1353 2404 hortaturque,
1380 2356 1442 2398 Ut,

1499 2544 1517 2661 mn,—
