1527 2661
348 199 502 227 LIBER
528 197 659 225 XXII.
693 196 799 224 CAP.
823 196 870 224 X.
1088 196 1167 239 239

62 302 149 338 pere
169 294 267 331 esset,
290 274 416 337 resque
431 288 576 336 publica
603 289 641 322 in
669 286 804 327 eodem,
835 297 902 333 quo
929 289 1012 321 ante
1041 285 1274 321 bellum-U.C.
1291 295 1363 320 535.

55 353 204 402 fuisset,
224 357 321 389 statu
338 353 596 401 permansisset.
627 351 801 392 Senatus,
818 350 996 399 quoniam
1011 349 1173 386 Fabium
1182 334 1223 366 A·
1235 333 1271 364 C'
1285 337 1361 367 2¹⁷·

68 417 157 453 belli
176 429 265 452 cura
284 422 513 466 occupatura
532 420 643 457 esset,
664 414 720 450 M.
740 413 871 449 AEmili
879 427 938 449 um
958 419 1172 463 praetorem,

67 493 114 517 ex
133 480 282 529 collegii
301 480 523 531 pontificum
543 479 744 521 sententia,
763 478 891 514 omnia
905 490 950 514 ea
968 484 1011 513 ut
1029 484 1176 515 mature

68 543 174 586 fiant,
196 556 325 580 curare
337 543 462 593 jubet.

122 608 175 644 X.
204 607 278 643 His
311 604 646 643 senatusconsultis
679 604 869 655 perfectiS,
903 604 949 642 L.
978 605 1176 642 Cornelius

69 670 254 708 Lentulus
298 670 472 720 pontifex
515 669 714 711 maximus,
753 667 977 705 consulente
1013 669 1177 718 collegio

70 740 289 784 praetorum,
312 734 482 769 omnium
510 733 672 782 primum
699 732 880 782 populum
906 732 1178 769 consulendum

72 798 118 834 de
145 810 231 834 vere
263 810 370 833 sacro
407 802 557 833 censet:
590 795 736 845 injussu
769 796 901 846 populi
937 797 1064 832 voveri
1101 809 1180 833 non

44 847 46 909 ὃ
72 874 194 913 posse.
249 861 425 910 Rogatus
455 861 495 896 in
523 861 603 895 haec
626 859 740 896 verba
768 860 944 909 populus,
972 861 1095 897 Velitis
1113 861 1179 908 ju·
1192 862 1255 892 Ver
1266 868 1394 891 sacrum

44 928 46 939 ²
75 926 227 963 beatisne
251 926 316 963 hoc
343 928 394 962 sic
411 926 533 974 fieri?
560 926 591 960 si
617 936 673 960 res
696 925 841 972 publica
867 926 996 972 populi
1025 911 1318 961 Romanivomm'

77 991 271 1032 Quiritium
307 991 356 1026 ad
391 990 669 1037 quinquennium
700 989 916 1036 proximum,
954 990 1043 1024 sicut
1077 990 1185 1024 velim

75 1065 167 1098 eam,
193 1055 294 1090 salva
322 1059 463 1090 servata
495 1055 563 1089 erit
595 1053 686 1088 hisce
719 1053 847 1088 duellis
857 1069 870 1096 ,·
900 1053 1026 1088 clatum
1056 1054 1186 1089 donum

45 1115 46 1152 ζ
77 1119 157 1154 duit
180 1120 334 1166 populus
360 1118 545 1154 Romanus
574 1118 784 1159 Quiritium,
809 1117 920 1164 (quod
938 1117 1096 1152 duellam
1118 1129 1185 1165 po-

74 1182 163 1229 pulo
193 1182 357 1217 Romano
384 1194 465 1217 cum
485 1181 778 1228 Karthaginiensi
807 1185 870 1223 est,
892 1193 1037 1228 quaeque
1065 1182 1187 1216 duella

77 1257 156 1281 cum
181 1246 296 1282 Gallis
312 1250 406 1288 sunt,
427 1247 488 1293 qui
506 1247 554 1280 cis
572 1246 682 1292 Alpes
704 1244 803 1290 sunt)
827 1246 921 1291 quod
939 1257 999 1280 ver
1017 1246 1188 1281 adtulerit

80 1320 123 1344 ex
146 1310 267 1352 suillo,
295 1310 417 1351 ovillo,
445 1310 606 1356 caprino,
637 1308 764 1343 bovillo
787 1320 907 1355 grege,
937 1320 1079 1356 quaeque
1100 1320 1188 1357 pro·

15 1391 22 1399 ·
46 1420 47 1424 Ἰ
69 1370 171 1420 fana
198 1379 316 1416 erunt,
336 1374 421 1410 Jovi
437 1374 538 1423 fieri,
569 1385 611 1409 ex
629 1385 699 1420 qua
718 1374 774 1408 die
800 1377 941 1408 senatus
966 1374 1190 1421 populusque

45 1435 47 1487 J
71 1433 228 1481 jusserit.
288 1438 358 1478 Qui
373 1436 507 1485 faciet,
528 1437 671 1484 quando
695 1436 802 1477 volet,
824 1448 962 1483 quaque
982 1437 1057 1483 lege
1080 1438 1188 1479 volet,

70 1497 217 1547 facito:
246 1513 313 1548 quo
332 1500 561 1548 modofaxit,
575 1499 684 1547 probe
692 1498 840 1547 factum
854 1503 937 1533 esto.
996 1499 1037 1534 Si
1057 1501 1093 1534 id
1113 1511 1189 1535 mo-

83 1566 188 1607 ritur,
211 1567 304 1614 quod
321 1566 405 1615 fieri
424 1565 609 1613 oportebit,
629 1562 824 1612 profanum
842 1568 927 1605 esto,
948 1575 1058 1611 neque
1081 1565 1192 1600 scelus

85 1633 156 1664 esto
170 1644 181 1664 .·
208 1631 239 1665 si
257 1631 333 1678 quis
357 1633 499 1676 rumpet
518 1629 693 1664 occidetve
720 1629 876 1669 insciens,
897 1639 941 1662 ne
954 1626 1068 1675 fraus
1092 1633 1164 1664 esto
1178 1645 1191 1665 .-

85 1693 115 1727 εἰ
134 1693 211 1739 quis
236 1694 373 1741 clepsit,
393 1705 437 1728 ne
458 1693 594 1740 populo
619 1692 730 1727 scelus
748 1695 834 1733 esto,
854 1703 938 1726 neve
957 1693 1012 1726 cui
1037 1693 1194 1740 cleptum

47 1746 48 1749 Ἴ
87 1758 180 1793 erit:
207 1759 237 1793 si
263 1763 343 1793 atro
363 1759 419 1793 die
433 1756 536 1806 faxit
561 1758 720 1798 insciens,
744 1756 853 1803 probe
867 1755 1014 1804 facturn
1040 1760 1135 1792 esto:
1164 1759 1194 1793 si

48 1866 49 1872 1
89 1824 190 1856 nocte
207 1822 278 1857 sive
297 1822 383 1863 luce,
404 1823 434 1856 si
458 1832 576 1856 servus
601 1821 671 1856 sive
690 1820 775 1855 liber
788 1819 906 1867 fassit,
924 1820 1032 1867 probe
1046 1820 1195 1868 factum

47 1899 49 1907 ⁴
90 1888 187 1920 esto:
214 1886 244 1920 si
268 1885 434 1920 anteidea
456 1889 597 1920 senatus
620 1884 842 1932 populusque
860 1883 1006 1931 jusserit
1021 1885 1122 1933 fieri,
1154 1897 1197 1921 ac

82 1946 199 1994 faxit,
234 1960 272 1983 eo
305 1949 460 1996 populus
485 1949 632 1990 solutus,
663 1948 750 1983 liber
785 1952 868 1984 esto.
925 1946 1105 1996 Ejusdem
1142 1948 1196 1984 rei

93 2022 224 2045 caussa
243 2010 320 2046 ludi
346 2011 473 2059 magni
492 2011 571 2046 voti
593 2011 673 2046 aeris
693 2011 870 2046 trecentis
898 2010 1055 2058 triginta
1075 2010 1194 2046 tribus

92 2072 271 2116 millibus,
291 2074 468 2109 trecentis
487 2074 646 2122 triginta
667 2073 802 2116 tribus,
822 2074 959 2109 triente
976 2088 983 2109 :
1016 2081 1198 2122 praeterea

93 2137 215 2174 bubus
234 2139 323 2176 Jovi
350 2140 542 2182 trecentis,
563 2139 689 2175 multis
715 2138 796 2175 aliis
816 2139 924 2175 Divis
944 2138 1065 2174 bubus
1086 2138 1196 2180 albis,

97 2211 207 2253 atque
223 2206 356 2241 ceteris
376 2205 523 2241 hostiis.
570 2204 679 2239 Votis
700 2204 770 2238 rite
795 2204 1034 2252 nuncupatis,
1057 2201 1200 2251 suppli-

98 2271 197 2305 catio
223 2271 367 2307 edicta:
400 2269 725 2319 supplicatumque
757 2269 833 2303 iere
862 2280 945 2303 cum
975 2265 1200 2315 conjugibus

100 2343 142 2367 ac
161 2331 285 2368 liberis
312 2345 389 2369 non
414 2332 559 2368 urbana
584 2330 786 2367 multitudo
817 2335 979 2370 tantum,
1001 2326 1065 2362 sed
1094 2338 1202 2375 agre-
