1527 2661
0 2055 4 2127 ὲ

337 183 490 211 LIBER
516 182 622 210 xm.
657 182 766 210 cAP.
790 183 942 211 xn111.
1116 184 1191 226 199

85 286 179 310 nunc
208 274 337 309 intueri
364 284 490 307 vicanus
516 276 678 308 senatum
705 273 948 319 populumque
967 271 1169 308 Romanum
1182 289 1194 309 .·
1207 280 1247 310 U.
1261 279 1296 309 C.
1316 285 1391 309 534.

87 338 202 386 qualis
220 341 343 372 nostra
370 338 421 371 vis
439 337 619 383 virtusque
636 334 771 383 fuerit,
795 336 903 371 talem
923 336 1048 371 deinde
1065 335 1192 384 form·
1207 324 1245 353 Α·
1260 323 1296 353 C.
1313 328 1388 353 ²¹⁸·

87 413 170 437 num
188 402 285 437 illius
303 400 396 436 urbis
415 412 458 435 ac
478 400 633 435 Romam·
653 400 795 447 imperii
803 398 903 447 sore.

139 463 272 500 XLII.
301 463 397 499 Haec
428 463 527 512 apud
556 462 753 499 Romanos
781 462 926 499 consul.
982 461 1193 505 Hannibal,
1210 464 1374 512 Hannibzil

87 527 197 565 rebus
218 529 334 578 prius,
349 540 461 577 quam
480 526 617 569 verbis,
639 527 899 564 adhortandos
919 527 1057 564 milites
1076 534 1194 570 ratus,
1209 508 1410 590 ἑῗέῗιῗὲξῆ

87 592 321 628 circumdato
341 591 387 627 ad
413 590 667 641 spectaculum
695 591 876 634 exercitu,
897 592 1066 641 captivos
1085 603 1195 627 mon—
1208 594 1269 630 bis,
1284 593 1402 623 milites

87 662 198 693 tanos
228 656 374 692 vinctos
409 656 448 691 in
481 655 606 691 medio
637 655 794 700 statuit3
827 656 1014 704 armisque
1040 654 1198 691 Gallicis
1210 638 1365 668 honam*

87 726 175 756 ante
195 732 324 756 corum
343 719 454 769 pedes
474 718 670 769 projectiS,
690 719 927 768 interrogare
952 720 1198 769 interpretem

80 783 211 833 jussit,
249 783 389 832 ecquis,
434 783 466 818 si
502 783 659 819 vinculis
696 783 899 827 levaretur,
939 796 1117 833 armaque
1159 789 1200 819 et

86 859 222 896 equum
236 848 358 883 victor
373 847 572 896 acciperet,
590 847 779 883 decertas-e
790 847 892 884 ferro
906 847 1044 884 vellet?
1072 848 1201 886 Quum

90 911 137 948 ad
165 924 282 947 unum
310 923 440 947 omnes
470 910 611 947 ferrum
644 924 887 961 pugnamque
916 917 1130 963 poscerent,
1162 916 1201 946 et

90 974 236 1025 dejecta
263 975 303 1010 in
322 974 361 1011 id
389 986 469 1010 sors
500 980 613 1017 esset,
647 987 685 1010 se
715 976 873 1025 quisque
911 988 997 1012 eum
1026 973 1199 1023 optabat,

89 1052 200 1088 quem
218 1039 374 1075 fortuna
401 1039 441 1074 in
460 1038 497 1074 id
516 1043 706 1073 certamen
733 1036 887 1086 legeret.
944 1037 1001 1074 Ut
1020 1036 1202 1087 cujusque

90 1116 171 1140 sors
198 1102 401 1145 exciderat,
429 1101 565 1144 alacer,
593 1101 692 1138 inter
711 1101 950 1151 gratulantes
972 1101 1109 1151 gaudio
1136 1114 1201 1138 ex·

92 1167 251 1211 sultans,
272 1179 357 1203 cum
377 1166 434 1202 sui
461 1166 575 1201 moris
595 1166 767 1216 tripudiis
788 1179 893 1203 arma
918 1167 1055 1217 raptim
1076 1166 1201 1215 capie-

91 1232 181 1269 bat:
214 1231 279 1268 ubi
298 1244 386 1267 vero
408 1231 645 1274 dimicarent,
666 1231 696 1266 is
716 1231 869 1267 habitus
890 1231 1104 1268 animorum
1122 1242 1201 1265 non

93 1296 193 1332 inter
218 1294 385 1345 ejusdem
414 1294 529 1330 modo
558 1294 791 1331 conditionis
818 1295 992 1331 homines
1023 1299 1116 1336 erat,
1138 1293 1204 1328 sed

93 1361 208 1397 etiam
223 1361 322 1396 inter
341 1365 552 1409 spectantes
572 1358 701 1407 vulgo,
718 1365 759 1394 ut
779 1371 857 1395 non
877 1355 1108 1395 vincentium
1124 1369 1204 1393 ma-

92 1425 163 1474 gis,
185 1436 296 1472 quam
315 1422 411 1458 bene
431 1422 687 1465 morientium,
708 1421 864 1458 fortuna
881 1421 1110 1458 laudaretur.

144 1486 298 1524 XLIII.
328 1486 432 1523 Dum
458 1486 510 1522 sic
530 1485 675 1535 aliquot
701 1486 877 1536 spectatis
905 1485 1058 1536 paribus
1078 1484 1204 1521 adfec—
1217 1496 1293 1534 Ejus
1309 1505 1378 1526 οη.

95 1559 155 1589 tos
176 1552 390 1594 dimisisset,
413 1551 597 1587 concione
616 1551 701 1587 inde
721 1551 919 1593 advocata,
941 1551 994 1586 ita
1013 1550 1114 1600 apud
1140 1561 1202 1586 eos
1218 1541 1272 1569 tio.

91 1616 239 1652 locutus
259 1616 378 1652 fertur
395 1630 401 1636 ·
438 1616 493 1658 Si,
515 1627 617 1663 quem
637 1618 798 1651 animum
818 1617 854 1651 in
873 1617 1001 1651 alienae
1017 1616 1123 1651 sortis
1141 1626 1200 1650 ex-

94 1682 209 1729 emplo
226 1681 351 1728 paullo
378 1684 462 1715 unte
482 1679 664 1722 habuistis,
685 1680 847 1715 eumdem
865 1692 946 1715 mox
970 1681 1007 1714 in
1026 1680 1205 1714 aestiman-

96 1746 143 1781 da
161 1744 322 1792 fortuna
350 1748 466 1780 vestra
485 1744 693 1785 habueritis,
723 1745 882 1785 vicimus,
912 1743 1067 1779 milites:
1095 1753 1206 1789 neque

95 1810 187 1844 enim
200 1808 440 1855 spectaculum
458 1808 562 1842 modo
582 1808 688 1849 illud,
704 1808 766 1842 sed
780 1808 942 1854 quaedam
957 1808 1069 1842 veluti
1088 1807 1205 1852 imago

96 1878 220 1909 vestm²
244 1873 454 1908 conditionis
472 1876 560 1906 erat.
616 1872 671 1907 Ac
695 1872 823 1912 nescio,
845 1883 890 1906 an
909 1869 1046 1917 <majora
1065 1869 1208 1905 vincula

96 1935 314 1984 majoresque
348 1938 569 1971 necessitates
598 1935 704 1977 vobis,
743 1948 849 1984 quam
886 1936 1034 1983 captivis
1069 1935 1205 1976 vestris,

85 2001 244 2051 fortuna
281 2002 565 2036 circumdederit.
623 2000 767 2035 Dextra
797 2000 952 2047 laevaque
986 2000 1056 2034 duo
1091 1999 1208 2033 maria

97 2066 282 2107 claudunt,
308 2065 460 2106 nullam,
482 2076 524 2099 ne
548 2065 595 2099 ad
621 2065 791 2112 (fftgium
812 2064 963 2111 quidem,
985 2074 1111 2098 navem
1142 2061 1207 2096 ha-

94 2129 273 2165 bentibus:
302 2130 397 2164 circa
419 2129 543 2164 Padus
570 2129 697 2169 amnis,
727 2126 842 2173 major
862 2128 985 2163 Padus
1005 2139 1047 2161 ac
1073 2126 1208 2161 violen-

99 2195 167 2229 tior
187 2193 388 2235 Rhodano5
417 2193 461 2227 ab
481 2197 580 2239 tergo
601 2193 710 2239 Alpes
736 2196 876 2238 urgent,
897 2194 954 2227 viv
974 2191 1120 2237 integris
1145 2201 1205 2224 vo-

99 2257 148 2292 bis
165 2269 207 2292 ac
232 2257 427 2304 vigentibus
454 2258 623 2292 transitoe.
679 2256 752 2291 Hic
769 2257 980 2291 vincendum
1007 2259 1071 2289 aut
1096 2254 1205 2288 mori-

101 2320 241 2365 endum,
272 2321 416 2363 milites,
446 2325 509 2362 est,
531 2320 589 2355 ubi
614 2320 773 2366 primum
799 2319 891 2354 hosti
920 2317 1145 2354 obcurristis:
1173 2322 1207 2350 et

608 2381 690 2419 K4
