1527 2661
367 191 523 224 LIBER
546 194 705 222 XXIII.
739 194 845 222 CAP.
869 194 976 222 xlx.
1151 194 1233 237 329

125 284 269 320 vortice
287 282 388 332 dolia
415 272 554 332 inpulit
577 283 624 319 ad
652 283 787 332 ripam,
808 294 921 331 qnam
949 281 1079 317 hostes
1109 294 1233 318 serva·
1246 277 1429 351 ἵξῃ-51366·

125 346 242 384 bant:
274 346 328 382 ibi
355 346 539 382 haerentia
566 346 665 382 inter
693 345 837 382 obnata
861 345 951 394 ripis
982 344 1114 381 salicta
1142 357 1234 380 con·
1277 343 1285 351 ⁶
1325 343 1364 351 '⁸
1412 343 1421 352 ⁰

126 412 357 461 spiciuntur:
389 410 685 458 nunciatumque
711 408 922 445 Hannibali
949 414 1019 451 est,
1045 414 1083 443 et
1101 408 1235 444 deinde

125 474 331 509 intentiore
347 473 517 509 custodia
533 479 700 515 cautum,
716 485 764 508 ne
777 472 865 521 quid
884 471 1033 508 falleret
1046 471 1236 507 Vulturno

126 538 173 574 ad
193 537 323 574 urbem
342 538 509 575 missum.
565 537 694 573 Nuces
714 543 843 572 tamen
862 536 955 571 fusae
982 535 1029 571 ab
1048 534 1234 571 Romanis
1247 538 1357 568 Nuces
1371 536 1446 568 mit-

127 602 273 645 castris,
294 615 408 651 quum
434 602 559 638 medio
586 601 687 637 amni
714 601 760 636 ad
784 599 993 636 Casilinum
1016 599 1235 642 defluerent,
1249 588 1373 611 mmm·

126 666 291 702 cratibus
308 665 605 716 excipiebantur.
652 665 853 701 Postremo
870 664 914 699 ad
933 664 969 700 id
983 671 1136 700 ventum
1150 664 1235 700 ino·
1249 670 1380 700 Casilini
1396 670 1444 700 lo-

124 730 196 780 piae
216 735 285 772 est,
302 736 344 765 ut
362 729 444 765 lora
459 729 720 777 detractasque
736 728 850 763 scutis
871 726 1001 777 pelleS,
1015 727 1079 763 ubi
1094 727 1237 764 fervida
1249 713 1421 786 [iigeriigb-

124 792 336 828 mollissent
362 806 473 842 aqua,
494 792 671 828 mandere
691 797 940 827 conarentur:
973 804 1042 827 nec
1068 792 1237 828 muribus
1249 800 1380 830 duntur.

127 858 248 894 aliove
267 858 433 896 animali,
450 858 699 899 abstinerent,
722 863 759 892 et
779 869 892 893 omne
917 856 1119 893 herbarum
1138 858 1238 894 radi-

126 935 286 971 cumque
304 935 422 971 genus
442 922 642 971 aggeribus
670 921 807 957 infimis
835 921 932 956 muri
953 927 1127 957 eruerent
1140 938 1150 966 3
1184 927 1236 965 et,

125 998 240 1035 quum
273 986 402 1022 hostes
436 985 671 1028 obarassent,
703 984 882 1034 quidquid
914 983 1064 1019 herbidi
1096 985 1238 1020 terreni

127 1057 235 1087 extra
265 1063 415 1087 murum
444 1056 538 1094 erat,
569 1062 745 1100 raporum
779 1062 907 1085 semen
938 1048 1163 1099 injecerunt,
1197 1056 1239 1086 ut

128 1115 340 1159 Hannibal,
361 1117 463 1152 Eone
488 1129 608 1165 usque,
631 1117 716 1151 dum
742 1128 782 1151 ea
810 1120 1016 1158 nascantur,
1037 1117 1087 1151 ad
1108 1116 1236 1153 Casili-

127 1193 212 1216 num
226 1192 379 1217 sessurus
395 1194 474 1217 sum
487 1183 508 1217 ‚9
535 1180 763 1216 exclamaret
779 1195 785 1215 :
819 1187 870 1222 et,
887 1181 950 1228 qui
967 1179 1108 1216 nullam
1124 1187 1238 1217 antea

128 1245 344 1294 pactionem
361 1245 513 1281 auribus
530 1245 743 1287 admiserat‚·
763 1251 844 1280 tum
860 1244 1008 1280 demum
1028 1245 1090 1292 agi
1110 1257 1237 1282 secum

127 1313 184 1343 est
203 1320 333 1357 passus
354 1309 399 1344 de
424 1308 658 1344 redemtione
683 1307 887 1343 liberorum
907 1308 1085 1357 capitum.
1143 1308 1236 1357 Sep-

125 1376 256 1406 tunces
278 1372 359 1407 auri
378 1372 417 1407 in
438 1370 607 1420 singulos
634 1371 794 1421 pretium
816 1372 1005 1407 convenit.
1061 1371 1153 1407 Fide
1173 1384 1235 1408 ac·
1247 1369 1425 1446 (ῙῘ-Ῐῗὶξὶηῐδέῐῐ

1270 1426 1285 1446 e
1310 1422 1372 1445 Itur
1409 1422 1443 1442 ἃ*

125 1440 249 1484 cepta,
270 1446 350 1471 sese
376 1435 634 1471 tradiderunt:
667 1435 788 1471 donec
808 1447 920 1471 omne
948 1447 1079 1471 aurum
1106 1448 1234 1484 perso·
1247 1459 1395 1491 silinum.

128 1496 250 1534 lutum
276 1504 347 1542 est,
377 1499 416 1534 in
444 1498 602 1535 vinculis
636 1498 779 1534 habiti:
812 1506 893 1534 tuni
922 1499 1066 1534 remissi
1097 1499 1237 1535 Cumas

129 1574 214 1598 cum
233 1561 316 1598 fide.
364 1562 409 1598 Id
428 1562 549 1598 verius
571 1569 640 1606 est,
658 1576 768 1611 quam
790 1563 837 1599 ab
855 1564 980 1613 equite
1000 1564 1039 1599 in
1056 1563 1239 1599 abeuntes

128 1625 285 1661 inmisso
306 1626 540 1662 interfectos.
583 1626 808 1662 Praenestini
828 1628 992 1663 maxima
1007 1639 1091 1676 pars
1108 1627 1236 1663 fuere:

128 1701 175 1724 ex
194 1689 409 1737 quingentis
437 1690 692 1739 septuaginta,
713 1690 777 1738 qui
808 1690 846 1726 in
875 1691 1051 1740 praesidio
1070 1690 1239 1732 fuerunt,

129 1753 252 1788 minus
275 1753 470 1788 dimidium
497 1753 637 1789 ferrum
657 1753 850 1802 famesque
884 1754 1091 1790 absumsit:
1125 1754 1242 1789 ceteri

128 1815 334 1851 incolumes
356 1817 546 1852 Praeneste
565 1830 649 1852 cum
669 1823 830 1866 praetore
850 1831 918 1853 suo
938 1817 1110 1853 Manicio
1130 1818 1240 1865 (scri-

128 1878 178 1914 ba
207 1879 236 1914 is
266 1885 378 1915 antea
403 1880 543 1927 fuerat)
566 1880 768 1917 redierunt.
826 1881 960 1916 Statua
989 1880 1068 1930 ejus
1098 1881 1240 1917 indicio

130 1942 216 1985 fuit,
238 1943 429 1980 Praeneste
448 1945 485 1979 in
502 1943 587 1980 foro
608 1950 763 1987 statuta,
780 1943 952 1987 loricata,
974 1945 1113 1980 amicta
1132 1951 1239 1992 toga,

129 2004 254 2042 velato
275 2007 422 2056 capite3
455 2013 493 2043 et
511 2007 584 2043 tria
603 2008 711 2056 signa
731 2021 815 2044 cum
835 2007 948 2043 titulo
968 2008 1102 2043 lamnae
1128 2020 1240 2043 aeneae

129 2069 326 2119 inscripto,
347 2070 545 2106 Manicium
561 2083 629 2119 pro
648 2072 832 2114 militibus,
849 2073 910 2119 qai
927 2072 1076 2106 Casilini
1096 2072 1130 2106 in
1148 2083 1242 2118 prae·

128 2133 386 2181 sidiofuerint,
406 2140 527 2170 votum
545 2137 686 2171 vovisse.
743 2135 848 2171 Idem
867 2134 997 2170 titulun
1026 2134 1145 2169 tribus
1166 2135 1242 2183 sig-

131 2196 189 2231 nis
210 2197 248 2232 in
270 2197 347 2233 aede
366 2197 545 2234 Fortunae
567 2199 699 2248 positis
720 2198 793 2234 fuit
813 2198 1017 2247 subjectus.

183 2260 276 2297 XX.
308 2261 517 2298 Casilinum
537 2263 715 2312 oppidum
738 2262 924 2298 redditum
943 2261 1149 2311 Campanis
1170 2267 1241 2303 est,

130 2321 317 2360 firmatum
336 2326 666 2376 septingentorum
693 2325 856 2362 militum
876 2325 921 2361 de
942 2325 1111 2360 exercitu
1132 2322 1241 2359 Hau-
