1527 2661
244 172 330 215 324
699 174 744 201 Τ.
770 174 903 202 L1v11

53 269 144 302 U.C.
162 276 291 303 536.ea
309 263 459 313 inpetus
479 262 607 299 fieret:
639 263 694 299 ita
718 263 892 300 instructi
913 263 1012 299 intra
1038 267 1166 312 portas
1188 261 1355 299 stabant.

51 314 93 345 Δ·
107 314 144 346 c·
160 320 234 347 2¹⁶·
246 325 471 369 Hannibali,
502 326 571 362 sub
594 326 711 375 signis
734 327 789 374 (id
808 326 909 375 quod
937 339 1002 375 per
1031 325 1176 374 aliquot
1195 326 1273 361 dies
1298 325 1355 360 fe-

245 391 365 438 cerat)
387 391 434 428 ad
451 389 611 427 multum
630 390 704 426 diei
722 391 762 426 in
782 391 861 426 acie
880 391 1010 433 stanti,
1028 391 1150 439 primo
1170 388 1354 425 miraculo

245 466 339 498 esse,
354 456 454 504 quod
468 468 538 492 nec
553 457 739 492 exercitus
758 456 956 492 Romanus
975 463 1085 506 porta
1101 456 1353 505 egrederetur,

245 532 315 555 nec
341 526 506 556 armatus
525 521 723 569 quisquam
743 521 781 556 in
808 521 922 556 muris
946 527 1066 557 esset:
1098 527 1201 556 ratus
1221 519 1355 555 deinde

246 585 397 635 prodita
416 584 620 634 conloquia
639 598 733 628 esse,
755 591 932 635 metuque
951 585 1090 621 resides
1110 585 1246 627 factos,
1267 597 1354 633 par.-

245 657 322 685 tem
341 649 503 685 militum
523 650 562 685 in
582 655 705 686 castra
725 651 899 692 remittit,
914 649 1044 700 jussos
1064 661 1223 700 propere
1238 647 1355 698 adpa-

246 721 369 750 ratum
389 727 540 750 omnem
560 714 825 764 obpugnandae
855 715 958 751 urbis
982 715 1021 750 in
1049 715 1208 764 primam
1234 712 1377 748 aciem-

246 777 415 823 adferre3
448 779 538 814 satis
569 777 701 821 fidens,
730 779 760 814 si
792 777 1058 814 cunctantibus
1090 777 1263 819 instaret,
1293 781 1355 811 tu-

244 842 406 878 multum
425 842 587 891 aliquem
607 844 646 879 in
667 843 758 879 urbe
778 843 925 892 plebem
946 849 1145 878 moturam.
1192 840 1296 876 Dum
1315 840 1355 876 in

245 919 313 943 sua
341 907 498 956 quisque
528 908 737 943 ministeria
764 908 934 943 discursu
965 906 1129 955 trepidat
1159 904 1206 941 ad
1234 904 1356 953 prima

245 972 366 1020 signa,
388 972 628 1020 succeditque
649 972 692 1007 ad
714 984 840 1007 muros
861 972 974 1013 acies,
994 969 1185 1020 patefacta
1198 975 1355 1017 repente

245 1042 369 1085 porta,
386 1035 589 1072 RIarcellus
610 1037 718 1084 signa
738 1049 885 1078 canere,
902 1035 1178 1082 clamoremque
1197 1032 1295 1075 tolli,
1311 1045 1355 1068 ac

244 1099 387 1149 pedites
408 1101 584 1150 primum,
599 1100 733 1136 deinde
749 1101 905 1149 equites,
923 1106 1066 1148 quanto
1083 1098 1248 1134 maximo
1267 1109 1356 1147 pos-

244 1153 328 1199 sent
356 1164 502 1213 inpetu,
523 1165 562 1200 in
591 1165 740 1200 hostem
766 1162 1096 1213 erumperejubet.
1154 1161 1252 1196 Satis
1281 1166 1357 1195 ter-

246 1227 340 1263 roris
356 1228 619 1277 tumultusque
637 1229 675 1263 in
691 1228 809 1264 aciem
829 1228 990 1263 mediam
1006 1225 1226 1268 intulerant,
1244 1238 1358 1273 quum

245 1290 390 1327 duabus
418 1292 517 1327 circa
546 1292 666 1341 portis
696 1292 738 1328 P.
762 1291 934 1327 Valerius
964 1290 1120 1326 Flaccus
1148 1296 1186 1324 et
1214 1289 1258 1325 C.
1277 1289 1357 1324 Au-

243 1354 358 1390 relius
378 1354 494 1403 legati
523 1355 561 1391 in
583 1368 725 1391 cornua
755 1356 921 1391 hostium
949 1366 1115 1403 erupere.
1172 1340 1359 1388 Addidere

245 1418 450 1454 clamorem
476 1418 564 1454 lixae
597 1418 837 1466 calonesque,
869 1424 906 1453 et
936 1417 1009 1453 alia
1039 1416 1148 1452 turba
1179 1415 1359 1451 custodiae

246 1484 593 1533 inpedimentorum
628 1484 816 1533 adposita,
857 1490 897 1518 ut
933 1482 1160 1532 paucitatem
1198 1480 1360 1516 maxime

245 1548 509 1597 spernentibus
530 1548 665 1584 Poenis
693 1548 856 1597 ingentis
883 1552 1037 1596 repente
1063 1545 1248 1581 exercitus
1275 1556 1360 1593 spe-

248 1612 343 1646 ciem
364 1610 536 1648 fecerint,
595 1612 669 1647 Vix
690 1612 861 1661 equidem
889 1611 1008 1646 ausim
1029 1609 1238 1651 adfirmare,
1259 1607 1358 1656 quod

247 1675 400 1724 quidam
418 1682 591 1712 auctores
609 1684 710 1720 sunt,
727 1676 801 1711 duo
819 1675 936 1711 millia
956 1681 993 1709 et
1009 1674 1248 1722 octingentos
1269 1672 1357 1708 hos-

246 1741 342 1775 tium
372 1752 516 1785 caesos;
550 1753 627 1776 non
656 1739 738 1790 plus
760 1740 987 1788 quingentos
1017 1737 1235 1773 Romanum
1264 1736 1357 1772 ami-

250 1804 353 1840 sisse.
415 1804 500 1840 Sive
529 1810 650 1847 tanta,
681 1805 758 1839 sive
788 1804 911 1839 minor
936 1803 1095 1839 victoria
1112 1802 1198 1844 fuit,
1228 1801 1360 1849 ingens

252 1879 296 1902 eo
317 1868 374 1903 die
395 1880 466 1909 reS,
488 1881 531 1903 ac
552 1868 694 1910 nescio,
711 1881 758 1903 an
779 1868 943 1903 maxima
962 1866 1027 1902 illo
1046 1864 1146 1901 bello
1163 1871 1269 1912 gesta
1283 1864 1332 1899 sit
1348 1877 1356 1897 ι

248 1944 327 1967 nou
353 1931 453 1966 vinci
479 1932 580 1966 enim
606 1931 653 1967 ab
674 1931 893 1967 Hannibale
920 1929 1156 1971 vincentibus
1177 1927 1360 1964 difficilius

250 1996 337 2038 fuit,
358 2008 469 2044 quam
490 2002 622 2044 postea
641 1996 802 2031 vincere.

304 2058 436 2095 XVII.
468 2058 677 2101 Hannibal,
716 2070 780 2108 spe
818 2057 1010 2107 potiundae
1048 2055 1159 2091 Nol-<e
1196 2055 1359 2097 ademta,

256 2135 370 2172 quum
390 2123 548 2159 Acerras
566 2123 792 2165 recessisset,
808 2121 1013 2158 Marcellus
1034 2118 1238 2168 extemplo,
1259 2118 1362 2154 clau-

255 2188 303 2222 sis
333 2188 452 2237 portis
472 2187 765 2235 custodibusque
795 2186 1001 2235 dispositis,
1031 2196 1078 2219 ne
1099 2184 1180 2231 quis
1208 2183 1362 2230 egrede-

262 2258 378 2294 retur,
399 2252 647 2299 quaestionem
667 2251 704 2286 in
720 2250 805 2286 foro
826 2250 870 2285 de
895 2249 955 2291 iis,
969 2248 1032 2296 qui
1053 2246 1147 2282 clam
1173 2246 1210 2280 in
1231 2245 1363 2281 conlo—

256 2316 350 2363 quiis
386 2315 554 2351 hostium
591 2315 754 2353 fuerant,
790 2313 921 2350 habuit
938 2328 944 2349 :
986 2323 1098 2361 supra
1127 2311 1366 2360 septuaginta

1483 570 1495 615 ⁴-ss
1486 438 1496 558 *ο*-

1488 802 1496 823 ..
1490 772 1492 778 ⁴

1487 1001 1490 1003 -
1484 962 1492 978 ι.
