1527 2661
366 201 522 229 LIBER
547 200 595 228 X.
629 200 736 228 CAP.
761 199 917 229 xvl11.
1149 198 1199 243 97

87 290 286 327 consulum
315 291 414 327 hanc
435 290 597 340 gloriam
616 289 772 327 faciant.
829 289 994 329 Quidam
1016 302 1095 326 non
1125 303 1204 327 am·
1219 297 1311 330 U.C.
1327 306 1401 332 456.

87 355 236 398 borum,
258 356 322 392 sed
343 355 512 399 alterius,
528 355 574 391 L.
591 354 789 391 Volumnii
805 369 812 391 ε
846 355 880 391 ei
901 354 1096 391 Samnium
1117 368 1205 404 pro-
1219 343 1258 373 A·
1273 341 1310 371 C·
1327 348 1401 377 29⁶·

88 420 249 456 vinciam
270 421 451 457 evenisse.

141 484 295 522 XVIII.
325 485 429 521 Dum
459 497 504 520 ea
532 484 571 519 in
602 482 772 526 Samnio,
803 481 1072 533 cujuscumque
1091 484 1207 520 ductu
1220 495 1348 526 Bellum

88 549 346 598 auspicioque,
362 554 584 598 gererentur
598 564 607 593 3
632 547 818 583 Romanis
838 547 877 582 iu
894 547 1050 584 Etruria
1068 548 1206 585 iterum
1218 540 1401 571 Etruscum„

88 611 230 648 bellum
262 614 394 662 ingens
429 612 556 648 multis
591 624 637 647 ex
668 610 842 660 gentibus
872 612 1045 647 concitur
1057 628 1067 657 ς
1101 612 1207 662 cujus

89 683 222 713 auctor
241 677 385 713 Gellius
405 677 593 726 Egnatius
622 689 669 712 ex
695 675 928 712 Samnitibus
960 683 1053 713 erat.
1092 677 1210 714 Tusci

88 739 166 775 fere
188 753 319 776 omnes
351 741 615 776 consciverant
643 738 808 775 bellum:
841 744 1009 775 traxerat
1028 742 1209 790 contagio

88 805 281 853 proximos
304 804 473 841 Umbriae
499 802 685 854 populos;
719 808 757 837 et
777 801 926 838 Gallica
944 803 1085 839 auxilia
1111 817 1210 840 mer-

90 867 177 903 cede
206 867 533 904 sollicitabantur:
567 867 690 902 omnis
710 879 754 902 ea
783 866 989 902 multitudo
1018 867 1065 903 ad
1085 874 1209 905 castra

92 932 319 968 Samnitium
339 931 605 969 conveniebat.
649 930 727 970 Qui
745 929 928 966 tumultus
949 942 1083 980 repens
1103 939 1208 982 poste

91 1009 203 1046 quam
222 997 387 1034 Romam
407 996 573 1047 perlatus
595 1001 667 1039 est,
688 1008 805 1044 quum
818 994 901 1046 jam
920 995 967 1032 L.
981 996 1209 1035 Volumnius

92 1061 226 1098 consul
245 1076 330 1098 cum
350 1061 568 1111 legionibus
596 1060 762 1096 secunda
782 1072 825 1096 ac
852 1061 978 1104 tertia,
999 1062 1211 1099 sociorum-

93 1139 165 1176 que
184 1126 348 1163 millibus
371 1126 586 1176 quindecim
606 1124 799 1175 profectus
820 1125 859 1160 in
881 1125 1076 1162 Samnium
1097 1134 1210 1173 esset,

93 1191 167 1240 Ap.
189 1190 389 1226 Claudium
418 1191 540 1240 primo
570 1202 720 1238 quoque
748 1195 920 1239 tempore
948 1190 988 1225 in
1017 1189 1211 1229 Etruriam
1223 1208 1268 1238 Eo
1283 1209 1378 1248 profi

94 1255 148 1290 ire
179 1254 343 1304 placuit:
376 1254 458 1290 duae
490 1253 678 1289 Romanae
704 1252 873 1302 legiones
906 1260 1059 1299 secutae,
1088 1257 1252 1324 primaA
1223 1252 1352 1282 efficitur

92 1325 133 1354 et
153 1325 300 1368 quarta,
318 1325 356 1354 et
375 1319 565 1354 sociorum
582 1317 781 1353 duodecim
798 1316 940 1354 millia:
973 1326 1097 1356 castla
1110 1321 1213 1359 haud
1224 1295 1358 1335 Appius

93 1383 227 1434 procul
245 1383 292 1419 ab
308 1384 418 1419 hoste
438 1383 575 1432 posita.
607 1382 785 1418 Ceterum
800 1383 919 1431 magis
936 1396 981 1436 eo
998 1385 1212 1435 profectum

93 1453 164 1490 est,
181 1447 282 1496 quod
294 1452 440 1483 mature
456 1452 609 1482 ventum
627 1451 721 1489 erat,
743 1452 785 1481 ut
797 1447 980 1494 quosdam
996 1456 1211 1498 spectantes

86 1510 170 1562 jam
198 1525 302 1548 arma
320 1512 483 1547 Etruriae
512 1510 674 1561 populos
704 1516 826 1546 metus
848 1510 1017 1548 Romani
1045 1516 1210 1552 nominis

96 1577 374 1626 comprimeret,
406 1588 520 1625 quam
540 1575 643 1624 quod
672 1575 789 1610 ductu
818 1576 983 1612 consulis
1004 1579 1209 1628 quidquam

94 1640 147 1676 ibi
166 1641 256 1676 satis
277 1640 370 1676 scite
385 1645 449 1675 aut
464 1638 660 1674 fortunate
675 1646 825 1687 gestum
842 1640 903 1675 sit.
932 1640 1059 1678 Multa
1073 1643 1209 1692 proelia
1223 1659 1283 1690 Res
1300 1671 1359 1692 nec

94 1704 187 1741 locis
219 1710 256 1740 et
283 1703 518 1753 temporibus
552 1703 690 1751 iniquis
725 1704 948 1739 commissa:
981 1717 1140 1755 spesque
1168 1708 1207 1744 in
1221 1705 1297 1776 {cite
1313 1714 1373 1735 nec

1234 1754 1380 1779 ortunate

1196 1801 1206 1816 ²
1222 1792 1312 1830 gerit

95 1842 137 1871 ut
166 1847 235 1870 nec
255 1833 340 1869 duci
369 1832 520 1875 milites,
541 1844 611 1867 nec
639 1831 821 1868 militibus
849 1832 925 1869 dux
954 1835 1044 1870 satis
1064 1835 1207 1876 fideret.

94 1771 174 1807 dies
195 1770 406 1818 graviorem
424 1769 574 1804 hostem
595 1767 781 1803 faciebat:
814 1774 852 1803 et
872 1767 956 1817 jam
976 1782 1093 1820 prope
1112 1780 1193 1809 erat

97 1899 245 1935 Literas
266 1897 313 1933 ad
332 1896 517 1945 collegam
534 1896 797 1932 arcessendum
817 1908 863 1932 ex
883 1896 1038 1933 Samnio
1059 1900 1206 1945 missas,

95 1965 134 1999 in
161 1962 270 1998 trinis
300 1960 497 1997 annalibus
525 1960 701 1996 invenio:
733 1961 839 2010 piget
866 1967 994 1998 tamen
1022 1963 1209 2004 incertum

94 2039 249 2078 ponere,
270 2038 385 2074 quum
404 2038 449 2061 ea
467 2026 549 2074 ipsa
567 2026 666 2060 inter
681 2024 853 2061 consules
874 2026 1005 2076 populi
1024 2027 1205 2074 Romani,

86 2091 170 2143 jam
206 2091 341 2126 iterum
378 2090 510 2126 eodem
543 2091 690 2127 honore
725 2091 942 2140 fungentes,
981 2094 1207 2146 discrepatio

92 2156 206 2193 fuerit
223 2169 231 2190 ε
262 2155 390 2205 Appio
427 2155 617 2191 abnuente
654 2157 810 2202 missas3
850 2157 1057 2196 Volumnio
1095 2161 1206 2197 adfir-

95 2226 235 2263 mante,
255 2220 371 2269 Appii
391 2232 430 2255 se
450 2219 568 2255 literis
589 2220 769 2257 adcitum.
802 2221 891 2258 Jam
910 2222 1136 2260 Volumnius
1166 2227 1206 2262 in

96 2284 250 2320 Samnio
268 2285 343 2320 tria
362 2284 516 2320 castella
532 2291 696 2334 ceperat,
718 2286 757 2321 in
777 2286 911 2335 quibus
933 2288 979 2323 ad
997 2289 1070 2324 tria
1088 2289 1208 2328 millia

94 2350 261 2386 hostium
281 2361 377 2385 caesa
396 2356 517 2394 erant,
538 2350 735 2386 dimidium
752 2350 831 2387 fere
857 2350 937 2402 ejus
958 2358 1111 2403 captum
1129 2369 1136 2390 ε
1169 2362 1207 2391 et

150 2412 250 2449 VOL.
281 2412 335 2449 ΙΙ.
630 2413 661 2450 F
