1527 2661
281 188 336 230 14
743 186 789 215 T.
811 187 945 218 mvn
976 178 987 183 ”’

83 274 176 306 UC·
194 280 269 305 434.
282 281 347 328 Sp.
369 279 607 319 Postumiam,
635 277 674 313 T.
701 277 888 313 Veturium
907 277 1065 315 consules
1084 290 1160 314 cum
1183 277 1404 315 Samnitibus

84 319 126 350 A.
140 319 177 350 C.
194 324 268 348 318.

97 1700 253 1734 Postumii

95 1747 246 1776 adversus

95 1789 190 1820 nibb.

95 1832 206 1863 oratio.

277 354 448 394 prospere
477 342 608 377 bellum
626 352 771 387 gerere,-
801 346 841 377 at
868 354 928 377 vos
955 343 1043 378 satis
1071 342 1244 384 habeatis,
1274 344 1404 378 vidisse

281 421 345 445 nos
362 408 424 444 sub
440 406 572 454 jugum
597 407 732 447 missos,
752 407 880 442 vidisse
904 409 1092 454 sponsione
1118 407 1249 456 infami
1267 407 1405 453 obliga-

285 478 351 515 tos,
380 473 502 508 videre
529 472 640 506 nudos
667 471 871 518 vinctosque
903 472 1058 507 hostibus
1086 473 1238 513 deditos,
1269 482 1407 506 omnem

283 540 378 575 iram
398 538 553 574 hostium
571 537 702 571 nostris
720 536 894 583 capitibus
913 539 1136 583 excipientes.
1183 536 1305 570 Novos
1323 546 1408 570 con-

283 604 378 646 sules
410 604 632 649 legionesque
661 600 847 635 Romanas
882 601 937 635 ita
972 612 1052 636 cnm
1089 600 1254 635 Samnite
1287 609 1413 646 gerere

287 669 422 705 bellum
446 667 577 706 velitis,
598 669 640 700 ut
666 665 787 699 omnia
811 669 896 700 ante
923 677 986 700 nos
1015 666 1172 701 consules
1201 665 1294 700 bella
1309 667 1412 711 gesta

286 737 382 771 sunt.
429 731 526 770 Quae
554 728 617 765 ubi
638 728 747 771 dixit,
768 734 877 764 tanta
896 728 1007 764 simul
1035 729 1237 765 admiratio
1255 728 1411 763 mi<era-

287 798 420 845 tioque
447 795 517 830 viri
546 793 700 829 incessit
729 805 875 835 omnes,
898 799 938 829 ut
969 794 1084 830 modo
1114 794 1175 829 vix
1200 793 1412 834 crederent,

287 861 396 898 illurn
417 859 590 896 eumdem
617 869 698 894 esse
722 858 785 908 Sp.
806 857 1061 901 Postumium,
1084 858 1147 906 qui
1175 864 1308 894 auctor
1331 861 1412 892 tam

288 926 402 965 foedae
436 925 538 975 pacis
571 923 729 959 fuisset:
762 923 877 959 modo
910 923 1192 964 miserarentur,
1225 920 1327 970 quod
1355 920 1413 956 vir

289 990 378 1027 talis
399 989 514 1025 etiam
541 987 772 1036 praecipuum
793 987 894 1036 apud
919 987 1050 1022 hostes
1080 985 1305 1036 supplicium
1325 995 1411 1034 pas·

290 1067 399 1091 surus
430 1058 530 1089 esset
551 1052 600 1088 ob
632 1053 726 1087 iram
746 1052 914 1087 diremtae
945 1052 1060 1102 pacis.
1104 1051 1234 1090 Quum
1263 1061 1411 1092 omnes,

289 1117 466 1156 laudibus
493 1116 607 1152 modo
637 1120 909 1165 prosequentes
942 1116 1076 1158 virum,
1106 1116 1145 1151 in
1184 1114 1414 1150 sententiam

290 1181 371 1232 ejus
392 1180 550 1231 pedibus
571 1180 693 1223 irent3
726 1185 874 1214 tentata
894 1178 1099 1228 paullisper
1115 1178 1337 1215 intercessio
1357 1182 1415 1213 est

290 1247 339 1284 ab
359 1246 405 1282 L.
432 1246 545 1280 Livio
571 1250 610 1279 et
635 1245 684 1281 Q.
710 1243 858 1286 Maelio,
886 1243 1049 1279 tribunis
1076 1243 1222 1294 plebis:
1254 1243 1333 1292 qui,
1352 1255 1416 1280 ne-

290 1323 358 1361 que
376 1311 507 1346 exsolvi
530 1309 704 1355 religione
723 1309 916 1356 populum,
938 1307 1106 1351 aiebant,
1129 1309 1308 1345 deditione
1332 1320 1412 1353 sua,

288 1376 360 1412 nisi
378 1374 499 1410 omnia
526 1371 757 1413 Samnitibus,
781 1372 905 1419 qualia
923 1373 1023 1419 apud
1045 1372 1224 1409 Caudium
1238 1372 1413 1421 fuissent,

271 1441 586 1476 ·restituerentar.·
614 1448 728 1484 neque
754 1448 790 1472 se
803 1448 874 1484 pro
902 1446 956 1479 eo,
977 1437 1084 1485 quod,
1114 1438 1320 1485 spondendo
1343 1450 1414 1486 pa-

290 1517 378 1548 cem,
403 1507 600 1540 servassent
625 1503 817 1538 exercitum
840 1503 971 1549 populi
990 1501 1163 1544 Romani,
1186 1515 1330 1550 poenam
1358 1504 1417 1539 ul-

291 1569 365 1604 lam
395 1569 538 1603 meritos
572 1578 665 1609 esse;
695 1578 806 1613 neque
838 1567 887 1601 ad
918 1570 1127 1608 extremam,
1156 1578 1264 1615 quum
1292 1579 1414 1604 sacro-

290 1634 406 1668 sancti
424 1637 550 1674 essent,
573 1633 656 1668 dedi
676 1631 830 1667 hostibus
848 1631 1020 1667 violarive
1036 1643 1147 1679 posse.

347 1696 421 1733 IX.
450 1696 550 1732 Tum
570 1696 805 1740 Postumius,
826 1698 966 1735 Interea
983 1700 1116 1741 dedite,
1133 1698 1271 1747 inquit,
1283 1699 1414 1748 profa-

291 1773 356 1797 nos
374 1773 449 1802 nos,
471 1773 556 1808 quos
573 1762 675 1797 salva
694 1762 866 1808 religione
880 1764 1029 1810 potestis
1042 1779 1053 1798 .·
1082 1764 1216 1799 dedetis
1234 1764 1363 1800 deinde
1380 1769 1428 1800 εἴ

289 1828 375 1862 istos
399 1831 652 1869 sacrosanctos,
673 1839 781 1874 quum
810 1829 967 1874 primum
993 1830 1211 1875 magistratu
1237 1828 1413 1875 abierint3

287 1894 362 1935 sed,
382 1894 413 1928 si
441 1904 496 1927 me
524 1894 697 1935 audiatis,
715 1894 832 1941 prius,
854 1907 961 1942 quam
992 1896 1184 1938 dedantur,
1205 1895 1264 1932 hic
1291 1897 1329 1932 in
1357 1909 1416 1933 co-

289 1959 394 1995 mitio
419 1959 529 2004 virgis
549 1970 664 2000 caeSOS,
687 1958 778 1994 hanc
794 1958 875 2004 jam
896 1964 936 1994 ut
961 1961 1186 1995 intercalatae
1201 1972 1314 2008 poenoe
1330 1973 1415 1997 usu-

290 2034 373 2058 ram
399 2022 564 2058 habeant.
609 2023 703 2058 Nam
726 2024 820 2070 quod
845 2025 1025 2060 deditione
1049 2030 1173 2060 nostra
1198 2030 1331 2072 negant
1356 2037 1416 2062 ex-

288 2088 380 2123 solvi
401 2088 572 2134 religione
596 2088 784 2134 populum,
816 2089 854 2124 id
883 2090 965 2125 istos
992 2092 1119 2137 magis,
1148 2102 1193 2126 ne
1222 2092 1416 2134 dedantur,

290 2165 398 2202 quam
420 2154 505 2201 quia
524 2155 578 2190 ita
595 2166 632 2190 se
649 2167 703 2190 res
722 2154 863 2198 habeat,
886 2157 1015 2198 dicere,
1037 2157 1114 2203 qais
1132 2156 1222 2191 adeo
1237 2153 1335 2200 juris
1349 2154 1417 2203 fe-

291 2219 439 2254 cialium
459 2231 581 2266 expers
600 2224 664 2261 est,
686 2222 747 2267 qui
772 2222 947 2268 ignoret?
975 2221 1100 2267 Neque
1118 2232 1182 2267 ego
1202 2220 1339 2269 inficias
1359 2232 1412 2263 eo,

292 2282 424 2318 Patres
450 2286 653 2332 conscripti,
676 2289 750 2320 tam
775 2287 978 2334 sponsiones
997 2297 1105 2333 quarn
1119 2283 1267 2333 foedera
1287 2289 1414 2321 sancta

254 2366 257 2367 ν
289 2358 363 2383 esse
391 2349 492 2396 apud
520 2347 577 2385 eos
604 2349 774 2394 homines,
806 2351 906 2399 apud
925 2352 1010 2399 qnos
1028 2348 1139 2397 juxta
1158 2350 1299 2386 divinas
1324 2350 1414 2387 reli*
