1527 2661
297 234 380 277 342
759 236 803 263 T.
830 236 963 265 mvn

104 327 144 355 is.
158 326 192 355 C
213 333 284 358 sao.
298 321 442 370 effugit.
488 322 622 358 Castra
637 320 805 358 Romani
826 335 971 372 cepere,
994 331 1106 373 atque
1119 325 1315 375 diripuere.
1352 326 1409 362 Ea

108 371 140 397 ⁴⁴
156 369 191 399 C·
210 376 283 400 ‘²¹⁶'
297 399 439 436 pugna,
461 387 491 421 si
508 399 581 434 qua
602 385 716 421 dubia
736 386 774 421 iu
796 386 986 437 Hispania
1002 396 1122 432 erant,
1141 389 1325 425 Romanis
1347 390 1411 426 ad-

287 451 443 502 junxit:
477 451 785 499 Hasdrubalique
805 464 882 487 non
911 453 1025 488 modo
1046 453 1083 488 in
1104 452 1255 489 Italiam
1282 454 1411 489 tradu-

295 516 404 552 cendi
429 516 630 557 exercitus,
662 515 725 551 sed
753 528 800 551 ne
830 516 1006 551 manendi
1027 517 1176 564 quidem
1206 518 1295 553 satis
1325 524 1410 553 tuto

293 580 331 615 in
362 579 565 629 Hispania,
587 591 690 628 spem
720 579 883 628 reliquit.
940 580 1036 619 Quae
1063 587 1265 630 postquam
1293 580 1411 617 literis

295 643 518 693 Scipionum
548 643 684 678 Romae
712 642 869 691 vulgata
898 649 1000 685 sunt,
1030 656 1108 679 non
1138 651 1216 680 tam
1237 645 1409 688 victoria,

294 722 408 758 quam
427 708 623 759 prohibito
641 708 894 745 Hasdrubalis
914 711 953 745 in
975 709 1126 746 Italiam
1148 710 1324 753 transitu,
1345 710 1409 746 lae-

294 773 486 810 tabantur.

101 854 217 885 Petelia
234 856 267 884 in
349 838 485 875 XXX.
516 837 621 873 Dum
649 838 730 873 haec
760 838 799 874 in
830 837 1019 888 Hispania
1047 845 1243 887 geruntur,
1264 838 1411 877 Petelia

96 897 230 970 gfutffiss
244 899 283 929 ab
296 901 335 937 in
355 901 531 942 Bruttiis,
553 901 699 949 aliquot
726 908 812 950 post
833 902 1038 945 mensibus,
1061 915 1173 951 quam
1193 909 1320 953 coepta
1338 902 1409 939 ob-

98 941 456 1025 cafftffimnepugnari
487 971 580 1007 erat,
613 964 659 1001 ab
692 964 924 1007 Himilcone,
951 965 1131 1015 praefecto
1160 965 1408 1010 Hannibalis,

294 1035 512 1078 expugnata
543 1036 611 1064 est.
667 1027 796 1063 Multo
827 1029 1011 1076 sanguine
1043 1042 1086 1065 ac
1116 1028 1333 1065 vulneribus
1364 1042 1408 1066 ea

291 1092 422 1129 Poenis
450 1093 610 1128 victoria
638 1092 765 1127 stetit:
798 1104 868 1127 nec
887 1091 963 1128 ulla
990 1094 1110 1141 magis
1140 1094 1194 1128 vis
1215 1092 1405 1137 obsessos,

292 1169 405 1206 quam
442 1157 575 1199 fames,
615 1157 868 1206 expugnavit:
901 1157 1083 1193 absumtis
1122 1158 1223 1194 enim
1254 1157 1407 1207 frugum

292 1220 496 1264 alimentis,
528 1221 725 1270 carnisque
762 1222 886 1257 omnis
916 1222 1063 1270 generis
1096 1221 1407 1271 quadrupedum;

292 1286 446 1321 sutrinae
474 1293 669 1335 postremo
697 1286 823 1328 coriis,
850 1285 1054 1335 herbisque
1081 1292 1119 1322 et
1137 1285 1341 1329 radicibus,
1369 1293 1408 1323 et

292 1349 498 1385 corticibus
518 1350 672 1392 teneris,
693 1350 909 1398 strictisque
929 1349 1032 1385 rubis
1052 1350 1203 1394 vixere3
1235 1362 1320 1393 nec,
1337 1362 1406 1387 an·

292 1418 444 1462 tequam
466 1414 561 1448 vires
582 1413 629 1449 ad
656 1412 832 1448 standum
851 1413 891 1449 in
918 1413 1033 1448 muris
1053 1412 1283 1462 ferendaque
1302 1425 1408 1450 arma

292 1476 462 1519 deerant,
494 1478 700 1527 expugnati
732 1484 831 1513 sunt.
888 1476 1061 1527 Recepta
1082 1476 1242 1519 Petelia,
1264 1476 1405 1513 Poenus

292 1541 340 1577 ad
360 1541 608 1577 Consentiam
638 1542 767 1591 copias
799 1541 986 1576 traducit:
1019 1553 1146 1589 quam,
1170 1541 1294 1576 minus
1320 1553 1406 1591 per-

290 1604 470 1642 tinaciter
487 1605 695 1648 defensam,
722 1606 822 1641 iutra
847 1617 988 1654 paucos
1009 1605 1086 1640 dies
1115 1605 1154 1639 in
1175 1604 1408 1641 deditionem

292 1671 450 1719 accepit.
509 1669 648 1705 lisdem
668 1669 786 1705 ferme
811 1668 942 1705 diebus
971 1675 1008 1704 et
1030 1668 1270 1704 Bruttiorum
1300 1680 1407 1704 exer-

97 1747 192 1777 Croto
209 1757 260 1777 ca·
293 1734 389 1770 citus
419 1735 643 1776 Crotonem,
665 1733 837 1769 Graecam
865 1733 1010 1775 urbem,
1038 1732 1290 1775 circumsedit,
1312 1745 1408 1781 opu-

97 1792 228 1863 {stur-3,
293 1798 435 1834 lentam
456 1798 643 1847 quondam
665 1798 777 1834 armis
799 1797 976 1845 virisque,
996 1804 1077 1833 tum
1093 1795 1176 1846 jam
1196 1796 1290 1832 adeo
1309 1795 1408 1832 mul-

143 1842 240 1865 uuus.
292 1864 340 1898 tis
372 1863 595 1911 magnisque
626 1861 793 1897 cladibus
826 1860 1029 1903 adflictam,
1060 1867 1102 1896 ut
1131 1860 1252 1896 omnis
1287 1860 1407 1896 aetatis

292 1927 415 1962 minus
437 1928 573 1976 viginti
589 1926 707 1962 millia
723 1926 860 1961 civium
877 1931 1117 1974 superessent
1132 1940 1138 1960 :
1172 1925 1300 1973 itaque
1317 1923 1410 1960 urbe

292 2003 314 2026 a
333 1990 596 2026 defensoribus
627 1996 735 2025 vasta
754 1988 866 2024 facile
895 1988 1010 2038 potiti
1040 1994 1129 2023 sunt
1157 1988 1309 2023 hostes:
1342 2000 1410 2023 arx

293 2063 442 2092 tantum
469 2062 631 2098 retenta,
653 2056 691 2091 in
712 2067 825 2103 quam
857 2055 956 2090 inter
974 2053 1179 2089 tumultum
1200 2059 1319 2102 captae
1346 2066 1408 2088 ur-

292 2120 350 2155 bis
378 2132 397 2155 e
426 2119 550 2155 media
580 2119 681 2154 caede
701 2118 854 2166 quidam
885 2117 1059 2166 effugere.
1116 2117 1168 2152 Et
1196 2116 1407 2152 Locrenses

293 2184 482 2220 descivere
513 2183 559 2219 ad
588 2183 763 2218 Bruttios
791 2182 1022 2230 Poenosque,
1056 2181 1207 2229 prodita
1235 2179 1408 2216 multitu-

294 2248 381 2284 dine
401 2260 423 2283 a
451 2246 697 2297 principibus.
754 2244 925 2294 Rhegini
948 2244 1212 2280 tantummodo
1242 2244 1408 2291 regionis

294 2311 389 2361 ejuS‚
412 2318 449 2347 et
475 2312 513 2347 in
532 2311 604 2347 fide
631 2323 721 2359 erga
739 2309 952 2351 Romanos,
974 2315 1011 2344 et
1038 2308 1238 2358 potestatis
1266 2319 1341 2342 suae
1362 2307 1408 2343 ad

294 2376 469 2413 ultimum
489 2382 722 2412 manserunt.
779 2374 825 2410 In
847 2373 1012 2410 Siciliam
1031 2385 1179 2423 quoque
1199 2372 1328 2408 eadem
1348 2372 1405 2407 in-

1512 1375 1515 1391 l
