1527 2661
349 217 504 246 LIBER
527 214 671 244 XXVI·
704 214 810 243 CAP.
835 214 909 242 VI.
1098 211 1180 256 507

72 303 150 343 Nec
165 307 290 354 magni
303 306 507 342 certaminis
523 315 599 340 rem
606 301 696 352 fore
711 318 724 338 .·
747 314 883 351 paucos
899 313 983 344 esse,
999 306 1035 337 et
1053 302 1096 337 ab
1113 304 1186 338 suis
1198 308 1240 338 U.
1251 307 1289 339 C.
1305 315 1377 339 541.

71 372 302 414 interclusam
330 374 365 406 et
383 381 474 418 quae,
496 369 582 405 dum
602 371 739 416 paveat
765 367 962 409 Romanus,
983 367 1187 415 interrupta
1199 353 1237 383 A·
1250 352 1287 382 C·
1301 358 1375 382 ‘²¹¹'

67 436 164 471 acies
184 436 362 477 videatur,
388 446 482 476 eam,
502 434 532 469 si
559 444 596 469 se
622 433 801 480 utrimque
827 433 866 467 in
894 431 1028 467 hostem
1054 436 1186 473 vertat,

71 501 221 549 ancipiti
249 512 377 548 pugna
406 500 541 536 medios
568 500 899 535 circumventuram.
954 496 1101 533 Navius
1122 496 1184 534 ubi

71 564 153 601 haec
180 565 418 615 imperatoris
449 563 550 600 <licta
579 563 738 613 accepit,
759 561 913 599 secundi
941 562 1083 598 hastati
1110 562 1186 611 sig-

70 641 164 665 num
185 628 378 665 ademtum
401 627 582 676 signifero
609 628 648 663 in
673 627 801 663 hostes
828 625 966 671 infert3
992 625 1185 676 jacturum

71 693 111 729 in
130 693 273 730 medios
294 705 358 729 eos
378 692 573 734 minitans,
593 691 633 727 ni
653 703 692 727 se
711 702 870 740 propere
890 695 1097 739 sequantur
1115 690 1187 726 mi-

71 756 171 800 lites,
202 764 241 793 et
268 763 414 807 partem
443 763 641 806 capessant
673 767 823 806 pugnae.
880 754 1021 804 Ingens
1051 767 1186 806 corpus

73 826 168 864 erat,
190 827 228 857 et
247 833 352 857 arma
369 819 650 865 honestabant3
674 827 713 855 et
735 818 926 855 sublatum
943 818 1018 855 alte
1037 820 1188 868 signum

73 891 312 922 converterat
337 885 385 921 ad
410 883 667 934 spectaculum
695 884 794 920 cives
823 884 1054 932 hostesque:
1087 890 1188 920 cete—

72 962 169 992 rum,
191 957 395 1000 postquam
417 948 501 999 jam
531 948 578 984 ad
605 949 716 997 signa
744 954 966 998 pervenerat
991 947 1187 997 Hispano-

72 1025 168 1056 rum,
182 1020 263 1049 tum
279 1013 444 1062 undique
463 1013 502 1048 in
522 1024 609 1048 eum
623 1011 782 1060 tragulae
798 1010 995 1061 conjectae,
1010 1018 1051 1047 et
1069 1023 1188 1062 prope

74 1083 157 1114 tota
175 1078 217 1114 in
235 1090 352 1114 unum
372 1077 470 1113 acies
490 1088 619 1112 versa:
652 1076 716 1112 sed
736 1089 857 1125 neque
876 1077 1044 1112 hostium
1060 1076 1187 1112 multi-

68 1142 181 1185 tudo,
196 1154 320 1190 neque
337 1141 502 1178 telorum
520 1142 575 1177 vis
595 1153 722 1177 arcere
740 1142 911 1191 inpetum
931 1140 1010 1191 ejus
1031 1142 1100 1176 viri
1119 1153 1188 1191 po-

74 1212 240 1243 tuerunt.
953 1217 958 1222 ·

126 1269 195 1306 VI.
225 1269 278 1305 Et
296 1268 353 1306 M.
367 1268 508 1305 Atilius
528 1268 689 1318 legatus,
710 1268 822 1318 primi
846 1269 1026 1318 principis
1053 1281 1099 1304 ex
1125 1281 1186 1306 ea-

74 1336 159 1371 dem
183 1334 334 1383 legione
360 1335 509 1383 signum
539 1333 670 1369 inferri
698 1334 737 1369 in
767 1333 964 1370 cohortem
991 1333 1186 1383 Hispano-

74 1411 157 1435 rum
186 1398 325 1447 coegit.
380 1397 447 1440 Et,
478 1397 542 1446 qui
572 1397 702 1432 castris
732 1403 932 1447 praeerant,
962 1397 1008 1433 L.
1028 1397 1185 1433 Porcius

72 1462 230 1498 Licinus
251 1467 290 1498 et
307 1461 353 1498 T.
370 1461 553 1512 Popillius
579 1461 696 1511 legati
721 1474 791 1512 pro
818 1461 916 1498 vallo
943 1463 1079 1498 acriter
1098 1475 1185 1511 pro-

72 1535 260 1578 pugnant,
277 1525 575 1576 elephantosque
593 1526 913 1574 transgredientes
933 1526 972 1562 in
988 1528 1071 1576 ipso
1089 1526 1186 1563 vallo

74 1591 304 1628 conficiunt:
336 1603 497 1640 quorum
516 1590 737 1641 corporibus
764 1604 879 1640 quum
910 1591 1064 1641 oppleta
1088 1597 1186 1627 esset

73 1655 190 1697 fossa,
207 1654 309 1690 velut
328 1665 466 1702 aggere
482 1660 547 1690 aut
561 1660 679 1704 ponte
697 1654 854 1704 injecto,
875 1656 1077 1691 transitum
1095 1656 1184 1690 hos-

72 1718 174 1755 tibus
194 1718 306 1754 dedit.
362 1718 424 1754 Ibi
449 1731 516 1768 per
543 1725 706 1767 stragem
732 1717 944 1768 jacentium
963 1719 1185 1769 elephanto-

73 1795 156 1819 rum
184 1788 295 1819 atrox
323 1783 422 1819 edita
447 1783 577 1819 caedes.
633 1782 766 1819 Altera
784 1783 822 1819 in
843 1789 950 1833 parte
975 1790 1186 1820 castrorum

0 1848 1 1871 ¹
67 1846 148 1897 jam
169 1846 307 1897 inpulsi
330 1853 438 1883 erant
457 1847 642 1898 Campani
668 1847 930 1896 Punicumque
954 1848 1184 1897 praesidium,

71 1917 110 1947 et
128 1910 197 1946 sub
217 1911 299 1961 ipsa
320 1917 431 1961 porta
452 1911 607 1962 Capuae,
628 1924 710 1960 quae
730 1911 961 1947 Vulturnum
979 1911 1067 1954 fert,
1088 1924 1183 1962 pug-

71 1974 235 2011 nabatur
252 1989 260 2010 ε
283 1987 405 2024 neque
423 1981 502 2012 tam
517 1976 651 2012 armati
671 1975 973 2027 inrumpentibus
992 1975 1182 2012 Romanis

70 2038 312 2082 resistebant,
329 2052 442 2088 quam
458 2039 558 2088 quod
578 2046 703 2090 porta,
719 2039 879 2076 ballistis
900 2040 1182 2090 scorpionibus·

70 2115 144 2152 que
172 2104 370 2146 instructa,
391 2103 594 2140 missilibus
620 2104 752 2154 procul
779 2104 908 2141 hostes
937 2104 1113 2141 arce-bat:
1146 2111 1185 2141 et

71 2167 280 2218 subpressit
304 2168 476 2218 inpetum
500 2168 762 2208 Romanorum
782 2169 917 2206 vulnus
943 2169 1182 2220 imperatoris

71 2233 146 2283 Ap.
167 2232 315 2269 Claudii
331 2248 338 2268 :
371 2234 446 2277 cui,
466 2246 554 2270 suos
574 2240 663 2270 ante
681 2235 804 2284 prima
822 2235 931 2283 signa
950 2235 1183 2277 adhortanti,

70 2297 140 2334 suh
169 2297 263 2334 laevo
292 2298 449 2334 humero
478 2311 666 2336 summum
694 2306 824 2349 pectus
852 2312 954 2348 gaeso
978 2299 1096 2335 ictum
1115 2306 1184 2334 est.

70 2359 217 2410 Magna
244 2367 373 2399 tamen
402 2362 457 2398 vis
487 2362 655 2399 hostium
682 2369 772 2400 ante
799 2369 952 2415 portam
977 2369 1035 2399 est
1060 2374 1181 2399 caesa:

590 2427 662 2467 Ζ2
