1527 2661
289 189 442 218 LIBER
465 188 594 216 xxn.
627 187 733 216 CAP.
756 187 872 217 v111.
1057 184 1136 230 237

39 277 254 315 animatam.
311 278 491 313 Senatum
520 281 698 326 praetores
724 287 791 325 per
815 275 893 311 dies
919 274 1064 324 aliquot
1092 276 1139 313 ab
1154 272 1335 305 [Le-⁵³⁵,

40 348 126 378 orto
156 354 270 390 usque
298 341 345 378 ad
365 341 600 377 occidentem
619 338 737 375 solem
764 339 801 375 in
833 339 937 375 curia
962 341 1140 384 retinent,
1154 317 1195 348 A'
1206 315 1243 348 c'
1257 323 1331 375 217.

13 399 16 407 '
39 405 309 449 consultantes,
337 418 504 454 quonam
531 404 639 446 duce,
669 410 735 439 aut
761 402 895 452 quibus
921 404 1055 454 copiis,
1084 417 1143 441 re-

13 484 18 555 l
38 470 122 505 sisti
140 469 344 505 victoribus
365 469 495 505 Poenis
516 474 656 518 posset.

14 558 19 587 s,

14 594 15 606 ³
39 608 130 646 pens
152 596 225 632 alia
243 597 445 632 nunciatur
464 595 586 632 clades
603 610 610 631 :
644 601 805 644 quatuor
824 594 941 631 millia
960 596 1143 644 equitum,

19 676 20 693 ι
40 671 126 695 cum
146 660 189 697 C.
203 661 391 697 Centenio
409 672 480 710 pro
509 666 670 710 praetore
689 660 802 695 missa
826 659 872 695 ad
893 658 1077 708 collegam
1096 660 1145 697 ab

14 711 16 718 ’
41 722 199 759 Servilio
228 723 396 766 consule,
426 724 466 759 in
494 722 667 765 Umbria,
694 736 769 771 quo
791 729 878 772 post
906 735 1072 772 pugnam
1098 723 1147 760 ad

14 774 17 838 ξ
39 784 302 823 Trasimenum
327 787 495 822 auditam
513 793 727 822 averterant
752 787 837 828 iter,
858 786 905 822 ab
925 786 1146 825 Hannibale

39 849 304 887 circumventa.
360 850 454 901 Ejus
473 851 527 886 rei
545 849 647 886 fama
665 850 766 885 varie
785 850 958 886 homines
979 851 1143 889 adfecit:

92 532 204 570 VIIl.
234 533 457 582 Priusquam
487 532 577 568 satis
607 537 710 568 certa
736 531 894 567 consilia
919 537 1058 575 essent,
1084 544 1143 568 re·
1155 528 1228 560 Alia
1242 527 1358 560 elffii&-

15 901 17 962 Ἰ
41 925 140 964 pars,
161 915 354 964 occupatis
373 913 518 964 majore
537 914 756 965 aegritudine
775 914 924 956 animis,
944 913 1078 958 levem,
1099 927 1147 953 ex

15 970 17 982 η

42 980 324 1028 comparatione
359 980 542 1030 priorum,
580 978 715 1014 ducere
751 983 942 1013 recentem
978 979 1148 1027 equitum

35 1038 249 1091 Jacturam:
280 1055 365 1093 pars
385 1056 463 1079 non
489 1042 541 1087 id,
561 1041 662 1091 quod
681 1041 879 1084 acciderat,
900 1054 966 1092 per
988 1054 1027 1078 se
1047 1043 1148 1079 aesti-

15 1105 18 1149 I
43 1116 160 1149 mare,
181 1106 260 1149 sed,
280 1113 323 1142 ut
340 1107 380 1142 in
399 1106 550 1142 adfecto
569 1116 727 1155 corpore
742 1105 909 1153 quamvis
928 1105 1019 1141 levis
1040 1117 1148 1142 caus-

16 1154 21 1216 }
44 1179 87 1203 sa
111 1170 244 1218 magis,
265 1183 376 1219 quam
404 1169 530 1206 valido
550 1169 714 1218 gravior,
741 1169 942 1204 sentiretur
955 1185 965 1214 ;
998 1170 1052 1206 ita
1067 1177 1149 1206 tum

45 1244 153 1280 aegrae
172 1239 211 1268 et
229 1233 386 1270 adfectae
405 1233 550 1269 civitati
565 1232 826 1282 quodcumque
841 1233 986 1268 adversi
1006 1234 1149 1270 incide-

17 1291 20 1355 ἰ
45 1294 107 1338 rit,
127 1308 206 1332 non
231 1309 354 1333 rerum
376 1296 650 1346 magnitudine,
671 1296 736 1331 sed
753 1295 893 1331 viribus
921 1298 1148 1340 extenuatis,

45 1372 128 1408 quae
154 1362 263 1406 nihil,
283 1363 385 1412 quod
409 1363 640 1411 adgravaret,
661 1361 741 1411 pati
770 1366 938 1409 possent,
960 1361 1149 1396 aestiman-

18 1431 19 1435 ’
44 1423 134 1459 dum
153 1437 246 1462 esse.
301 1425 436 1476 Itaque
456 1427 501 1462 ad
523 1425 741 1466 remedium,
755 1423 838 1472 jam
858 1424 922 1459 diu
948 1437 1068 1472 neque
1088 1426 1151 1461 de-

17 1476 20 1496 ²
46 1487 249 1525 sideratum
267 1501 338 1526 nec
364 1489 590 1532 adhibitum,
613 1489 836 1524 dictatorem
856 1488 1069 1532 dicendum,
1096 1490 1150 1525 ci-

18 1599 21 1606 *
44 1551 139 1587 vitas
159 1553 354 1602 confugit:
387 1560 425 1590 et
443 1554 531 1603 quia
550 1560 587 1589 et
606 1552 739 1588 consul
767 1552 911 1595 aberat,
932 1565 954 1587 a
972 1565 1047 1600 quo
1073 1565 1151 1589 uno

46 1614 120 1651 dici
138 1629 248 1666 posse
272 1618 491 1663 videbatur-5
523 1631 592 1654 nec
611 1629 676 1667 per
695 1623 918 1666 occupatam
944 1618 1056 1652 armis
1075 1617 1152 1652 Pu-

19 1728 21 1741 *
46 1680 141 1717 nicis
174 1681 325 1720 Italiam
352 1683 463 1719 facile
494 1690 574 1719 erat
602 1689 669 1718 aut
701 1683 894 1724 nuncium,
928 1688 993 1717 aut
1025 1682 1153 1718 literas

0 1792 1 1797 Ἰ
51 1744 152 1780 mitti
164 1760 174 1790 ;
207 1758 275 1782 nec
295 1747 518 1783 dictatorem
538 1746 699 1797 populus
720 1758 846 1782 creare
868 1751 1031 1795 poterat,
1053 1746 1155 1794 quod

53 1820 258 1858 numquam
273 1818 361 1848 ante
377 1825 458 1848 eam
474 1812 571 1847 diem
584 1810 724 1846 factum
740 1816 838 1846 erat:
858 1810 1153 1860 prodictatorem

20 1909 24 1924 »
53 1872 214 1922 populus
230 1876 370 1910 creavit
389 1876 437 1914 Q.
453 1875 611 1911 Fabium
626 1874 853 1916 Maximum,
875 1879 912 1908 et
931 1874 1152 1921 magistrum
1165 1871 1280 1922 Fabius
1295 1880 1368 1911 1)ῐο-

20 1942 24 1986 1
54 1937 222 1985 equitum
240 1937 297 1974 M.
309 1938 522 1975 Minucium
537 1936 693 1974 Rufum.
723 1937 871 1986 Hisque
890 1938 1086 1985 negotium
1105 1938 1152 1974 ab
1163 1917 1307 1947 d1ctator.

20 1997 24 2042 ἑ
53 2009 186 2037 senatu
205 2002 348 2045 datum,
364 2010 404 2038 ut
416 2015 543 2039 muros
563 2009 759 2051 turresque
775 2001 876 2037 urbis
893 2001 1100 2044 firmarent,
1117 2008 1156 2038 et

21 2058 24 2115 s
55 2066 228 2116 praesidia
256 2066 511 2116 disponerent,
543 2066 677 2115 quibus
707 2065 799 2102 locis
830 2065 1031 2108 videretur,
1059 2078 1156 2115 pon·

21 2139 24 2172 4
53 2135 183 2177 tesque
209 2130 463 2165 rescinderent
481 2129 674 2165 fluminum
692 2143 699 2164 ε
732 2129 778 2165 ad
803 2134 956 2177 penates
977 2141 1045 2177 pro
1066 2128 1157 2164 urbe

21 2186 26 2227 ί
54 2191 306 2228 dimicandum
326 2205 418 2236 esse,
439 2193 588 2242 quando
608 2192 758 2228 Italiam
777 2193 872 2227 tueri
894 2192 1121 2239 nequissent.
1169 2226 1333 2259 Hannibal

110 2254 182 2292 IX.
212 2255 408 2292 Hannibal
434 2262 538 2292 recto
568 2256 700 2291 itinere
728 2268 793 2305 per
817 2254 1010 2291 Umbriam
1039 2266 1157 2302 usque
1169 2270 1338 2309 Spoletum

23 2302 28 2385 ὲ
56 2317 106 2355 ad
130 2318 323 2369 Spoletum
354 2321 479 2357 venit:
511 2320 613 2363 inde,
642 2331 757 2368 quum
784 2317 1032 2370 perpopulato
1066 2329 1158 2367 agro
1170 2312 1284 2386 ἓξὲξ
