1527 2661
279 168 434 198 LIBER
458 169 601 197 XXIV.
635 169 741 196 CAP.
765 169 908 197 XXVI·
1060 169 1142 212 403

0 270 2 285 >
33 269 72 294 eo
97 270 258 294 caussam
282 259 441 294 eamdem
466 269 546 293 esse.
606 258 736 299 Quid?
764 259 872 305 quod,
899 259 929 293 si
950 259 1143 294 Andrano-
1158 258 1200 288 U·
1219 258 1256 288 C·
1271 264 1345 289 538·

0 355 2 358 .
24 324 121 359 doro
140 325 289 359 consilia
310 324 569 371 processissent,
591 324 655 359 illa
681 336 761 359 cum
779 325 856 359 viro
871 323 995 372 fuerit
1016 336 1145 371 regna-

32 391 114 422 tura
125 404 138 430 ,·
166 387 232 423 sibi
267 399 347 422 cum
379 389 506 423 ceteris
540 389 774 423 serviendum.
831 388 873 423 Si
902 389 979 435 quis
1008 389 1148 435 Zoippo

0 460 1 463 ’
23 454 187 495 nunciet,
217 452 445 501 interfectum
464 454 740 501 Hieronymum,
771 466 813 488 ac
842 453 1009 489 liberatas
1035 454 1147 500 Syra-

31 527 144 558 cusas,
165 518 222 552 cui
241 517 388 552 dubium
414 529 498 559 esse,
519 519 603 565 quin
630 518 807 564 extemplo
830 529 1078 552 conscensurus
1102 518 1149 552 sit

28 581 165 622 navim,
186 585 292 628 atque
312 582 347 616 in
364 582 524 629 patriam
544 583 726 617 rediturus
739 584 760 616 f>
790 582 972 622 Quantum
988 593 1064 629 spes
1083 581 1147 616 ko-

28 645 165 680 minum
172 643 286 692 fallit
300 647 313 681 !
342 646 387 681 In
403 645 555 681 liberata
571 648 697 693 patria
713 644 895 693 conjugem
913 644 984 691 ejus
1000 658 1043 681 ac
1063 645 1146 681 libe-

28 721 85 744 ros
103 710 146 745 de
169 711 246 746 vita
265 711 436 746 dimicare
448 728 460 754 ,-
490 712 577 759 quid
603 711 779 747 obstantes
805 711 974 753 libertati,
1005 715 1071 746 ant
1096 711 1145 746 le-

23 773 126 820 gibus
138 775 160 809 ,9
189 774 295 815 Quod
313 775 356 810 ab
373 787 410 810 se
428 777 594 823 cuiquam
607 777 821 823 periculum,
843 789 864 811 α
883 776 960 810 sola
975 788 1017 812 ac
1031 788 1147 824 prope

26 838 150 880 vidua,
170 843 205 874 et
224 839 360 886 puellis
377 840 415 874 in
439 838 592 875 orbitate
610 840 826 886 degentibus,
848 852 918 876 esse
931 842 951 876 ,9
978 841 1030 875 At
1052 842 1147 876 enim

19 903 180 950 *periculi
198 903 339 951 quidem
363 903 454 939 nihil
480 904 524 939 ab
541 915 577 939 se
598 905 742 940 timeri:
772 906 921 940 incisam
948 910 1065 940 tamen.
1087 917 1144 941 re-

17 967 126 1014 giam
149 968 298 1014 stirpem
322 979 405 1004 esse.
460 968 680 1016 Ablegarent
701 980 785 1015 ergo
810 969 941 1016 procul
969 968 1012 1004 ab
1032 969 1146 1016 Syra·

29 1032 119 1066 cusis
137 1031 348 1079 Siciliaque,
369 1036 403 1067 et
423 1034 603 1080 asportari
622 1033 883 1068 Alexandriam
896 1031 1077 1078 juberent,
1098 1033 1147 1068 acl

26 1095 144 1130 virum
158 1107 318 1139 uxorem,
334 1097 384 1132 acl
393 1097 662 1145 patremfilias.
719 1095 872 1131 Aversis
889 1094 1042 1131 auribus
1063 1095 1146 1131 ani-

27 1157 188 1206 misque,
208 1170 313 1195 casse
332 1171 380 1195 ne
407 1165 555 1209 tempus
583 1165 781 1201 tereretur,
801 1157 942 1194 ferrum
963 1158 1147 1207 quosdam

27 1221 270 1271 expedientes
291 1223 492 1259 cernebat:
525 1230 620 1267 tum,
638 1224 786 1260 omissis
807 1235 876 1273 pro
897 1235 936 1258 se
955 1222 1144 1272 precibus,

22 1288 156 1336 puellis
174 1294 214 1324 ut
227 1289 357 1325 saltem
371 1295 575 1338 parcerent,
593 1302 702 1326 orare
720 1289 860 1325 institit
875 1304 882 1325 z
916 1302 938 1324 α
955 1302 1025 1336 qua
1042 1293 1148 1325 aetate

27 1353 137 1388 etiam
156 1353 271 1389 hostes
292 1355 404 1390 iratos
429 1354 628 1390 abstinere:
656 1366 712 1396 ne,
735 1359 902 1401 tyrannos
932 1354 1145 1394 ulciscendo,

24 1429 102 1464 quae
120 1418 286 1461 odissent,
306 1419 441 1454 scelera
460 1420 528 1466 ipsi
554 1420 794 1454 imitarentur.
852 1417 958 1453 Inter
977 1417 1057 1453 haec
1077 1417 1145 1453 ab·

24 1485 205 1516 stractam
217 1494 239 1517 a
253 1481 510 1531 penetralibus
520 1480 703 1531 jugulant
719 1496 726 1517 :
759 1480 799 1516 in
815 1480 980 1529 virgines
995 1481 1144 1525 deinde,

23 1555 211 1593 respersas
232 1545 362 1580 matris
380 1557 528 1588 cruore,
546 1545 718 1594 inpetum
734 1544 881 1581 faciunt
897 1558 904 1579 z
937 1557 1035 1593 quae,
1052 1544 1144 1581 alie-

23 1614 115 1643 nata
133 1615 260 1644 mente
279 1609 390 1644 simul
410 1609 516 1645 luctu
533 1614 726 1658 metuque,
747 1608 851 1644 velut
866 1614 985 1657 captae
999 1608 1141 1652 furore,

23 1684 70 1709 eo
90 1684 201 1708 cursu
219 1684 259 1708 se
278 1685 324 1708 ex
344 1674 510 1709 sacrario
533 1674 817 1722 proripuerunt,
840 1679 894 1713 ut,
912 1673 942 1708 si
963 1672 1143 1721 effugium

24 1736 209 1786 patuisset
227 1736 267 1772 in
285 1736 493 1786 publicum,
510 1736 707 1786 inpleturae
726 1736 857 1772 urbem
877 1736 1042 1772 tumultu
1059 1736 1141 1772 fue-

24 1799 113 1835 rint.
168 1798 268 1835 Tum
284 1812 434 1849 quoque
454 1800 555 1836 haud
574 1812 715 1848 magno
732 1800 866 1835 aedium
887 1800 1025 1848 spatio,
1044 1800 1143 1836 inter

26 1863 169 1899 medios
183 1869 242 1898 tot
258 1869 440 1906 armatOS,
458 1863 658 1912 aliquoties
672 1864 822 1911 integro
838 1876 996 1913 corpore
1013 1876 1142 1899 evase-

25 1932 135 1962 runt:
168 1926 476 1975 tenentibusque‚
498 1939 613 1975 quum
640 1932 699 1962 tot
719 1940 763 1962 ac
789 1935 868 1962 tam
888 1926 1019 1962 validae
1039 1926 1141 1963 eluc-

23 1989 147 2026 tandae
168 2003 300 2026 manus
329 1998 467 2034 esseut,
489 2003 569 2026 sese
597 1992 837 2041 eripuerunt:
870 1991 1037 2033 tandem,
1059 1991 1140 2027 vul-

23 2053 175 2089 neribus
204 2053 401 2097 confectae,
423 2067 538 2102 quum
557 2055 686 2090 omnia
704 2054 913 2104 replessent
940 2055 1138 2102 sanguiue,

22 2118 213 2153 exanimes
230 2125 464 2154 conruerunt
481 2135 489 2162 3
515 2118 729 2167 caedemque
745 2131 811 2168 per
831 2132 869 2154 se
885 2118 1139 2155 miserabilem

24 2181 335 2218 miserabiliorem
355 2195 462 2218 casus
483 2182 588 2225 fecit,
606 2183 707 2232 quod
723 2182 851 2232 paullo
870 2189 957 2232 post
978 2183 1137 2218 nuncius

23 2245 138 2287 venit,
160 2246 314 2282 mutatis
335 2254 489 2297 repente
519 2247 566 2283 ad
599 2249 892 2285 misericordiam
920 2249 1069 2291 animis,
1091 2260 1139 2284 ne

26 2309 337 2350 interficerentur.
395 2311 457 2348 Ira
489 2312 624 2349 deinde
661 2326 707 2350 ex
744 2313 1002 2350 misericordia
1038 2318 1136 2355 orta,

1158 303 1199 333 A.
1215 302 1252 332 C.
1269 309 1343 332 214.
