1527 2661
367 183 520 211 LIBER
546 182 616 210 1x.
650 180 962 209 CAP.XXXV1.
1167 177 1221 221 55

111 270 219 319 vique
239 270 368 306 omnia
394 277 497 306 certa
519 270 744 306 adlaturum.
789 269 895 305 Caere
915 268 1094 304 educatus
1124 267 1223 317 apud

111 333 294 383 hospiteS,
332 334 504 371 Etruscis
541 335 628 370 inde
664 333 781 369 literis
820 334 985 369 eruditus
1020 340 1113 375 erat,
1152 332 1223 368 lin-

113 410 300 447 guamque
320 399 521 435 Etruscam
541 398 659 449 probe
678 404 848 435 noverat.
877 397 1016 434 Habeo
1036 404 1224 439 auctores,

109 461 221 511 vulgo
241 468 322 498 tum
347 462 546 499 Romanos
570 475 722 512 pueros,
750 464 848 498 sicut
872 475 973 498 nunc
993 461 1150 504 Graecis,
1172 463 1225 497 itu

106 525 277 562 Etruscis
296 527 414 563 literis
436 527 574 563 erudiri
595 526 741 564 solitos.
792 527 865 563 Sed
884 527 1038 577 propius
1060 532 1117 561 est
1135 538 1224 561 vero

107 592 339 641 praecipuum
369 591 511 641 aliquid
532 591 650 628 fuisse
682 593 720 628 in
748 605 807 635 eo,
829 592 893 640 qui
921 604 960 627 se
985 597 1064 627 tam
1093 590 1227 627 audaci

108 655 350 692 simulatione
380 656 555 692 hostibus
588 657 844 693 immiscuerit:
877 668 1004 692 servus
1034 656 1068 691 ei
1091 656 1227 691 dicitur

106 732 231 755 comes
260 732 354 756 unus
374 720 504 763 fuisse,
525 722 690 756 nutritus
722 734 811 764 una,
843 733 963 769 eoque
989 720 1090 755 haud
1117 721 1225 767 igna-

105 796 167 819 rus
196 783 335 832 linguae
366 784 557 834 ejusdem:
590 798 660 822 nec
689 785 893 834 quidquam
923 783 1024 820 aliud
1053 783 1224 834 proficis-

106 856 247 892 centeS,
265 862 379 898 quam
394 850 610 885 summatim
629 850 811 898 regionis,
830 862 912 898 quae
933 848 1110 884 intranda
1129 855 1223 890 erat,

105 919 279 950 naturam
299 926 342 950 ac
362 915 519 950 nomina
543 915 757 965 principum
777 914 815 949 in
842 912 992 964 populis
1019 925 1196 963 accepere
1211 928 1221 958 3

103 989 152 1013 ne
171 990 245 1026 qua
274 977 373 1014 inter
402 977 605 1027 conloquia
634 978 774 1027 insigni
801 984 896 1013 nota
921 977 1140 1012 haesitantes
1161 976 1225 1012 de-

104 1041 287 1092 prehendi
310 1048 478 1091 possent.
522 1042 606 1078 Iere
634 1041 816 1092 pastorali
841 1040 991 1084 habitu,
1013 1040 1223 1089 agrestibus

104 1105 204 1149 telis,
241 1105 401 1143 falcibus
437 1108 621 1156 gaesisque
657 1106 757 1143 binis
793 1107 942 1143 armati.
1000 1105 1073 1141 Sed
1101 1117 1225 1154 neque

105 1170 372 1207 commercium
402 1171 555 1219 linguae,
576 1184 647 1207 nec
666 1172 780 1207 vestis
809 1183 1047 1207 armorumve
1066 1169 1220 1206 habitus

105 1235 160 1270 sic
180 1247 242 1271 eos
267 1236 375 1278 texit,
398 1249 510 1285 quam
531 1237 632 1285 quod
656 1235 889 1272 abhorrebat
919 1235 965 1272 ab
987 1235 1072 1278 fide,
1093 1247 1223 1283 quem-

104 1312 218 1348 quam
238 1306 436 1336 externum
456 1300 641 1337 Ciminios
671 1300 787 1336 saltus
811 1301 1052 1337 intraturum.
1092 1299 1223 1353 Usqug

102 1364 151 1399 ad
171 1364 362 1400 Camertes
395 1364 560 1401 Umbros
587 1372 804 1416 penetrasse
827 1366 1026 1402 dicuntur:
1060 1364 1127 1408 ibi,
1155 1364 1223 1414 qui

103 1434 243 1471 essent,
263 1428 376 1464 fateri
401 1429 622 1466 Romanum
641 1443 796 1467 ausum:
830 1430 1164 1478 introductumque
1183 1429 1223 1465 in

103 1492 276 1527 senatum
295 1492 459 1529 consulis
479 1493 602 1530 verbis
625 1495 747 1542 egisse
767 1493 812 1530 de
833 1494 1017 1529 societate
1036 1494 1223 1530 amicitia·

101 1567 197 1603 que:
230 1562 342 1605 atque
371 1558 457 1593 inde
483 1559 582 1594 comi
611 1559 780 1607 hospitio
811 1565 1022 1607 acceptum,
1043 1558 1224 1593 nunciare

100 1618 286 1655 Romanis
307 1619 471 1669 jussum,
499 1628 753 1657 commeatum
780 1622 963 1657 exercitui
983 1622 1128 1657 dierum
1154 1622 1224 1656 tri-

101 1683 209 1730 ginta
227 1690 366 1733 praesto
386 1684 482 1728 fore,
503 1686 534 1720 si
555 1698 599 1721 ea
624 1684 709 1720 loca
728 1686 931 1730 intrasset5
957 1684 1222 1734 juventutem·

102 1759 173 1795 que
203 1748 437 1784 Camertium
473 1748 706 1785 Umbrorum
735 1749 774 1785 in
805 1750 917 1785 armis
949 1756 1121 1799 paratam
1151 1751 1222 1786 im-

101 1812 206 1859 perio
241 1811 419 1848 futuram.
477 1813 573 1849 Haec
603 1827 719 1862 quum
749 1814 869 1850 relata
899 1814 1046 1850 consuli
1080 1822 1219 1858 essent,

100 1875 365 1924 inpedimentis
380 1877 503 1926 prima
518 1877 646 1926 vigilia
661 1879 878 1927 praeinissiS,
899 1877 1114 1926 legionibus
1134 1886 1223 1929 post

101 1938 358 1988 inpedimenta
385 1941 438 1975 ire
461 1939 593 1990 jussis,
615 1941 694 1990 ipse
720 1941 891 1977 substitit
918 1955 1004 1978 cum
1024 1943 1218 1991 equitatu:

101 2008 153 2045 et,
186 2002 267 2038 luce
297 2011 396 2047 orta,
434 2012 588 2054 postero
627 2006 686 2042 die
724 2006 959 2056 obequitavit
991 2007 1220 2044 stationibus

103 2067 284 2110 hostium,
323 2081 405 2116 quae
443 2077 551 2106 extra
587 2070 724 2107 saltum
763 2071 954 2121 dispositae
993 2079 1125 2108 erant:
1168 2080 1219 2115 et,

101 2143 218 2180 quum
247 2133 336 2167 satis
357 2133 420 2168 diu
439 2135 623 2171 tenuisset
651 2136 815 2177 hostem,
839 2137 876 2172 in
907 2145 1031 2172 castra
1060 2149 1140 2172 sese
1162 2150 1219 2172 rc-

101 2195 225 2245 cepit3
258 2203 443 2246 portaque
476 2198 595 2235 altera
628 2212 815 2248 egressus,
850 2208 938 2236 ante
972 2208 1124 2236 noctem
1154 2213 1221 2249 ag-

98 2272 183 2295 men
215 2261 446 2310 adsequitur.
490 2265 652 2300 Postero
673 2265 747 2308 die,
768 2265 851 2301 luce
881 2265 1126 2316 p1·i111a‚juga
1157 2266 1221 2302 Ci-

99 2323 206 2360 minii
228 2327 365 2361 montis
391 2327 568 2364 tenebat:
604 2329 705 2371 inde,
728 2330 1009 2381 contemplatus
1038 2331 1222 2382 opulenta

620 2392 699 2428 D4

1236 271 1328 301 U.C.
1345 276 1418 299 444.

1237 315 1276 345 A.
1291 313 1325 344 C.
1346 320 1418 342 408.
