1527 2661
380 234 532 262 LIBER
555 233 662 262 XXI.
694 231 800 260 CAP.
826 232 904 260 Lx.
1112 233 1191 275 219

89 334 148 360 me
168 323 240 360 diei
266 324 360 359 hora
378 329 472 365 erat,
493 335 608 371 quum
626 321 837 363 Romanus,
858 319 1109 368 nequidquam
1133 321 1190 357 fa·
1203 327 1245 357 U.
1255 326 1292 357 C.
1310 332 1383 357 ⁵84.

89 388 212 436 tigato
230 387 363 430 milite,
381 393 582 437 postquam
600 385 704 422 nulla
723 397 805 434 spes
823 389 903 420 erat
920 384 1095 434 potiundi
1110 397 1190 420 cas-
1202 371 1242 401 A·
1255 369 1291 400 C·
1308 376 1381 400 ²¹⁸·

87 451 169 492 tris,
200 450 348 499 signum
379 450 546 500 receptui
578 448 692 485 dedit.
749 445 863 486 Quod
898 446 963 483 ubi
994 446 1191 484 Hannibal

88 514 247 564 accepit,
277 513 516 562 laxatamque
544 525 708 562 pugnam
737 518 775 547 et
798 523 984 547 recessum
1011 523 1033 547 a
1058 512 1189 548 castris

87 577 194 620 vidit,
216 577 404 627 extemplo
427 577 615 626 equitibus
644 576 787 614 dextra¹
803 574 969 623 laevaque
988 576 1130 612 emissis
1150 577 1190 612 in

88 640 250 683 hostem,
281 641 359 691 ipse
392 653 476 677 cum
509 639 678 690 peditum
709 638 846 675 robore
878 638 1020 674 medius
1059 640 1189 676 castris

89 703 233 753 erupit:
266 715 394 753 pugna
413 715 497 739 raro
524 701 599 738 ulla
620 702 739 749 magis
761 713 871 744 sceva,
892 707 930 737 et
948 714 1033 737 cum
1053 703 1190 739 utrius-

88 778 160 814 que
192 767 307 816 partis
337 767 501 816 pernicie
530 765 666 801 clarior
693 763 839 807 fuisset,
870 765 900 800 si
929 766 1079 801 extendi
1108 779 1191 804 eam

87 828 163 864 dies
196 829 236 864 in
268 829 424 878 longum
454 829 617 878 spatium
654 827 812 864 sivisset.
868 827 961 864 Nox
991 841 1192 867 accensum

88 892 302 941 ingentibus
332 892 465 929 animis
497 891 674 942 proelium
704 891 876 927 diremit:
912 892 1040 941 itaque
1069 895 1193 930 acrior

87 968 290 993 concursus
309 956 394 1000 fuit,
416 969 528 1008 quam
544 956 661 993 caedes
679 971 689 1001 3
721 961 772 999 et,
793 956 890 991 sicut
909 962 1056 1005 aequata
1073 957 1191 995 ferme

88 1032 216 1070 pugna
234 1027 327 1065 erat,
348 1022 402 1058 ita
421 1020 525 1057 clade
544 1020 625 1070 pari
652 1019 854 1055 discessum
873 1026 930 1055 est
948 1035 955 1055 :
988 1019 1035 1058 ab
1057 1028 1191 1058 neutra

89 1090 195 1134 parte
232 1085 417 1121 sexcentis
454 1083 536 1134 plus
571 1083 774 1134 peditibus,
812 1089 851 1120 et
886 1083 1079 1120 dimidium
1111 1085 1191 1136 ejus

89 1149 257 1197 equitum
278 1149 425 1186 cecidit.
456 1148 528 1185 Sed
545 1147 667 1198 major
685 1147 885 1192 Romanis,
902 1161 1013 1197 quam
1033 1162 1102 1198 pro
1122 1162 1191 1186 nu-

89 1224 207 1255 mero,
230 1211 381 1262 jactura
410 1213 501 1250 fuit:
535 1213 623 1262 quia
651 1213 832 1262 equestris
862 1212 1003 1248 ordinis
1033 1214 1191 1263 aliquot,

90 1281 127 1311 et
159 1275 301 1312 tribuni
333 1276 494 1313 militum
526 1277 706 1325 quinque,
737 1283 775 1312 et
806 1275 975 1327 praefecti
1004 1279 1193 1315 sociorum

89 1344 178 1382 tres,
199 1348 285 1378 sunt
305 1341 506 1378 interfecti.
563 1340 776 1377 Secundum
795 1352 876 1378 eam
896 1353 1062 1391 pugnam
1081 1341 1191 1379 Han-

90 1402 193 1439 nibal
229 1404 268 1439 in
304 1403 478 1452 Ligures,
518 1403 760 1453 Sempronius
803 1402 949 1440 Lucam
993 1406 1193 1442 concessit.

89 1465 266 1502 Venienti
298 1468 338 1504 in
365 1466 525 1515 Ligures
553 1465 764 1502 Hannibali
796 1479 863 1516 per
892 1467 1044 1504 insidias
1075 1468 1191 1504 inter-

88 1530 187 1580 cepti
207 1530 280 1566 duo
299 1537 502 1579 quaestores
533 1529 713 1573 Romani,
741 1530 784 1567 C.
804 1529 956 1567 Fulvius
984 1538 1022 1567 et
1046 1531 1094 1568 L.
1112 1531 1192 1567 Lu-

88 1594 240 1637 cretius,
270 1606 355 1630 cum
387 1593 533 1630 duobus
562 1593 723 1630 tribunis
753 1594 929 1638 militum,
961 1602 999 1631 et
1027 1596 1192 1644 quinque

89 1659 270 1706 equestris
290 1658 430 1694 ordinis
449 1664 666 1694 senatorum
683 1657 801 1694 ferme
820 1657 961 1702 liberis,
979 1672 1054 1707 quo
1073 1660 1192 1707 magis

91 1727 211 1757 ratam
235 1721 317 1758 fore
343 1734 429 1761 cum
454 1722 511 1757 his
536 1734 668 1772 pacem
694 1723 988 1770 societatemque
1010 1722 1190 1766 crederet,

87 1785 298 1821 traduntur.

144 1848 231 1884 LX.
261 1848 363 1884 Dum
382 1850 462 1885 haec
480 1848 520 1884 in
539 1848 653 1886 Italia
677 1856 872 1898 geruntur,
901 1850 970 1887 Cn.
992 1849 1188 1886 Cornelius
1204 1858 1263 1889 Res
1280 1865 1375 1899 gesta

91 1911 231 1961 Scipio,
252 1912 290 1947 in
313 1911 537 1961 Hispaniam
557 1925 641 1948 cum
663 1912 780 1949 classe
800 1919 837 1949 et
857 1914 1021 1950 exercitu
1041 1914 1188 1956 missus,
1202 1902 1294 1951 ἴση·
1310 1903 1379 1952 §ci-

90 1988 217 2023 quum,
252 1974 298 2010 ab
333 1975 431 2010 ostio
464 1974 643 2011 Rhodani
675 1975 881 2025 profectus,
915 1955 1367 2030 Py1·enaeosquei)1¹{>sr;,{r¹32,

90 2046 236 2076 montes
267 2040 549 2083 circumvectus,
578 2041 769 2091 Emporiis
795 2040 998 2091 adpulisset
1017 2041 1187 2086 classem,

89 2105 262 2154 exposito
295 2104 347 2140 ibi
377 2106 557 2148 exercitu,
590 2116 696 2140 orsus
730 2117 752 2140 a
787 2105 1003 2147 Lacetanis,
1037 2118 1188 2142 omnem

89 2179 193 2203 oram
221 2180 339 2218 usque
368 2169 414 2204 ad
442 2168 593 2204 Iberum
622 2168 774 2211 flumen,
803 2169 939 2219 partim
965 2172 1187 2207 renovandis

89 2231 347 2274 societatibus,
367 2232 504 2281 partim
523 2232 629 2267 novis
656 2232 908 2275 instituendis,
928 2232 1112 2269 Romanae
1132 2233 1188 2269 di·

91 2294 204 2329 tionis
223 2293 325 2331 feeit.
359 2294 453 2330 Inde
468 2294 670 2330 conciliata
688 2295 894 2331 clementiae
911 2295 1024 2338 fama,
1045 2308 1122 2331 non
1142 2296 1189 2331 ad

91 2357 294 2394 maritimos
314 2358 427 2396 modo
446 2357 620 2410 popuIOS,
642 2358 718 2401 sed,
740 2359 777 2395 in
798 2359 1074 2398 mediterraneis
1094 2361 1187 2408 quo'-

603 2421 637 2457 L
656 2423 679 2458 2
