1527 2661
386 207 541 238 mena
564 206 708 239 xxw.
743 206 848 238 ων.
870 207 916 238 v.
1125 208 1208 253 375

92 301 164 337 'cile
192 307 271 338 erat
298 303 585 351 nonagesimum
608 302 690 352 jam
717 304 843 352 agenti
870 292 1024 345 ⁴annum,
1049 304 1207 340 circurn-

95 377 197 400 sesso
217 366 294 401 dies
314 373 520 415 noctesque
540 365 786 402 muliebribus
813 365 1021 408 blanditiis,
1049 366 1209 403 liberare

92 428 272 471 animum,
294 434 331 464 et
351 436 572 465 convertere
599 429 645 465 ad
675 429 866 478 publicam
894 430 1042 479 privata
1068 442 1209 467 curam.

91 490 226 540 Itaque
246 498 390 527 tutores
410 492 525 528 modo
547 491 761 540 quindecim
782 505 899 541 puero
920 492 1089 541 reliquit:
1114 502 1207 542 quos

88 562 262 606 precatus
284 563 340 592 est
360 557 539 598 moriens,
557 562 599 591 ut
618 555 730 591 fidem
751 566 839 604 erga
858 555 1038 606 populum
1058 556 1207 593 Roma-

88 630 194 662 num,
215 620 493 669 quinquaginta
522 632 642 655 annos
669 616 717 655 ab
745 632 783 655 se
809 620 963 662 cultam,
984 619 1206 656 inviolatam

89 688 294 726 servarent,
316 682 571 732 juvenemque
592 684 667 718 suis
694 684 932 733 potissimum
954 685 1119 732 vestigiis
1146 685 1206 721 in-

88 748 219 783 sistere
245 747 383 783 vellent
412 748 706 797 disciplinaeque,
737 749 775 783 in
805 761 879 797 qua
908 749 1063 784 edoctus
1093 756 1205 786 esset.

87 810 183 847 Haec
203 812 393 847 mandata.
427 812 555 849 Quum
575 812 815 860 exspirasset,
836 825 902 861 per
922 818 1065 848 tutores
1088 819 1205 849 testa*

84 881 215 911 mento
247 875 412 924 prolato,
443 888 635 924 pueroque
670 876 707 911 in
743 877 965 911 concionem
1000 877 1205 925 producto,

88 941 186 986 (erat
212 944 338 975 autem
365 940 577 988 quindecim
605 946 695 975 tunc
724 939 842 975 ferme
872 941 1076 987 annorum)
1108 953 1201 989 pau-

85 994 152 1045 cis,
173 1004 235 1051 qui
260 1016 327 1052 per
353 1004 576 1039 concionem
597 1004 643 1039 ad
670 1005 888 1040 excitandos
916 1004 1098 1040 clamores
1125 1004 1201 1040 dis-

84 1067 199 1116 positi
240 1072 360 1108 erant,
400 1067 699 1116 adprobantibus
744 1073 1027 1110 testamentum,
1067 1067 1200 1103 ceteris

86 1130 188 1166 velut
213 1137 320 1179 patre
347 1131 484 1166 amisso
512 1131 549 1166 in
578 1131 671 1167 orba
698 1132 850 1167 civitate
877 1132 1006 1167 omnia
1031 1131 1201 1166 timenti-

83 1193 168 1236 bus,
196 1193 308 1229 funus
335 1193 377 1228 fit
396 1195 556 1241 regium,
577 1195 696 1242 magis
721 1206 848 1229 amore
877 1194 1013 1229 civium
1041 1199 1078 1228 et
1105 1194 1200 1229 cari-

83 1263 175 1299 tate,
204 1270 315 1306 quam
346 1267 433 1292 cura
463 1259 631 1299 suorum,
660 1257 817 1293 celebre.
874 1257 1023 1292 Deinde
1053 1259 1199 1292 ceteros·

82 1327 226 1357 tutores
255 1321 453 1356 submovet
472 1321 784 1363 Andranodorus,
808 1319 988 1369 juvenem
1011 1320 1094 1369 jam
1118 1332 1198 1356 esse

81 1384 257 1420 dictitans
288 1384 581 1434 Hieronymum,
613 1398 655 1421 ac
686 1385 793 1433 regni
822 1391 1045 1434 potentem:
1079 1385 1196 1434 depo-

80 1449 280 1497 nendoque
299 1449 458 1484 tutelam
479 1450 571 1498 ipse,
591 1462 671 1497 quae
693 1461 777 1484 cum
797 1448 965 1498 pluribus
984 1449 1194 1484 communis

80 1517 173 1553 crat,
195 1513 231 1547 in
253 1524 291 1547 se
311 1524 426 1547 unum
444 1513 612 1548 omnium
633 1513 727 1549 vires
749 1514 948 1550 convertit.

133 1576 179 1612 V.
199 1576 275 1611 Vix
294 1577 444 1625 quidem
465 1576 530 1611 ulli
549 1576 652 1612 bono
672 1578 943 1626 moderatoque
966 1577 1044 1625 regi
1072 1577 1192 1613 facilis

80 1646 161 1675 erat
179 1639 286 1675 favor
308 1640 406 1689 apud
427 1641 697 1689 SyracusanOS,
719 1642 934 1677 succedenti
960 1649 1076 1676 tantae
1097 1642 1192 1676 cari-

78 1703 149 1738 tati
169 1703 349 1738 Hieronis
368 1718 376 1738 z
408 1717 536 1739 verum
564 1705 662 1739 enim
684 1717 770 1740 vero
797 1704 1069 1753 Hieronymus,
1091 1704 1192 1740 velut

1222 308 1311 338 U.C.
1331 315 1405 345 537.

1218 353 1258 382 A.
1275 350 1312 382 C.
1330 358 1404 384 215.

1206 1714 1396 1756 Hieronymi

78 1766 153 1801 suis
174 1767 274 1801 vitiis
303 1767 587 1802 desiderabilem
615 1767 759 1802 efficere
779 1767 891 1802 vellet
917 1780 1040 1810 avum,
1068 1768 1192 1817 primo
1203 1759 1291 1788 vitia.

79 1830 206 1865 statim
234 1836 453 1878 conspectu,
482 1831 609 1865 omnia
632 1843 743 1878 quam
770 1830 933 1879 disparia
961 1837 1100 1873 essent,
1128 1843 1191 1866 os-

76 1892 198 1927 tendit
216 1906 224 1926 :
258 1905 345 1927 nam
366 1893 429 1940 qui
450 1905 515 1942 per
543 1899 602 1927 tot
622 1905 741 1928 annos
768 1891 978 1928 Hieronem
999 1893 1193 1942 filiumque

76 1955 156 2005 ejus
172 1955 372 1998 Gelonem,
388 1968 458 1992 nec
474 1957 586 1991 vestis
608 1956 754 1998 habitu,
775 1969 844 1992 nec
861 1956 935 1992 alio
956 1956 1033 1992 ullo
1050 1957 1190 2005 insigni

73 2019 287 2055 differentes
325 2032 346 2055 a
383 2013 514 2055 ceteris
554 2020 695 2055 civibus
728 2021 922 2062 vidissent,
959 2032 1190 2069 conspexere

74 2095 292 2132 purpuram,
320 2095 363 2118 ac
389 2083 574 2125 diadema,
603 2096 646 2118 ac
673 2083 851 2119 satellites
873 2089 1062 2127 armatos3
1096 2095 1188 2131 qva-

74 2147 263 2194 drigisque
283 2147 397 2182 etiam
417 2146 588 2182 alborum
609 2160 789 2195 equorum
810 2147 999 2182 interdum
1019 2159 1064 2182 ex
1085 2147 1190 2194 regia

75 2211 354 2259 procedentem,
389 2223 496 2246 more
529 2209 706 2259 Dionysii
739 2211 902 2260 tyranni.
960 2210 1076 2245 Hunc
1110 2216 1188 2245 tam

74 2274 276 2322 superbum
307 2274 529 2323 adparatum
558 2274 806 2323 habitumque
835 2274 1101 2309 convenientes
1130 2285 1188 2308 se-

75 2327 286 2384 quebanttu·
309 2343 534 2374 ‘contemtus
564 2337 734 2375 omnium
768 2338 980 2382 hominum,
1016 2334 1186 2387 superbae
