1527 2661
282 228 435 257 LIBER
459 225 616 254 XXIII.
648 224 755 252 CAP.
781 223 971 251 XXXIII·
1099 220 1179 264 347

79 330 274 355 censuram.
329 317 390 353 Ne
410 314 633 367 praetoribus
654 313 818 362 quidem,
834 313 895 361 qui
917 311 963 347 ad
976 310 1040 360 jus
1057 310 1183 347 dicen-
1197 312 1238 341 U·
1253 310 1290 340 C·
1306 315 1379 344 ⁵37·

80 382 169 419 dum
195 382 310 418 creati
336 388 457 424 erant,
488 379 636 416 vacatio
666 378 713 414 ab
740 376 829 413 belli
859 376 1186 412 administratione

81 447 169 483 data
194 452 263 483 est.
319 444 512 481 Valerium
539 449 739 493 praetorem
766 443 805 477 in
825 441 1001 490 Apuliam
1022 441 1075 475 ire
1105 439 1185 489 pla-

83 511 175 553 cuit,
196 510 241 546 ad
271 510 479 546 exercitum
503 521 526 545 a
549 507 732 544 Terentio
758 505 1039 556 accipiendum:
1072 517 1187 553 quum

84 586 131 610 ex
150 574 279 610 Sicilia
304 574 472 622 legiones
498 573 703 614 venissent,
734 572 778 606 iis
800 570 1038 620 potissimum
1068 569 1122 604 uti
1142 568 1189 605 ad

84 639 250 686 regionis
285 638 365 688 ejus
396 638 633 688 praesidium:
664 635 936 671 Terentianum
968 634 1068 669 mitti
1105 645 1191 669 cum

85 701 211 750 aliquo
231 701 454 750 legatorum.
510 701 563 736 Et
578 700 711 748 viginti
727 699 891 747 quinque
910 709 1022 733 naves
1041 696 1098 733 M.
1114 696 1191 732 Va-

85 764 179 800 lerio
197 766 292 801 datae
313 772 414 807 sunt,
431 764 566 813 quibus
583 776 687 799 oram
707 762 935 798 maritimam
954 761 1052 796 inter
1068 760 1193 796 Brun—

86 828 221 864 disium
242 841 286 864 ac
305 829 513 864 Tarentum
532 827 648 862 tutari
667 832 808 876 posset.
863 824 938 860 Par
956 825 1108 860 navium
1123 837 1194 859 nu-

87 904 210 928 merus
231 893 279 931 Q.
292 892 428 928 Fulvio
454 891 606 941 praetori
633 889 778 925 urbano
798 888 968 924 decretus
988 888 1036 923 ad
1063 888 1196 923 subur-

88 956 189 992 bana
206 956 321 993 litora
338 956 510 992 tutanda.
570 955 613 990 C.
633 954 814 989 Terentio
835 951 1053 1002 proconsuli
1078 964 1198 1000 nego-

89 1021 186 1056 tium
205 1021 348 1064 datum,
370 1027 412 1056 ut
431 1022 470 1056 in
489 1021 633 1056 Piceno
654 1031 746 1066 agro
763 1017 1081 1065 conquisitionem
1100 1017 1200 1052 mili-

89 1089 171 1120 tum
190 1084 360 1127 haberet,
380 1084 547 1132 locisque
567 1084 611 1118 iis
631 1082 806 1132 praesidio
819 1087 928 1117 esset.
974 1080 1026 1116 Et
1044 1080 1090 1116 T.
1106 1080 1203 1117 Ota·

94 1147 200 1183 cilius
221 1148 394 1190 Crassus,
414 1154 617 1196 postquam
643 1146 760 1181 aedem
779 1144 922 1180 Mentis
950 1145 988 1179 in
1010 1144 1203 1194 Capitolio

95 1211 296 1254 dedicavit,
323 1213 361 1247 in
383 1210 549 1246 Siciliam
575 1222 661 1245 cum
691 1209 863 1259 imperiO,
885 1209 948 1257 qui
973 1208 1083 1244 classi
1108 1222 1204 1260 prae-

96 1281 207 1317 esset,
228 1276 377 1311 missus.

151 1339 351 1376 XXXIII.
384 1339 429 1375 In
448 1339 546 1374 hanc
567 1338 848 1374 dimicationem
868 1337 1029 1373 duorum
1048 1338 1208 1388 opulen-

98 1403 329 1438 tissimorum
350 1403 386 1437 in
408 1403 516 1437 terris
537 1400 763 1451 populorum
784 1413 914 1436 omnes
934 1413 1039 1449 reges
1056 1408 1208 1449 gentes-

98 1478 170 1514 que
196 1466 342 1501 animos
368 1465 632 1501 intenderant:
665 1465 764 1499 inter
784 1476 878 1512 quos
897 1463 1094 1514 Philippus
1121 1465 1207 1501 Ma-

99 1528 283 1564 cedonum
303 1541 383 1571 rex,
404 1541 449 1564 eo
464 1529 598 1576 magis,
616 1527 717 1575 quod
736 1528 892 1576 propior
908 1526 1045 1571 Italiae,
1066 1541 1109 1564 ac
1129 1541 1208 1565 ina-

99 1594 131 1629 ri
153 1602 300 1630 tantum
320 1594 435 1630 Ionio
455 1594 637 1629 discretus
659 1599 750 1629 erat.
789 1592 826 1627 Is
848 1592 912 1628 ubi
932 1594 1094 1642 primum
1110 1593 1212 1630 fama

101 1659 260 1707 accepit,
295 1658 553 1694 Hannibalem
583 1658 699 1707 Alpes
730 1664 1021 1705 transgressum,
1050 1666 1092 1693 ut
1110 1658 1212 1694 bello

101 1723 200 1757 inter
231 1722 428 1758 Romanos
457 1722 693 1769 Poenumque
724 1729 810 1756 orto
840 1721 988 1756 laetatus
1020 1730 1115 1764 erat,
1143 1723 1211 1765 ita,

103 1786 221 1820 utrius
248 1785 377 1835 populi
405 1785 534 1821 mallet
553 1786 751 1821 victoriam
782 1797 879 1827 esse,
903 1786 1055 1821 incertis
1092 1787 1213 1823 adhuc

103 1848 259 1891 viribus,
283 1849 485 1884 fluctuatus
516 1849 642 1884 animo
671 1849 806 1885 fuerat,
863 1849 1071 1898 Postquam
1101 1852 1213 1886 tertia

1197 356 1238 386 A.
1250 353 1286 384 C.
1300 359 1374 383 215.

1226 1850 1389 1890 Philippus

99 1911 180 1961 jam
200 1925 342 1962 pugna,
368 1913 481 1948 tertia
501 1914 659 1948 victoria
688 1925 772 1948 cum
792 1913 922 1949 Poenis
950 1920 1043 1956 erat,
1068 1914 1113 1950 ad
1134 1915 1211 1951 for·
1225 1894 1433 1966 ἷὲχὸῗέξῖξῗξ,

104 1983 234 2012 tunam
256 1976 464 2018 inclinavit,
485 1976 706 2026 legatosque
732 1977 779 2012 ad
806 1976 1064 2013 Hannibalem
1084 1979 1185 2014 misit
1202 1995 1208 2015 z
1226 1980 1262 2009 tit
1278 1980 1316 2009 ad
1334 1980 1426 2008 Han-

105 2043 183 2090 qui,
219 2043 379 2078 vitantes
410 2051 541 2092 portus
574 2043 846 2079 Brundisinum
875 2044 1213 2093 Tarentinumque,

105 2106 192 2152 quia
223 2105 402 2140 custodiis
433 2106 583 2141 navium
612 2105 873 2143 Romanarum
902 2107 1142 2150 tenebantur,
1173 2109 1218 2144 ad

104 2168 272 2204 Laciniae
305 2169 469 2205 Junonis
499 2170 680 2219 templum
712 2172 750 2206 in
779 2177 917 2207 terram
948 2172 1087 2219 egressi
1118 2178 1217 2208 sunt.

108 2230 202 2266 Inde
222 2244 288 2281 per
308 2232 487 2282 Apuliam
509 2240 679 2282 petentes
701 2234 884 2283 Capuam,
906 2235 1028 2270 media
1055 2236 1094 2270 in
1124 2248 1219 2284 prae-

110 2294 207 2330 sidia
239 2294 416 2332 Romana
442 2296 549 2332 inlati
576 2304 683 2332 sunt:
715 2298 939 2347 deductique
966 2299 1012 2334 ad
1033 2299 1090 2334 M.
1111 2299 1219 2335 Vale-

109 2357 207 2394 rium
226 2357 425 2397 Laevinum
446 2356 660 2410 praetorem,
678 2362 777 2398 circa
793 2362 998 2399 Nuceriam
1015 2370 1137 2399 castra
1153 2364 1221 2400 ha-

623 2425 701 2464 Q6

1227 2022 1380 2052 nibalem.
