1527 2661
130 278 173 309 U.
185 277 221 308 C.
241 285 314 310 538.

129 322 170 355 Δ.
185 321 222 353 C.
239 328 314 355 214.

133 983 314 1014 Casilinum

133 1035 276 1066 captum.

322 184 406 227 394
779 185 824 213 Τ.
851 184 982 215 mvn

326 274 477 319 dienda,
497 275 551 311 ita
570 274 683 312 semel
704 275 890 324 adgressis
920 289 997 312 non
1028 273 1254 312 dimittenda
1273 286 1369 317 csse,
1390 273 1446 310 di—

327 339 462 382 cendo,
480 340 568 388 quia
588 351 727 387 magna
742 338 851 375 famae
872 347 1068 375 momenta
1088 340 1127 375 in
1148 345 1344 387 utramque
1362 349 1448 387 par-

326 409 404 439 tem
425 403 571 445 fierent,
593 403 730 445 tenuit,
746 416 794 438 ne
811 404 920 439 irrito
936 404 1089 453 incepto
1109 402 1288 439 abiretur.
1317 401 1449 437 Vineae

328 467 415 503 inde
425 468 628 516 omniaque
642 467 715 503 alia
728 480 884 517 operum
900 467 1300 516 machinationumque
1310 478 1450 515 genera

328 544 444 580 quum
474 531 778 573 admoverentur,
802 532 1063 582 Campanique
1090 531 1251 567 Fabium
1281 536 1449 573 orarent,

329 602 371 631 ut
391 595 494 633 abire
516 596 686 645 Capuam
709 601 793 632 tuto
812 595 967 642 liceret3
1000 597 1129 646 paucis
1150 595 1324 645 egressis,
1344 593 1452 630 Mar-

328 659 443 696 cellus
465 667 629 710 portam,
650 673 725 709 qua
745 659 1050 709 egrediebantur,
1076 660 1291 710 occupavit,
1313 658 1451 694 caedes-

328 738 401 774 que
419 726 633 775 promiscue
653 726 823 761 omnium
844 726 944 762 circa
963 732 1113 775 portam
1143 725 1280 775 primo,
1302 723 1451 765 deinde,

327 789 548 841 inruptione
566 790 681 833 facta,
696 791 810 827 etiam
826 791 865 827 in
880 790 971 827 urbe
983 790 1063 827 fieri
1082 796 1210 840 coepta
1228 795 1298 826 est.
1327 788 1452 828 Quin·

328 854 513 902 quaginta
532 854 609 890 fere
629 854 753 904 primo
780 855 921 903 egressi
943 855 1242 904 Campanorum,
1263 865 1380 903 quum
1406 852 1453 888 ad

327 918 490 955 Fabium
516 919 791 968 confugissent,
814 919 989 969 praesidio
1017 918 1097 969 ejus
1120 919 1292 968 Capuam
1319 929 1451 966 perve-

329 990 480 1021 nerunt.
538 983 762 1028 Casilinum,
792 984 890 1020 inter
915 984 1121 1033 conloquia
1147 983 1452 1020 cunctationem-

329 1061 401 1098 que
431 1048 642 1098 petentium
673 1048 798 1091 fidem,
829 1061 897 1098 per
922 1048 1164 1084 occasionem
1190 1052 1343 1096 captum
1370 1053 1450 1081 est:

329 1113 484 1163 captivi,
502 1114 640 1162 quique
657 1113 955 1163 Campanorum,
973 1113 1111 1161 quique
1131 1109 1361 1147 Hannibalis
1382 1110 1452 1146 mi—

328 1177 440 1214 litum
460 1184 582 1220 erant,
603 1177 769 1214 Romam
797 1178 915 1220 missi,
937 1183 1051 1226 atque
1078 1176 1131 1212 ibi
1158 1176 1198 1212 in
1219 1187 1368 1212 carcere
1394 1175 1453 1210 in-

330 1241 423 1277 clusi
440 1248 528 1277 sunt
544 1257 550 1277 z
575 1243 854 1292 oppidanorum
873 1242 987 1278 turba
1005 1254 1073 1291 per
1092 1241 1272 1277 finitimos
1290 1237 1452 1290 populos

330 1307 369 1341 in
390 1306 603 1342 custodiam
624 1307 755 1343 divisa.

385 1369 479 1406 XX.
510 1370 659 1409 Quibus
681 1370 812 1407 diebus
830 1383 852 1406 a
872 1369 1057 1412 Casilino,
1078 1382 1117 1405 re
1136 1368 1234 1405 bene
1253 1373 1375 1417 gesta,
1396 1379 1455 1403 re-

331 1446 477 1470 cessum
499 1440 568 1477 est,
584 1436 636 1471 eis
653 1435 848 1471 Gracchus
862 1436 900 1470 in
916 1433 1082 1471 Lucanis
1099 1432 1246 1481 aliquot
1261 1432 1453 1474 cohortes,

332 1499 369 1534 in
391 1511 435 1535 ea
454 1500 610 1547 regione
631 1501 880 1550 conscriptas,
902 1512 987 1534 cuni
1008 1497 1188 1549 praefecto
1210 1497 1401 1533 sociorum
1416 1496 1455 1531 in

332 1575 443 1611 agros
470 1564 638 1600 hostium
669 1565 879 1614 praedatum
905 1565 1032 1600 misit:
1067 1575 1130 1598 eos
1162 1562 1277 1598 effuse
1305 1561 1453 1611 palatos

332 1627 477 1663 Hanno
498 1628 668 1672 adortuS,
690 1628 790 1665 haud
811 1628 932 1665 multo
959 1628 1160 1669 minorem,
1182 1639 1294 1675 quam
1315 1625 1362 1662 ad
1380 1625 1456 1662 Be-

332 1699 537 1729 neventum
558 1702 768 1743 acceperat,
790 1693 952 1730 reddidit
970 1693 1074 1728 hosti
1103 1691 1262 1733 cladem,
1284 1697 1397 1739 atque
1417 1691 1455 1726 in

333 1757 507 1793 Bruttios
524 1760 676 1808 raptim,
691 1773 738 1796 ne
755 1759 950 1796 Gracchus
963 1759 1245 1806 adsequeretur,
1256 1756 1456 1793 concessit.

335 1822 535 1866 Consules,
555 1823 761 1860 Marcellus
781 1832 898 1867 retro,
920 1823 1019 1859 unde
1038 1828 1207 1865 venerat,
1228 1820 1370 1857 Nolam
1399 1833 1457 1857 re-

335 1889 413 1933 dit,
446 1888 586 1924 Fabius
609 1890 645 1924 in
668 1889 863 1925 Samnium
894 1888 939 1924 ad
969 1886 1207 1938 populandos
1229 1898 1340 1934 agros
1361 1886 1456 1921 reci-

336 1954 566 2003 piendasque
596 1954 724 1995 armis,
755 1966 837 2002 quae
868 1952 1099 1993 defecerant,
1119 1950 1230 1986 urbes
1260 1950 1455 2000 processit,

337 2017 529 2053 Caudinus
564 2017 711 2052 Samnis
746 2017 894 2066 gravius
925 2016 1140 2052 devastatus
1158 2030 1168 2059 3
1207 2014 1351 2064 perusti
1380 2012 1458 2049 late

337 2082 431 2131 agri,
452 2082 587 2131 praedae
609 2082 791 2131 pecudum
812 2081 1086 2129 hominumque
1109 2086 1202 2115 actae
1222 2094 1229 2115 ι
1262 2078 1402 2128 oppida
1422 2078 1457 2114 vi

338 2154 463 2197 capta,
496 2146 770 2196 Compulteria,
802 2146 965 2189 Telesia,
998 2146 1178 2195 Compsa,
1207 2142 1336 2186 Melae,
1367 2141 1456 2179 Ful-

338 2211 425 2247 fulae
455 2217 493 2247 et
518 2210 789 2246 Orbitanium:
823 2223 869 2245 ex
897 2209 1065 2246 Lucanis
1094 2208 1277 2245 Blandae:
1309 2206 1456 2257 Apulo-

338 2289 420 2311 rum
439 2276 547 2312 AEcae
568 2275 810 2325 obpugnatae.
840 2274 966 2311 Milli-a
985 2274 1152 2310 hostium
1174 2273 1211 2308 in
1227 2272 1284 2307 his
1302 2271 1456 2307 urbibus

341 2341 472 2388 viginti
490 2341 655 2390 quinque
676 2347 801 2391 capta,
818 2347 883 2377 aut
902 2340 1029 2376 occisa
1048 2354 1054 2376 :
1079 2345 1117 2375 et
1136 2337 1276 2390 recepti
1293 2335 1459 2388 perfugae
