1507 2630
446 157 600 187 LIBER
626 156 696 186 lx.
729 154 835 184 CAP.
859 154 906 182 v.
1213 151 1239 193 9

118 251 252 286 caritas
265 249 398 298 patriae
415 251 478 290 est,
498 252 540 283 ut
560 251 635 282 tam
662 245 858 293 ignominia
876 254 970 284 eam,
992 253 1097 290 quam
1121 245 1337 320 martegg.
1358 250 1434 276 433.

1279 311 1286 318 .
1331 311 1338 318 .
1356 293 1430 321 319.

116 318 252 356 nostra,
271 314 301 348 si
316 324 403 360 opus
419 313 479 354 sit,
493 321 678 346 servemus.
721 308 900 344 Subeatur
919 317 1002 353 ergo
1021 306 1103 348 ista,
1120 316 1233 353 quan-

119 382 306 425 tacumque
324 381 388 419 est,
409 377 605 423 indignitas
615 391 628 418 ,-
657 378 691 409 et
707 376 882 421 pareatur
898 369 1110 411 necessitati,
1128 381 1236 417 quam

117 454 161 477 ne
179 442 250 477 Dii
269 442 410 490 quidem
437 444 618 489 superant.
648 438 717 480 Ite,
746 436 915 478 consules,
936 435 1100 471 redimite
1127 435 1238 469 armis

118 507 312 548 civitatem,
333 517 441 553 quam
460 516 551 539 auro
571 500 720 548 majores
738 502 847 536 vestri
865 500 1101 535 redemerunt.

174 569 221 606 V.
252 567 437 604 Consules
457 567 619 618 profecti
639 566 686 602 ad
711 565 893 601 Pontium
920 565 958 598 in
978 561 1238 611 conloquium,
1250 566 1434 606 Accipiun..

1252 620 1315 644 tur.

121 645 236 682 quum
261 632 306 667 de
334 631 476 667 foedere
506 631 626 666 victor
655 629 830 677 agitaret,
861 632 1063 675 negarunt,
1094 625 1242 676 injussu

121 696 253 748 populi
275 695 398 731 foedus
422 695 501 730 fieri
531 705 664 743 posse:
697 704 768 728 nec
798 692 878 726 sine
907 690 1105 726 fecialibus
1138 702 1242 725 cere-

123 761 326 808 moniaque
353 758 427 794 alia
453 758 639 793 sollemni.
688 756 824 804 Itaque
843 767 936 797 non,
959 760 1002 790 ut
1026 753 1142 802 vulgo
1163 766 1244 789 cre-

123 826 230 869 dunt,
253 825 508 873 Claudiusque
537 824 651 859 etiam
671 822 816 864 scribit,
837 820 981 857 foedere
1009 833 1085 870 pax
1105 819 1245 856 Caudi-

122 904 186 935 na,
207 890 272 927 sed
300 903 367 940 per
396 889 657 939 sponsionem,
677 886 781 923 facta
808 893 877 922 est.
925 885 1029 924 Quid
1058 884 1160 920 euim
1179 891 1246 921 aut

125 954 371 1006 sponsoribus
393 955 433 989 in
452 953 595 989 foedere
615 964 710 1002 opus
732 958 833 988 esset
860 956 927 987 aut
945 949 1157 992 obsidibus,
1178 947 1246 984 ubi

124 1020 343 1072 precatione
371 1030 429 1054 res
459 1017 708 1066 transigitur?
734 1029 801 1065 per
830 1028 934 1065 quem
960 1015 1138 1064 populum
1153 1013 1244 1062 fiat,

124 1098 191 1134 quo
208 1085 325 1129 minus
354 1083 486 1130 legibus
505 1083 608 1118 dictis
635 1086 762 1124 stetur,
784 1086 822 1117 ut
842 1093 921 1117 eum
942 1082 997 1115 ita
1014 1079 1163 1127 Jupiter
1179 1076 1246 1125 fe-

125 1152 212 1192 riat,
232 1149 529 1197 quemadmodum
548 1160 572 1182 α
579 1146 776 1195 fecialibus
792 1158 922 1194 porcus
929 1144 1107 1194 feriatur.
1149 1142 1256 1192 Spo-·

128 1214 344 1266 ponder-unt
368 1211 556 1254 consules,
582 1211 714 1259 legati,
736 1217 956 1258 quaestores,
978 1208 1123 1243 tribuni
1149 1206 1250 1242 mili-

129 1284 234 1322 tum5
267 1276 497 1323 nominaque
534 1275 719 1316 omnium,
752 1274 816 1321 qui
847 1271 1149 1322 spoponderunt,
1185 1283 1250 1307 ex-

129 1347 253 1379 stant:
287 1339 365 1383 ubi,
387 1340 419 1374 si
442 1351 487 1374 ex
507 1337 650 1374 foedere
671 1344 756 1373 aeta
781 1349 839 1372 res
866 1343 978 1380 esset,
999 1342 1255 1386 praeterquam

132 1405 291 1443 duorum
319 1402 526 1445 fecialium,
560 1414 640 1437 non
674 1407 893 1446 exstarent3
928 1406 964 1436 et
995 1406 1151 1450 propter
1183 1412 1251 1436 ne-

131 1469 332 1507 cessariam
350 1467 502 1504 foederis
522 1466 746 1503 dilationem
765 1464 916 1502 obsides
938 1465 1053 1501 etiam
1081 1465 1252 1501 sexcenti

132 1533 276 1582 equites
303 1532 492 1582 imperati,
523 1531 587 1579 qui
618 1531 743 1581 capite
772 1528 936 1572 luerent,
967 1529 999 1564 si
1027 1535 1143 1578 pacto
1171 1541 1252 1565 non

134 1604 309 1634 staretur.
350 1595 519 1645 Tempus
540 1595 627 1630 inde
643 1601 830 1630 statutum
852 1593 1042 1630 tradendis
1055 1593 1259 1630 obs-idibus

133 1662 375 1710 exercituque
394 1660 530 1695 inermi
549 1659 752 1697 mittendo.
791 1658 1088 1708 Redintegravit
1106 1657 1259 1694 luctum

133 1726 174 1762 in
193 1725 325 1761 castris
346 1722 544 1759 consulum
568 1722 765 1765 adventus,
787 1730 829 1758 ut
858 1723 921 1757 vix
941 1722 987 1758 ab
1008 1723 1053 1757 iis
1084 1721 1253 1757 abstine-

135 1796 220 1825 rent
248 1799 396 1831 manus,
417 1799 578 1836 quorum
607 1787 821 1823 temeritate
851 1787 889 1822 in
920 1798 1006 1821 eum
1034 1785 1161 1821 locum
1187 1786 1252 1822 de-

137 1854 240 1890 ducti
279 1859 427 1898 esseut3
460 1865 621 1901 quorum
658 1853 810 1900 ignavia
838 1851 977 1888 foedius
1006 1852 1108 1895 inde,
1139 1865 1253 1901 quam

135 1918 339 1960 venissent,
358 1916 519 1953 abituri:
554 1916 626 1952 illis
646 1929 725 1953 non
738 1917 871 1953 ducem
887 1916 1073 1960 locorum,
1092 1929 1170 1952 non
1187 1929 1252 1953 ex-

134 1980 365 2032 ploratorem
380 1980 519 2017 fuisse:
542 1979 753 2016 belluarum
773 1981 887 2016 modo
908 1992 1026 2016 caecos
1047 1982 1086 2016 in
1102 1980 1261 2018 foveam.

137 2045 291 2083 missos..
326 2044 408 2082 Alii.
434 2043 528 2081 alios
563 2045 716 2088 intueri,
746 2044 996 2094 contemplari
1030 2056 1135 2080 arma
1162 2057 1254 2081 mox

134 2109 337 2151 tradenda„
368 2115 405 2144 et
442 2108 604 2144 inermes
633 2108 779 2144 futuras
809 2108 976 2151 dextraS,
1011 2108 1254 2156 obnoxiaque

139 2186 299 2224 corpora
316 2173 443 2209 hosti:
475 2185 690 2222 proponere
721 2172 874 2208 sibimet
904 2173 974 2222 ipsi
1004 2179 1093 2208 ante
1123 2172 1253 2208 oculos

131 2236 268 2288 jugum
286 2237 441 2280 hostile,
464 2245 501 2273 et
524 2237 689 2273 ludibria
718 2238 889 2280 victoris,
911 2245 948 2273 et
967 2236 1092 2272 vultus
1124 2249 1254 2286 super-

137 2301 226 2347 bos,
243 2310 281 2338 et
308 2315 374 2353 per
404 2309 568 2339 armatos
599 2302 800 2338 inermium
830 2303 911 2338 iter.
953 2300 1047 2338 Inde
1065 2300 1157 2338 foedi
1188 2313 1256 2351 ag-

655 2364 729 2401 135
