1527 2661
347 233 507 262 LIBER
533 232 607 261 lx.
643 230 752 260 CAP.
774 229 882 258 XVI.
1121 224 1181 270 25·

53 322 287 373 acceperant,
315 335 393 358 rem
423 322 564 371 gessit:
596 332 685 357 nam
704 332 820 369 quum
849 317 897 354 ad
922 316 1065 353 moenia
1093 316 1161 353 Sa-
1176 318 1266 348 U.C-
1282 325 1357 349 ⁴³5.

52 387 138 423 trici
163 386 336 422 admotus
364 391 462 421 esset
488 385 689 427 exereitus,
720 383 943 431 legatisque,
965 381 1087 417 missis
1115 380 1162 417 ad
1177 362 1212 392 A·
1228 362 1266 392 C·
1282 366 1357 394 ³¹7‘

50 462 182 501 pacem
200 463 284 486 cum
304 449 477 500 precibus
500 449 713 499 petendam,
734 448 843 482 triste
872 457 1094 495 responsum
1114 444 1162 481 ab

50 513 205 550 consule
230 514 418 550 redditum
446 519 558 556 esset,
579 515 648 549 nisi
671 512 840 560 praesidio
859 511 1079 547 Samnitium
1106 511 1163 545 in-

51 578 199 628 terfecto
218 584 284 615 aut
303 580 454 621 tradito,
470 590 514 614 ne
528 579 577 613 ad
594 589 629 613 se
647 580 868 617 remearent;
888 573 970 624 plus
992 586 1038 609 ea
1055 585 1162 617 voce,

51 655 164 692 quam
183 643 295 678 armis
324 641 466 685 inlatis,
486 641 640 677 terroris
670 639 814 676 colonis
844 637 1038 688 injectum.
1082 636 1162 673 Ita-

51 718 124 755 que
143 705 301 741 subinde
321 711 567 754 exsequentes
587 703 789 753 quaerendo
809 715 832 739 a
851 700 1005 738 consule
1029 700 1160 751 legati,

50 781 215 818 quonam
235 780 275 804 se
294 774 407 818 pacto
429 780 569 819 paucos
589 774 628 804 et
652 767 821 804 infirmos
841 766 1009 802 crederet
1033 766 1163 815 praesi-

50 833 113 870 dio
131 838 211 869 tam
238 832 364 869 valido
383 838 422 869 et
449 837 595 869 armato
621 832 697 867 vim
726 830 932 872 adlaturos,
954 829 1001 866 ab
1032 828 1165 866 iisdem

47 896 247 933 consilium
265 902 393 947 petere
405 895 519 947 jussi,
539 895 675 945 quibus
704 893 922 932 auctoribus
948 893 1166 944 praesidium

50 961 90 998 in
105 960 236 997 urbem
249 962 496 1011 accepissent,
514 960 711 996 discedunt
726 974 734 995 :
769 971 941 1009 aegreque
956 959 1163 1009 inpetrato,

50 1030 94 1061 ut
111 1024 157 1061 de
177 1037 221 1061 ea
248 1037 288 1061 re
308 1023 455 1061 consuli
481 1030 668 1068 senatum,
689 1035 948 1074 responsaque
974 1022 1022 1059 ad
1047 1034 1086 1059 se
1105 1035 1164 1058 re-

50 1089 140 1126 ferri
159 1088 312 1132 sineret,
334 1088 381 1125 ad
410 1101 497 1125 suos
517 1088 688 1126 redeunt.
721 1087 820 1124 Duae
839 1087 1024 1125 factiones
1055 1098 1167 1123 sena-

49 1158 133 1189 tum
169 1152 424 1198 distinebant3
465 1165 554 1196 una,
593 1151 699 1202 cujus
732 1152 921 1202 principes
959 1157 1068 1188 erant
1100 1150 1165 1188 de-

51 1216 229 1252 fectionis
249 1229 272 1251 a
295 1215 438 1265 populo
466 1215 646 1252 Romano
675 1222 876 1261 auctores;
909 1214 1042 1258 altera,
1072 1213 1163 1252 fide-

52 1279 145 1316 lium
165 1280 325 1316 civium:
359 1286 543 1316 certatum
563 1279 609 1317 ab
629 1280 798 1329 utrisque
816 1285 945 1315 tamen
965 1285 1036 1323 est,
1057 1285 1100 1315 ut
1119 1278 1167 1315 ad

52 1343 370 1380 reconciliandam
385 1356 517 1394 pacem
537 1342 683 1380 consuli
698 1355 814 1393 opera
829 1348 1042 1379 navaretur.
1072 1342 1166 1378 Pars

53 1407 171 1444 altera
193 1410 325 1457 (quum
345 1408 560 1459 praesidium
585 1407 826 1450 Samnitium,
848 1407 936 1456 quia
954 1405 1051 1442 nihil
1073 1407 1174 1443 satis·

51 1473 251 1523 praeparati
276 1479 357 1509 erat
385 1472 434 1509 ad
451 1469 689 1508 obsidionem
717 1470 966 1514 tolerandam,
988 1482 1164 1507 excessu-

49 1548 131 1572 rum
160 1536 333 1585 proxima
359 1541 473 1572 nocte
502 1535 617 1581 esset)
653 1535 855 1570 enunciare
891 1533 1039 1571 consuli
1071 1535 1162 1571 satis

50 1600 197 1643 habuit,
219 1612 293 1649 qua
320 1601 444 1636 noctis
469 1600 578 1643 hora,
600 1613 748 1648 quaque
777 1605 902 1650 porta,
924 1605 963 1636 et
982 1612 1095 1649 quam
1124 1601 1164 1636 in

51 1664 150 1700 viam
176 1677 391 1713 egressurus
420 1665 540 1700 hostis
560 1663 682 1700 foret:
715 1663 847 1708 altera,
869 1663 1004 1713 quibus
1034 1664 1162 1700 invitis

53 1728 236 1764 descitum
265 1728 312 1764 ad
344 1728 531 1764 Samnites
566 1734 660 1770 erat,
696 1727 826 1763 eadem
861 1732 976 1763 nocte
1011 1734 1162 1778 portam

54 1792 167 1828 etiam
187 1791 333 1827 consuli
363 1797 604 1841 aperuerunt,
637 1797 876 1840 armatosque
906 1790 1002 1828 clam
1031 1791 1160 1829 hostes

52 1856 92 1891 in
109 1854 239 1891 urbem
260 1860 498 1904 acceperunt.
541 1853 602 1889 Ita
621 1854 759 1904 duplici
778 1855 994 1905 proditione
1009 1862 1046 1892 et
1065 1869 1161 1907 prae-

52 1918 186 1954 sidium
213 1917 453 1961 Samnitium,
484 1918 634 1954 insessis
665 1919 764 1955 circa
791 1920 890 1955 viam
927 1919 1159 1958 silvestribus

49 1981 156 2025 locis,
184 1982 413 2032 necopinato
443 1982 664 2032 obpressum
693 1988 764 2026 est,
786 1989 823 2019 et
850 1983 898 2020 ab
926 1970 1020 2021 urbe
1047 1984 1160 2035 plena

50 2046 215 2082 hostium
236 2045 378 2082 clamor
403 2046 572 2082 sublatus
586 2063 596 2092 5
629 2055 898 2097 momentoque
917 2050 1027 2085 unius
1053 2051 1157 2088 horae

48 2120 163 2145 caesus
190 2108 352 2152 Samnis,
383 2110 599 2146 Satricanus
630 2117 776 2160 captus,
797 2117 835 2147 et
863 2113 992 2148 omnia
1020 2114 1058 2150 in
1088 2129 1159 2166 po-

0 2214 2 2219 Ι
44 2179 182 2209 testate
200 2173 363 2210 consulis
390 2180 509 2211 erant,
551 2175 642 2218 Qui,
664 2177 872 2224 quaestione
896 2176 1041 2221 habita,
1062 2192 1157 2229 quo-

4 2264 5 2269 ,
49 2249 131 2273 rum
152 2249 268 2287 opera
296 2237 458 2274 defectio
488 2245 587 2275 esset
616 2239 731 2283 facta,
761 2252 855 2289 quos
892 2249 1020 2279 sontes
1050 2257 1155 2282 com-

46 2301 157 2351 perit,
193 2302 307 2350 virgis
344 2315 461 2339 caesos
496 2303 616 2339 securi
658 2305 864 2353 percussit:
905 2307 1155 2358 praesidioque

47 2362 171 2400 valido
196 2364 378 2414 inposito,
412 2379 517 2403 arma
545 2366 751 2403 Satricanis
784 2367 935 2405 ademit.
980 2370 1075 2408 Inde
1105 2374 1153 2410 ad

92 2426 195 2465 Vor„
222 2428 277 2465 11.
578 2428 612 2466 C
