1527 2661
135 305 178 334 U.
194 304 229 334 C.
245 310 318 335 535.

137 347 315 383 A.C.·217.

136 872 297 911 AEquatur

134 915 277 945 dictatori

136 967 219 996 mag.

136 1003 294 1039 equitum.

332 205 413 246 260·
691 214 695 218 ’
784 215 828 243 T.
854 211 987 244 mvn

384 303 536 340 XXVI.
566 302 602 339 Is
616 302 782 352 juvenis,
803 303 868 338 ubi
888 315 934 339 ex
960 315 1005 339 eo
1025 314 1160 351 genere
1180 308 1342 352 quaestus
1369 302 1437 353 pe·-

331 369 440 405 cunia
456 380 477 403 a
493 373 599 417 patre
615 365 745 402 relicta
761 367 906 402 animos
927 362 1094 415 ad'spem
1114 366 1338 402 liberalioris
1355 366 1433 402 for-

328 438 431 468 tunae
450 431 554 472 fecit,
574 437 739 479 togaque
760 437 797 466 et
815 430 940 466 forum
959 430 1146 479 placuere,
1166 430 1436 481 proclamando

328 507 398 545 pro
421 494 578 530 sordidis
607 493 824 529 hominibus
855 494 1070 541 caussisque
1098 494 1272 530 adversus
1292 507 1371 530 rem
1400 495 1439 530 et

327 559 468 596 famam
482 557 685 599 bonorum,
707 557 869 606 primum
888 557 926 592 in
946 558 1122 593 notitiam
1141 557 1286 607 populi,
1303 557 1438 593 deinde

329 623 376 658 ad
404 622 568 656 honores
601 621 795 669 pervenit:
828 626 1016 669 quaestura
1045 632 1195 669 quoque
1227 626 1265 655 et
1294 619 1438 656 duabus

329 683 585 727 aedilitatibus,
606 683 753 733 plebeia
778 690 815 719 et
844 684 976 727 curuli,
997 692 1194 734 postremo
1215 690 1253 720 et
1276 688 1441 733 praetura'

328 748 563 799 perfunctuS,
578 746 660 796 jam
680 747 725 783 ad
747 747 966 783 consulatus
984 760 1088 796 spem
1105 761 1218 796 quum
1239 746 1439 783 adtolleret

330 813 491 853 animos,
511 811 613 846 haud
634 823 765 859 parum
786 810 918 847 callide
938 823 1068 846 auram
1084 809 1224 846 favoris
1245 808 1437 860 popularis

331 889 376 912 ex
396 876 596 912 dictatoria
614 875 756 911 invidia
775 876 898 924 petiit,
920 877 1080 924 scitique
1098 875 1218 926 plebis
1239 887 1333 911 unus
1350 886 1438 923 gra-1·

330 940 422 976 tiam
441 939 540 976 tulit.
597 939 739 975 Omnes
757 952 838 975 eam
858 940 1110 988 rogationem,
1128 940 1266 988 quique
1285 937 1436 980 Romae,¹

330 1005 468 1054 quique
488 1005 526 1039 in
551 1005 719 1039 exercitu
746 1010 867 1046 erant,
889 1004 985 1052 aequi
1011 1009 1123 1052 atque
1148 1003 1282 1051 iniqui,
1303 1008 1440 1052 praeter

328 1070 452 1119 ipsum
473 1068 713 1111 dictatorem,
734 1069 773 1103 in
800 1067 1068 1104 contumeliam
1088 1066 1167 1116 ejus
1188 1066 1304 1103 latam
1332 1078 1440 1102 acce-

328 1139 487 1181 perunt:
521 1133 614 1180 ipse,
634 1145 709 1179 qua
728 1133 913 1180 gravitate
934 1130 1050 1167 animi
1070 1131 1312 1166 criminantes
1333 1141 1372 1164 se
1391 1128 1440 1164 ad

329 1194 611 1230 multitudinem
640 1195 813 1231 inimicos
842 1194 994 1239 tulerat,
1027 1194 1157 1229 eadem
1183 1199 1221 1229 et
1239 1191 1370 1243 populi
1398 1193 1437 1228 in

330 1272 370 1296 se
390 1259 576 1295 saevientis
602 1257 778 1307 injuriam
798 1258 908 1294 tulit:
940 1259 1179 1308 acceptisque
1205 1258 1244 1293 in
1270 1258 1352 1307 ipso
1378 1256 1441 1291 iti·-

329 1336 419 1359 nere
438 1322 556 1358 literis
582 1322 900 1358 senatusconsulti
920 1322 965 1358 de
990 1328 1138 1371 aequato
1158 1322 1330 1371 imperio,
1352 1319 1442 1356 satis

329 1386 462 1429 fidens,
483 1386 774 1435 haudquaquam
794 1400 880 1423 cum
899 1387 1047 1436 imperii
1065 1385 1154 1435 jure
1174 1386 1293 1422 artem
1318 1385 1438 1433 impe-

330 1451 436 1487 randi
456 1456 655 1499 aequatam,
683 1463 842 1499 cumque
863 1452 1005 1487 invicto
1032 1463 1053 1486 a
1073 1449 1217 1486 civibus
1244 1448 1440 1485 hostibus-

330 1527 403 1564 que
422 1514 549 1550 animo
569 1513 614 1549 ad
634 1515 840 1550 exercitum
860 1515 982 1551 rediit.
1409 1520 1411 1522 ’

383 1578 556 1615 XXVII.
585 1577 778 1615 Minucius
799 1587 901 1622 vero,
919 1592 1033 1628 quum
1047 1577 1130 1628 jam
1150 1585 1237 1615 ante
1257 1578 1319 1613 vix
1338 1576 1436 1612 tole·

329 1642 457 1679 rabilis
486 1643 619 1678 fuisset
647 1644 818 1679 secundis
849 1643 959 1679 rebus
989 1656 1032 1679 ac
1052 1643 1180 1678 favore
1209 1642 1325 1690 vulgi,
1355 1647 1440 1676 tum·

329 1707 459 1755 utique
477 1706 665 1742 inmodice
692 1707 988 1754 inmodesteque,
1010 1718 1087 1741 non
1115 1704 1333 1741 Hannibale
1356 1716 1437 1739 ma-

329 1771 386 1820 gis
415 1771 518 1806 victo
545 1770 591 1805 ab
621 1783 674 1813 se,
696 1783 808 1819 quam
827 1771 875 1809 Q.
892 1770 1027 1812 Fabio,
1049 1769 1226 1818 gloriari:
1261 1769 1372 1804 Illum
1399 1769 1438 1803 in

328 1836 428 1870 rebus
452 1836 584 1882 asperis
608 1836 751 1870 unicum
769 1836 893 1870 ducem
919 1847 962 1870 ac
986 1846 1113 1882 parem
1132 1835 1316 1881 quaesitum
1334 1832 1439 1867 Han-

326 1898 451 1939 nibali,
478 1897 649 1943 majorem
672 1900 814 1939 minori,
841 1899 1051 1933 dictatorem
1076 1899 1246 1944 magistro
1266 1897 1438 1943 equitum,

328 1961 423 2008 quod
452 1961 554 1995 nulla
585 1963 758 1996 memoria
786 1961 914 1995 habeat
946 1961 1145 2001 annalium,
1174 1958 1279 2005 jussa
1310 1958 1439 2006 populi

327 2028 506 2071 aequatum
534 2025 568 2058 in
599 2024 722 2058 eadem
751 2025 909 2063 civitate,
936 2025 972 2058 in
992 2036 1063 2070 qua
1091 2024 1254 2069 magistri
1283 2023 1440 2069 equitum

328 2089 447 2134 virgas
464 2100 506 2123 ac
524 2099 660 2122 secures
678 2088 862 2123 dictatoris
882 2091 1030 2123 tremere
1053 2092 1162 2134 atque
1181 2086 1322 2121 horrere
1340 2085 1437 2120 soliti

327 2152 409 2186 sint.
444 2151 485 2186 In
502 2155 642 2186 tantum
657 2162 756 2185 suam
767 2149 989 2198 felicitatem
1006 2152 1241 2196 virtutemque
1257 2149 1435 2184 enituisse.

329 2213 429 2260 Ergo
447 2218 648 2249 secuturum
665 2225 700 2249 se
708 2212 903 2261 fortunam
919 2225 1033 2254 snam,
1053 2214 1084 2248 si
1099 2214 1253 2248 dictator
1273 2213 1308 2246 in
1329 2222 1434 2246 cunc-

330 2279 463 2312 tatione
481 2289 523 2313 ac
547 2279 706 2323 segnitie,
729 2277 889 2313 Deorum
911 2277 1157 2324 hominumque
1172 2274 1312 2320 judicio
1331 2276 1434 2310 dam-

330 2344 430 2382 nata,
447 2345 633 2388 perstaret·
695 2339 841 2389 Itaque,
859 2352 934 2390 quo
955 2340 1013 2377 die
1032 2340 1194 2391 primum
1214 2348 1437 2386 congressus
