1527 2661
328 153 484 182 LIBER
509 151 580 180 lx.
613 151 721 180 CAP.
745 150 915 179 xxxu.
1126 150 1183 193 49

30 264 34 268 ⁴
67 243 198 280 urbem
217 243 345 294 posita
373 242 570 279 advexere.
609 240 762 277 Etrusci
782 239 881 276 diem
907 239 1072 290 primum
1090 252 1181 276 con·
1197 239 1287 269 U-C·
1304 246 1376 270 44³3-

68 308 260 351 saltando,
290 312 540 349 maturarent,
570 305 815 342 traherentne
839 300 996 347 bellum,
1026 304 1181 341 tradux·
1197 283 1285 315 A'C‘
1303 288 1375 315 ³⁰⁹

68 378 190 408 erunt.
232 372 394 408 Postero
431 370 505 413 die,
538 368 605 406 ubi
642 367 837 412 celeriora,
874 381 987 417 quam
1023 368 1181 411 tutiora,

66 434 226 472 consilia
253 436 374 484 magis
404 433 578 485 placuere
606 432 778 476 ducibuS,
808 431 889 468 sole
917 440 1005 468 orto
1034 433 1184 482 signum

66 511 203 549 pugnae
227 499 466 549 propositum
494 504 565 541 est,
597 496 807 546 armatique
836 496 875 532 in
904 496 1025 532 aciem
1051 509 1183 546 proce-

67 564 174 601 dunt.
212 564 328 604 Quod
354 570 556 614 postquam
585 561 733 600 consuli
764 561 987 598 nunciatum
1016 567 1087 604 est,
1118 573 1181 598 ex-

69 628 210 679 templo
239 635 419 665 tesseram
444 628 526 664 dari
547 626 675 678 jubet,
697 632 739 662 ut
767 625 951 676 prandeat
979 625 1100 669 miles,
1121 625 1183 663 fir-

66 694 254 742 matisque
286 693 372 730 cibo
402 692 543 729 viribus
574 704 679 727 arma
707 691 855 741 capiat:
888 690 990 726 dicto
1019 697 1186 741 paretur.

68 756 226 799 Consul,
255 756 319 793 ubi
348 762 514 793 armatos
543 761 773 806 paratosque
801 754 910 798 vidit,
940 755 1050 804 signa
1078 761 1186 792 extra

66 820 206 857 vallum
224 820 385 871 proferri
397 819 528 870 jussit,
550 825 588 856 et
606 819 707 855 haud
725 818 858 869 procul
876 820 986 856 hoste
1004 820 1187 857 instruxit

69 885 200 922 aciem.
228 884 474 935 Aliquamdiu
502 884 641 920 intenti
670 884 859 933 utrimque
887 890 1088 928 steterunt,
1118 897 1184 922 ex·

69 956 283 1001 spectantes
314 955 355 985 ut
374 948 421 986 ab
451 949 673 986 adversariis
695 947 838 984 clamor
866 955 905 985 et
932 961 1061 999 pugna
1089 950 1185 986 inci-

67 1021 196 1066 peret:
221 1021 259 1051 et
277 1015 379 1065 prius
400 1014 457 1050 sol
472 1013 629 1050 meridie
648 1026 688 1050 se
707 1013 918 1057 inclinavit,
936 1027 1049 1063 quam
1068 1013 1186 1051 telum

68 1080 157 1116 hinc
177 1085 243 1115 aut
262 1078 366 1116 illinc
384 1079 562 1116 emissum
582 1084 662 1115 est:
694 1077 796 1121 inde,
817 1090 866 1114 ne
885 1078 1028 1115 infecta
1046 1091 1085 1115 re
1105 1078 1188 1115 abi-

70 1149 186 1186 retur‚
214 1142 357 1179 clamor
386 1141 434 1179 ab
461 1142 633 1179 Etruscis
659 1142 794 1186 oritur,
815 1142 1098 1192 concinuntque
1125 1148 1187 1179 tu-

69 1206 142 1250 bae,
164 1212 202 1242 et
230 1207 340 1254 signa
363 1205 589 1242 inferuntur.
631 1205 716 1242 Nec
745 1207 896 1254 segnius
923 1206 971 1243 ab
1000 1206 1186 1243 Romanis

70 1282 199 1320 pugna
223 1270 363 1306 initur:
397 1275 628 1306 concurrunt
654 1269 811 1306 infensis
838 1270 996 1306 animis:
1028 1283 1188 1307 numero

69 1334 204 1377 hostis,
234 1335 374 1370 virtute
401 1333 600 1370 Romanus
630 1340 794 1384 superat.
830 1335 981 1384 Anceps
1011 1334 1188 1385 proelium

69 1396 208 1434 multos
230 1398 432 1447 utrimque,
453 1404 490 1434 et
508 1397 758 1434 fortissimum
778 1410 978 1448 quemque,
995 1398 1184 1436 absumit:

68 1474 138 1499 nec
157 1463 258 1512 prius
279 1462 462 1500 inclinata
480 1475 538 1499 res
569 1468 639 1506 est,
659 1475 772 1512 quam
791 1463 957 1500 secunda
985 1464 1083 1500 acies
1102 1463 1186 1501 Ro-

69 1539 182 1564 mana
211 1528 257 1564 ad
284 1528 408 1579 prima
436 1528 558 1577 signa,
589 1528 728 1576 integri
757 1527 881 1571 fessis,
911 1537 1185 1568 successerunt.

68 1592 236 1635 Etrusci,
257 1592 347 1641 quia
372 1591 483 1628 nullis
511 1590 725 1628 recentibus
747 1590 921 1628 subsidiis
942 1591 1039 1629 fulta
1063 1595 1186 1644 prima

69 1656 167 1692 acies
193 1655 280 1699 fuit,
308 1663 397 1693 ante
430 1657 540 1705 signa
572 1656 745 1705 circaque
778 1669 909 1692 omnes
941 1658 1181 1696 ceciderunt:

67 1719 173 1757 nullo
202 1733 380 1770 umquam
408 1721 544 1771 proelio
564 1721 664 1769 fugae
694 1721 832 1764 minus,
864 1734 933 1757 nec
962 1721 1045 1772 plus
1071 1723 1183 1760 caedis

66 1786 214 1829 fuisset,
230 1786 271 1822 ni
291 1786 506 1822 obstinatos
529 1786 625 1822 mori
646 1785 791 1822 Tuscos
819 1798 898 1823 nox
916 1787 1096 1834 texisset3
1129 1789 1185 1826 ita

67 1858 110 1887 ut
133 1850 295 1886 victores
325 1850 442 1901 priuS,
462 1863 575 1899 quam
602 1851 706 1894 victi,
733 1851 927 1901 pugnandi
948 1851 1061 1888 finem
1080 1853 1181 1890 face-

68 1920 166 1952 rent.
207 1913 303 1951 Post
338 1926 517 1950 occasum
549 1914 637 1951 solis
673 1915 822 1964 signum
852 1917 1021 1966 receptui
1050 1917 1180 1955 datum

66 1986 124 2017 est
138 1993 146 2016 :
178 1986 292 2016 nocte
307 1979 354 2016 ab
370 1986 531 2028 utroque
546 1979 585 2015 in
605 1986 728 2015 castra
743 1980 917 2017 reditum.
946 1980 1030 2017 Nec
1047 1982 1179 2018 deinde

66 2045 270 2094 quidquam
290 2057 335 2080 eo
356 2057 458 2080 anno
477 2045 530 2080 rei
550 2045 732 2080 memoria
747 2045 870 2093 dignae
891 2046 990 2096 apud
1010 2045 1179 2088 Sutrium

65 2115 214 2158 gestum
233 2114 314 2154 est3
346 2108 435 2157 quia
453 2114 491 2144 et
511 2121 557 2144 ex
576 2108 743 2144 hostium
764 2110 930 2146 exercitu
955 2111 1077 2160 prima
1094 2118 1179 2150 tota

65 2172 164 2209 acies
185 2171 309 2208 deleta
325 2184 404 2209 uno
423 2171 560 2222 proelio
576 2172 713 2217 fuerat,
735 2173 966 2210 subsidiariis
986 2176 1100 2212 modo
1120 2189 1178 2213 re-

65 2235 180 2279 lictis,
199 2236 262 2272 vix
281 2236 383 2285 quod
412 2237 502 2273 satis
522 2243 622 2273 esset
636 2237 683 2273 ad
703 2245 912 2274 castrorum
937 2241 1150 2290 praesidium
1166 2254 1175 2278 ε

66 2306 103 2336 et
125 2299 225 2350 apud
251 2299 450 2337 Romanos
479 2307 630 2337 tantum
657 2300 855 2339 vulnerum
873 2302 960 2348 fuit,
981 2311 1022 2342 ut
1051 2307 1175 2357 plures

120 2363 221 2401 V01..
250 2363 307 2402 ΙΙ.
611 2365 651 2402 D
