1527 2661
130 314 173 343 U.
187 312 224 343 C.
243 318 315 343 534.

129 358 170 387 A.
186 356 222 385 C.
241 361 314 386 218.

131 415 247 444 Romae
262 421 322 444 tre-

130 458 258 497 pidatio.

136 1004 276 1033 Comitia

136 1046 329 1077 consularia.

347 203 428 245 216
806 214 850 241 T.
876 214 1006 242 L1v11

348 308 409 338 tus
436 308 506 345 est,
536 308 578 338 ut
599 300 682 352 jam
709 301 756 337 ad
782 301 912 337 urbem
938 301 1134 337 crederent
1162 300 1307 337 infestis
1336 302 1452 352 signis

348 367 498 404 hostem
526 372 752 410 venturum,
791 378 861 401 nec
891 365 1094 413 quidquam
1123 365 1203 414 spei
1232 372 1298 401 aut
1326 365 1456 402 auxilii

348 442 442 473 esse,
474 442 550 478 quo
580 430 698 479 portis
729 427 991 476 moenibusque
1023 428 1098 462 vim
1135 435 1316 464 arcerent.
1379 430 1457 466 Uno

347 495 488 531 consule
516 495 565 529 ad
599 495 761 528 Ticinum
789 495 894 534 victo,
925 493 1038 527 altero
1068 504 1109 527 ex
1133 492 1260 528 Sicilia
1277 498 1456 535 revocato,

347 559 480 594 duobus
499 558 708 599 consulibus,
730 557 862 592 duobus
887 556 1126 591 consularibus
1150 557 1357 592 exercitibus
1384 559 1456 593 vic-

350 624 407 663 tis,
436 634 520 669 quos
545 622 634 656 alios
661 622 778 661 daces,
806 632 893 667 quas
911 620 1004 655 alias
1024 620 1176 666 legiones
1201 631 1283 661 esse,
1304 632 1381 668 quae
1399 633 1459 656 ar-

349 687 564 721 cessantur?
596 684 657 720 Ita
685 684 824 719 territis
855 683 1102 732 Sempronius
1133 682 1266 719 consul
1294 684 1457 727 advenit,

351 749 496 797 ingenti
523 747 691 798 periculo
717 761 782 806 per
813 747 948 783 effusos
975 748 1114 796 passim
1144 747 1192 783 ad
1219 747 1461 796 praedandum

350 812 519 848 hostium
546 812 689 860 equites
723 811 897 858 (audacia
922 811 1056 859 magis,
1078 823 1190 859 quam
1217 810 1376 846 consilio
1396 816 1461 846 aut

354 887 419 925 spe
438 875 594 911 fallendi
614 875 870 917 resistendive,
899 875 927 909 si
956 886 1035 909 non
1056 873 1220 920 falleret)
1253 880 1461 922 transgres-

354 951 429 975 sus.
484 939 529 974 Id
549 939 650 987 quod
677 951 791 973 unum
816 938 980 973 maxime
999 937 1038 972 in
1057 937 1258 986 praesentia
1276 936 1463 972 desidera-

353 993 480 1046 batur,
502 1003 664 1038 comitiis
686 1000 946 1038 consularibus
969 1000 1123 1042 habitis,
1145 1000 1184 1035 in
1203 999 1363 1035 hiberna
1381 1000 1462 1036 red-

298 1099 303 1105 ,
355 1065 411 1103 iit.
470 1066 598 1102 Creati
618 1064 789 1100 consules
818 1064 888 1100 Cn.
910 1063 1087 1099 Servilius
1114 1069 1152 1098 ct
1179 1063 1222 1099 C.
1242 1062 1463 1099 Flaminius.

356 1132 535 1167 Ceterum
563 1143 611 1166 ne
639 1129 798 1165 hiberna
818 1129 967 1177 quidem
988 1127 1174 1163 Romanis
1195 1128 1323 1179 quieta
1342 1133 1462 1170 erant,

354 1194 580 1244 vagantibus
610 1193 750 1243 passim
782 1192 957 1228 Numidis
988 1191 1190 1240 equitibus,
1222 1197 1273 1234 et,
1301 1203 1375 1240 qua
1405 1191 1464 1226 his

355 1259 585 1308 inpeditiora
614 1262 735 1299 erant,
764 1255 963 1291 Celtiberis
984 1255 1266 1304 Lusitanisque.
1322 1254 1465 1291 Omnes

357 1323 473 1372 igitur
507 1321 622 1357 clausi
656 1320 821 1369 undique
854 1327 1086 1356 commeatus
1117 1325 1237 1362 erant,
1268 1319 1342 1354 nisi
1371 1331 1464 1367 quos

356 1387 461 1423 Pado
495 1398 607 1422 naves
645 1385 908 1421 subveherent.
963 1383 1189 1434 Emporium
1225 1395 1342 1433 prope
1378 1382 1466 1419 Pla-

357 1451 520 1500 centiam
548 1449 634 1491 fuit,
667 1456 704 1484 et
733 1461 846 1498 opere
875 1460 1014 1496 magno
1044 1448 1246 1489 munitum,
1277 1452 1313 1482 et
1341 1446 1466 1482 valido

358 1515 547 1551 firmatum
578 1513 778 1563 praesidio:
825 1511 904 1561 ejus
943 1510 1087 1547 castelli
1120 1510 1366 1560 obpugnandi
1404 1522 1469 1560 spe

358 1566 442 1615 curn
464 1577 651 1626 equitibus
673 1589 715 1612 ac
735 1576 807 1612 levi
834 1581 1025 1611 armatura
1043 1574 1234 1625 profectus
1255 1573 1467 1617 Hannibal,

358 1655 473 1691 quum
492 1641 693 1691 plurimum
714 1640 752 1675 in
774 1639 930 1674 celando
947 1640 1099 1688 incepto
1116 1638 1161 1673 ad
1182 1638 1369 1681 effectum,
1390 1638 1471 1687 spei

357 1705 566 1747 habuisset,
587 1710 699 1739 nocte
720 1702 888 1745 adortus,
909 1714 990 1738 non
1013 1701 1148 1737 fefellit
1167 1700 1310 1749 vigiles.
1365 1701 1470 1737 Tan-

357 1758 418 1805 tus
439 1774 593 1818 repente
620 1766 761 1803 clamor
787 1772 843 1802 est
870 1765 1053 1808 sublatus,
1082 1771 1123 1800 ut
1151 1764 1355 1801 Placentiae
1375 1778 1468 1814 quo-

361 1846 432 1882 que
452 1833 654 1868 audiretur.
699 1830 833 1879 Itaque
853 1829 921 1866 sub
942 1829 1063 1866 lucem
1084 1843 1168 1866 cum
1188 1830 1358 1878 equitatu
1378 1843 1470 1866 con-

361 1897 419 1934 sul
439 1897 581 1939 aderat,
605 1895 722 1945 jussis
743 1895 926 1943 quadrato
950 1895 1100 1943 agmine
1119 1893 1332 1943 legionibus
1353 1895 1471 1944 sequi.

359 1962 546 2009 Equestre
582 1958 758 2008 proelium
802 1959 953 1993 interim
991 1960 1257 1994 commissum:
1304 1959 1342 1994 in
1381 1971 1470 2007 quo,

360 2025 449 2073 quia
467 2024 613 2058 saucius
635 2020 832 2057 Hannibal
852 2034 980 2070 pugna
1000 2022 1172 2064 excessit,
1193 2033 1331 2070 pavore
1350 2022 1471 2056 hosti·
1525 2057 1527 2059 ,

360 2088 429 2124 bus
450 2085 605 2135 injecto,
627 2084 821 2120 defensum
842 2085 990 2132 egregie
1013 2084 1228 2134 praesidium
1247 2090 1314 2119 est.
1371 2083 1471 2120 Pau-

362 2164 493 2187 corum
522 2149 608 2184 inde
639 2149 779 2184 dierum
812 2149 937 2196 quiete
966 2154 1102 2191 sumta,
1134 2155 1170 2183 et
1199 2148 1351 2183 vixdum
1381 2149 1470 2184 satis

362 2219 562 2263 percurato
581 2211 748 2254 vulnere,
775 2212 819 2247 ad
841 2212 1073 2247 Victumvias
1100 2211 1153 2246 ire
1175 2212 1297 2260 pergit
1324 2211 1471 2261 obpug-

362 2277 517 2313 nandas.
575 2275 618 2310 Id
642 2276 854 2325 emporium
874 2289 896 2310 a
919 2275 1103 2311 Romanis
1125 2274 1273 2309 Gallico
1293 2274 1393 2310 bello
1412 2274 1472 2310 fu—

362 2349 444 2379 erat
463 2342 676 2378 munitum:
710 2341 796 2376 inde
822 2341 948 2377 locum
975 2340 1304 2389 frequentaverant
1331 2340 1471 2377 adcolae
