1527 2661
149 327 191 356 U.
203 327 236 357 C.
257 334 316 359 534

152 373 188 400 Λ.
201 370 237 400 C.
256 378 315 401 218

143 1084 249 1123 Legati

139 1127 229 1157 missi
247 1126 320 1156 Car-

142 1170 320 1209 zhaginem.

346 230 423 273 172
793 236 836 263 T.
862 237 991 266 mvn

321 350 328 358 .
342 322 430 356 satis
448 329 555 358 esset.
589 322 768 359 Cornelio
784 325 905 361 minus
922 326 1115 376 copiarum
1131 326 1274 369 datum,
1290 328 1379 376 quia
1391 328 1437 365 L.

321 384 506 421 ’Manlius
525 392 664 435 praetor
683 393 720 422 et
738 388 817 436 ipse
837 401 921 424 cum
946 389 1047 425 haud
1069 389 1234 426 invalido
1260 392 1436 440 praesidit)

339 450 377 484 in
398 448 561 486 Galliam
586 450 820 487 mittebatur.
877 451 1041 487 Navium
1068 454 1230 489 maxime
1257 454 1437 491 Cornelio

333 523 512 548 numerus
540 513 751 549 deminutus
772 529 779 549 :
812 515 1011 562 sexaginta
1032 516 1317 564 quinqueremes
1343 518 1439 554 datae

339 577 477 624 (neque
496 576 595 611 enim
614 577 707 611 mari
723 583 934 619 venturum,
956 584 1022 613 aut
1037 591 1082 614 ea
1099 585 1205 627 parte
1220 579 1310 616 belli
1329 580 1438 617 dimi-

334 644 508 674 caturum
524 638 674 674 hostem
693 639 916 686 credebant)
938 646 975 675 et
1001 640 1082 676 duae
1108 640 1293 678 Romanae
1317 641 1438 691 legio-

335 714 402 737 nes
432 714 516 737 cum
531 714 603 738 suo
619 700 726 752 justo
747 703 930 750 equitatu,
960 709 997 738 et
1016 705 1298 752 quatuordecim
1324 705 1437 742 milli-

335 764 405 801 bus
442 766 629 802 sociorum
665 767 846 816 peditum,
880 766 1067 815 equitibus
1104 767 1205 803 mille
1237 770 1438 807 sexcentis.

335 828 441 865 Duas
467 828 634 877 legiones
656 829 864 872 Romanas,
893 836 930 865 et
955 830 1082 865 decem
1108 829 1226 866 millia
1249 832 1438 869 sociorum

333 893 517 942 peditum,
546 893 647 929 mille
679 894 820 942 equites
851 894 987 936 socios,
1019 900 1214 930 sexcentos
1239 893 1437 932 Romanos

333 957 461 994 Gallia
479 959 673 1008 provincia
692 959 824 994 eodem
849 971 949 994 anno
967 971 1074 994 versa
1092 959 1131 994 in
1150 959 1333 996 Punicum
1353 960 1434 997 bel-

335 1021 412 1058 lum
430 1022 575 1058 habuit.

387 1086 540 1123 XVIII.
570 1086 642 1122 His
663 1087 716 1122 ita
735 1086 974 1136 comparatiS,
1005 1092 1047 1122 ut
1073 1087 1199 1123 omnia
1218 1086 1326 1137 justa
1344 1095 1434 1125 ante

331 1149 471 1186 bellum
501 1150 644 1191 fierent,
675 1150 820 1198 legatos
850 1149 1011 1199 majores
1040 1158 1145 1193 nam,
1177 1151 1224 1189 Q.
1253 1150 1429 1196 Fabium,

325 1213 387 1249 M.
407 1213 571 1256 Livium,
592 1214 638 1249 L.
654 1213 865 1255 AEmssium,
888 1213 930 1249 C.
950 1213 1155 1256 Licinium,
1175 1214 1224 1252 Q.
1244 1214 1431 1258 Baebium,

329 1277 369 1312 in
390 1275 557 1312 Africam
579 1277 735 1312 mittunt
755 1276 801 1311 ad
820 1277 1115 1324 percunctandos
1134 1277 1433 1325 Karthaginien-

328 1354 403 1383 ses,
423 1341 624 1390 publicone
645 1340 802 1375 consilio
827 1339 1022 1375 Hannibal
1049 1340 1260 1388 Saguntum
1285 1340 1432 1390 obpug-

330 1405 477 1440 nasset?
507 1411 543 1439 et
563 1405 606 1445 si,
627 1404 664 1439 id
684 1403 784 1452 quod
802 1402 937 1438 facturi
955 1401 1189 1445 videbantur,
1210 1401 1431 1445 faterentur,

328 1481 373 1503 ac
400 1467 641 1504 defenderent
668 1467 819 1517 publico
846 1466 1004 1502 consilio
1032 1466 1189 1509 factum,
1220 1473 1261 1502 ut
1290 1468 1431 1503 indice-

328 1537 414 1567 rent
435 1532 575 1582 populo
595 1532 907 1579 Karthaginiensi
934 1531 1085 1567 bellum.
1141 1531 1305 1567 Romani
1328 1537 1433 1581 post-

331 1609 442 1645 quam
474 1595 750 1643 Karthaginem
778 1600 973 1636 venerunt,
1001 1607 1115 1642 quum
1145 1601 1296 1630 senatus
1324 1595 1432 1631 datus

324 1665 442 1702 esset,
471 1664 508 1694 et
536 1659 584 1696 Q.
613 1657 750 1694 Fabius
780 1657 876 1693 nihil
903 1657 1015 1700 ultra,
1048 1670 1158 1706 qnam
1182 1670 1312 1700 unum,
1333 1659 1434 1706 quod

330 1722 549 1759 mandatnm
565 1728 658 1763 erat,
676 1727 939 1771 percunctatus
961 1727 1077 1764 esset3
1100 1727 1182 1756 tum
1198 1733 1241 1756 ex
1262 1721 1433 1757 Kastha-

326 1785 562 1835 giniensibus
583 1797 704 1820 unus:
738 1786 900 1832 Praeceps
927 1790 1056 1826 vestra,
1085 1785 1252 1827 Romani,
1281 1790 1315 1820 et
1335 1787 1435 1832 prior

331 1851 462 1896 legatio
480 1848 573 1897 fuit,
595 1861 701 1896 quum
722 1848 975 1889 Hannibalem,
998 1852 1182 1895 tamquam
1199 1860 1262 1883 suo
1291 1845 1434 1884 consslio

330 1913 533 1959 Saguntum
552 1913 811 1960 obpugnantem
829 1912 1066 1959 deposcebatis
1080 1928 1092 1947 .·
1121 1916 1273 1947 ceterum
1292 1911 1365 1947 haec
1384 1913 1435 1947 le-

323 1978 426 2024 gatio
444 1976 555 2012 verbis
573 1976 691 2011 adhuc
710 1976 821 2011 lenior
846 1981 910 2017 est,
937 1987 975 2010 re
994 1976 1163 2022 asperior.
1225 1976 1323 2010 Tunc
1341 1977 1433 2010 eni-m

326 2039 514 2074 Hannibal
534 2043 572 2074 et
598 2038 882 2079 insimulabatur,
907 2042 943 2073 et
968 2038 1219 2084 depascebatur
1234 2053 1245 2072 :
1274 2049 1367 2072 nunc
1389 2037 1434 2072 ab

325 2104 423 2139 nobis
441 2108 476 2138 et
495 2102 665 2150 confessio
681 2103 796 2149 culpae
822 2103 1034 2149 exprimitur
1044 2118 1057 2145 ,-
1086 2106 1134 2142 εἰ,
1154 2106 1196 2136 ut
1214 2114 1236 2136 a
1255 2100 1433 2149 confessis,

326 2179 382 2202 res
415 2167 589 2214 extemplo
624 2171 843 2213 repetuntur.
899 2166 978 2212 Ego
1015 2164 1132 2200 autem
1169 2177 1254 2206 non,
1287 2166 1436 2212 privato

323 2231 509 2279 publicone
534 2231 676 2265 consilio
704 2230 906 2276 Saguntum
931 2230 1171 2277 obpugnatum
1195 2231 1254 2272 sit,
1275 2241 1432 2277 quaeren-

325 2295 409 2329 dum
439 2304 624 2328 censeam:
658 2293 719 2328 sed
746 2298 866 2328 utrum
889 2291 986 2337 jure,
1021 2305 1068 2328 an
1097 2292 1240 2338 injuria.
1298 2293 1432 2328 Nostra

327 2357 419 2391 enim
456 2356 529 2391 hoee
556 2357 699 2403 quoestio
725 2361 834 2403 atque
862 2357 1122 2392 animadversio
1150 2358 1187 2391 in
1216 2357 1325 2391 civem
1352 2367 1433 2391 nos—
