1527 2661
351 171 431 212 242
803 174 849 202 T.
874 173 1006 203 mvn

156 264 246 293 U.C.
265 265 540 310 535.expertus‚
567 261 712 310 agitare
737 275 780 299 ac
799 268 948 299 tentare
973 263 1141 302 animum
1168 265 1356 304 movendo
1375 278 1455 303 cre-

155 307 195 337 Α·
208 307 246 337 C*
262 313 335 341 '²¹⁷'
348 323 418 361 bro
438 331 574 368 castra,
597 325 890 376 populandoque
909 327 947 367 in
967 328 1086 364 oculis
1103 327 1135 379 ej
1143 342 1183 365 us
1199 342 1310 378 agros
1330 330 1455 366 socio-

347 403 444 434 rum,
475 391 613 440 coepit:
645 397 684 427 et
712 391 826 428 modo
863 393 981 429 citato
1015 395 1165 442 agmine
1194 408 1214 431 e
1250 401 1457 445 conspectu

348 454 491 496 abibat,
519 454 632 490 modo
658 461 813 503 repente
839 455 878 491 in
907 455 1035 505 aliquo
1063 457 1163 494 flexu
1182 458 1266 501 viae,
1294 459 1324 494 si
1354 458 1456 494 exci-

347 530 435 568 pere
454 518 670 567 degressum
690 519 729 554 in
749 531 897 567 aequum
922 525 1064 569 posset,
1085 521 1255 558 occultus
1275 521 1455 558 subsiste-

154 576 301 650 tfgbiias·
346 581 424 619 bat.
481 581 620 617 Fabius
650 594 716 631 per
744 581 829 618 loca
847 581 926 618 alta
953 595 1089 631 agmen
1108 583 1281 627 ducebat,
1305 584 1456 621 modico

347 645 394 682 ab
414 646 524 682 hoste
553 644 766 688 intervallo,
787 651 830 681 ut
854 658 977 695 neque
996 647 1189 683 omitteret
1214 659 1314 691 eum,
1333 660 1457 697 neque

346 709 652 758 congrederetur.
710 710 869 754 Castris,
901 711 974 746 nisi
998 717 1183 760 quantum
1210 724 1298 748 usus
1324 724 1456 748 neces-

346 776 446 812 sario
475 781 642 824 cogeret,
672 774 874 811 tenebatur
906 775 1037 812 miles:
1072 777 1251 826 pabulum
1280 784 1318 813 et
1350 776 1456 826 ligna

345 852 415 875 nec
435 840 545 890 pauci
565 839 760 889 petebant,
781 852 851 876 nec
877 841 1030 891 passim.
1086 840 1270 889 Equitum
1289 840 1456 889 levisque

347 909 546 940 armaturae
573 903 702 945 statio,
725 904 936 952 composita
959 903 1219 953 instructaque
1245 905 1284 940 in
1307 903 1454 940 subitos

345 967 545 1009 tumultus,
567 973 605 1002 et
624 979 692 1002 suo
712 966 822 1002 militi
845 973 930 1003 tuta
948 968 1090 1011 omnia,
1110 974 1149 1004 et
1167 968 1306 1004 infesta
1329 967 1452 1005 effusis

346 1031 514 1068 hostium
549 1029 836 1080 populatoribus
872 1031 1086 1080 praebebat:
1124 1045 1246 1082 neque
1278 1033 1453 1068 universo

346 1094 514 1146 periculo
551 1107 698 1130 summa
733 1107 857 1131 rerum
895 1096 1227 1134 committebatur:
1267 1103 1305 1132 et
1337 1109 1452 1147 parva

343 1166 538 1196 momenta
555 1159 693 1195 levium
714 1160 961 1196 certaminum
981 1173 1028 1196 ex
1054 1167 1139 1197 tuto
1159 1167 1385 1211 coeptorum,
1406 1160 1450 1210 fi·-

341 1226 478 1261 nitimo
495 1230 662 1274 receptu,
680 1224 987 1261 adsuefaciebant
1001 1226 1174 1261 territum
1189 1225 1356 1276 pristinis
1375 1225 1451 1261 cla·

342 1289 450 1327 dibus
480 1288 652 1331 militem,
683 1289 805 1325 minus
818 1288 902 1339 jam
929 1290 1083 1326 tandem
1111 1296 1177 1326 aut
1200 1290 1364 1333 virtutis,
1385 1297 1451 1326 aut

342 1353 503 1389 fortunae
524 1354 710 1403 poenitere
730 1365 816 1388 suae.
861 1352 935 1388 Sed
954 1365 1032 1388 non
1052 1352 1311 1389 Hannibalem
1330 1354 1449 1402 magis

342 1417 522 1454 infestum
547 1423 626 1452 tam
652 1417 752 1452 sanis
773 1416 940 1452 consiliis
969 1417 1148 1460 habebat,
1171 1430 1283 1466 quam
1309 1418 1449 1465 magis-

148 1482 238 1529 Mag·
341 1488 441 1518 trum
475 1482 666 1530 equitum:
699 1480 764 1529 qui
796 1480 892 1515 nihil
920 1479 1034 1522 aliud,
1065 1493 1177 1529 quam
1206 1481 1306 1530 quod
1340 1482 1450 1530 inpar

146 1532 294 1598 ξξὲἓίἒῖῃ
340 1552 420 1582 erat
440 1545 612 1594 imperio,
633 1556 749 1580 morae
775 1544 822 1580 ad
841 1544 1111 1594 rempublicam
1140 1544 1449 1594 praecipitandam

338 1609 518 1651 habebat,
539 1608 648 1644 ferox
666 1608 892 1657 rapidusque
915 1609 951 1644 in
973 1609 1154 1651 consiliis,
1176 1622 1219 1645 ac
1239 1608 1370 1657 lingua
1389 1609 1447 1644 in-

338 1676 507 1712 modicus
522 1691 532 1720 5
555 1675 677 1724 primo
697 1675 795 1710 inter
814 1687 968 1723 paucos,
985 1675 1071 1710 dein
1091 1675 1286 1725 propalam
1306 1675 1346 1710 in
1365 1674 1446 1709 vul-

337 1752 420 1789 gus,
442 1752 510 1789 pro
531 1744 752 1774 cunctatore
768 1750 935 1785 segnem,
953 1751 1022 1788 pro
1042 1745 1153 1774 cauto
1173 1738 1361 1781 timidum,
1382 1738 1448 1774 ad-

338 1804 483 1852 fingens
521 1802 645 1838 vicina
681 1802 881 1837 virtutibus
918 1802 1020 1845 vitia,
1057 1801 1331 1852 compellabat:
1363 1813 1448 1851 pre-

337 1866 634 1913 mendorumque
654 1866 889 1914 superiorum
909 1872 988 1900 arte
1011 1868 1110 1914 (quae
1130 1866 1293 1915 pessima
1311 1877 1370 1901 ars
1389 1865 1447 1901 ni-

337 1931 406 1966 mis
427 1930 615 1980 prosperis
641 1929 847 1965 multorum
867 1929 1100 1966 successibus
1127 1930 1260 1976 crevit)
1284 1941 1364 1965 sese
1383 1942 1447 1965 ex-

339 1995 509 2032 tollebat.

392 2059 509 2096 XIII.
540 2058 738 2094 Hannibal
754 2071 799 2094 ex
820 2057 992 2107 Hirpinis
1013 2058 1051 2093 in
1069 2057 1263 2093 Samnium
1282 2058 1419 2093 transit
1435 2071 1442 2093 z

338 2125 648 2161 Beneventanum
662 2121 913 2172 depopulatur
929 2134 1059 2170 agrum
1076 2136 1082 2156 ε
1105 2121 1294 2157 Telesiam
1315 2121 1444 2158 urbem

337 2189 461 2239 capit:
493 2187 616 2222 irritat
635 2186 751 2222 etiam
771 2186 817 2221 de
842 2186 1029 2222 industria
1047 2186 1191 2228 ducem,
1212 2186 1243 2221 si
1263 2185 1361 2222 forte
1380 2198 1445 2222 ac-

336 2263 491 2287 censum
509 2255 568 2286 tot
592 2249 882 2298 indignitatibus
903 2249 1146 2298 cladibusque
1170 2249 1360 2285 sociorum
1379 2249 1443 2286 de·

335 2317 484 2353 trahere
504 2315 551 2352 ad
575 2328 722 2364 aequum
742 2320 931 2351 certamen
950 2315 1082 2365 possit.
1141 2314 1245 2350 Inter
1270 2314 1441 2351 multitu-
