1527 2661
242 189 326 234 330
703 194 906 225 T.L1V11

59 272 103 304 U.
114 273 150 304 C.
169 281 240 307 55³6.

57 318 97 347 A.
112 318 148 349 C.
167 324 240 349 ⁴216.

56 659 188 690 Petelini

56 704 213 735 Romanis

55 747 123 778 fidi.

257 277 393 314 nibalis
423 281 623 329 praesidio3
654 294 717 326 ne,
747 282 808 318 ubi
828 283 970 319 Poenus
996 284 1084 320 inde
1109 283 1363 329 abscessisset,

253 342 421 380 Romani
441 343 719 393 obpugnarent.
776 346 1019 384 Praenestinis
1044 348 1228 385 militibus
1254 361 1361 386 sena—

252 412 312 442 tus
332 406 530 444 Romanus
551 409 688 458 duplex
711 411 941 459 stipendium
967 418 1004 446 et
1023 412 1269 460 quinquennii
1290 414 1361 449 mi-

252 470 342 507 litiae
358 473 595 508 vacationem
612 474 776 509 decrevit
792 488 798 509 ε
832 475 984 510 civitate
1000 488 1112 523 quum
1130 476 1363 513 donarentur

252 535 300 570 ob
321 536 513 579 virtutem,
541 549 618 572 non
647 543 899 575 mutaverunt.
957 538 1226 575 Perusinorum
1255 553 1362 576 casus

251 598 448 636 obscurior
465 600 566 637 fama
595 607 674 647 est5
708 603 796 651 quia
821 615 890 638 nec
919 603 1087 653 ipsorum
1115 610 1365 642 monumento

251 662 329 699 ullo
349 671 404 700 est
434 664 668 709 inlustratus,
689 678 757 702 nec
778 666 929 704 decreto
952 666 1228 705 Romanorum.
1283 668 1364 704 Eo-

252 726 338 763 dem
356 733 527 777 tempore
550 728 757 772 Petelinos,
780 730 843 778 qui
863 731 928 766 uni
959 743 1005 767 ex
1023 731 1184 767 Bruttiis
1214 744 1363 769 manse-

253 799 338 827 rant
358 792 396 827 in
417 793 583 828 amicitia
603 792 794 837 Romana,
816 807 893 830 non
913 795 1257 844 Karthaginienses
1280 808 1364 833 mo-

252 856 314 897 do,
337 857 399 905 qui
419 858 613 905 regionem
634 857 874 901 obtinebant,
896 859 958 895 sed
975 859 1116 895 Bruttii
1133 872 1283 909 quoque
1303 872 1365 897 ce·-

250 920 334 963 teri,
354 920 403 957 ob
421 927 594 970 separata
612 921 658 957 ab
677 934 716 957 se
732 923 904 966 consilia,
923 922 1227 973 obpugnabant„
1267 924 1364 963 Qui-

249 983 319 1020 bus
337 997 451 1033 quum
471 984 656 1021 obsistere
676 985 784 1021 malis
804 987 1005 1035 nequirent
1024 986 1201 1029 Petelini,
1216 986 1364 1035 legatos

248 1048 415 1086 Romam
436 1049 481 1085 ad
503 1050 716 1100 praesidium
736 1051 941 1100 petendum
964 1051 1171 1086 miserunt:
1203 1063 1365 1100 quorum

248 1126 377 1164 preces
406 1113 644 1163 lacrimaeque
668 1115 723 1162 (in
747 1121 901 1164 questus
932 1115 1033 1151 enim
1061 1113 1219 1158 flebiles,
1249 1128 1365 1163 quum

247 1179 399 1215 sibimet
428 1179 499 1229 ipsi
529 1179 724 1215 consulere
746 1178 845 1229 jussi
875 1185 976 1223 sunt,
999 1190 1086 1215 sese
1106 1179 1146 1214 in
1174 1178 1365 1216 vestibulo

247 1245 360 1280 cnriae
393 1244 661 1294 profuderunt)
692 1245 886 1293 ingentem
914 1243 1364 1280 misericordiamPatri-

244 1308 316 1347 bus
337 1323 381 1345 ac
408 1308 551 1359 populo
577 1316 798 1346 moverunt:
832 1309 1070 1359 consultique
1099 1310 1234 1345 iterum
1255 1320 1277 1344 a
1294 1307 1367 1346 Μ’.

246 1372 464 1424 Pomponio
502 1379 665 1423 praetore
693 1374 841 1418 Patres,
872 1374 1155 1423 circumspectis
1185 1372 1362 1409 omnibus

246 1438 394 1488 imperii
423 1437 579 1481 viribus,
600 1437 710 1474 fateri
741 1439 879 1481 coacti,
910 1437 1006 1473 nihil
1027 1436 1112 1486 jam
1141 1436 1361 1484 longinquis

247 1501 360 1538 sociis
380 1501 417 1536 in
439 1513 478 1536 se
507 1501 671 1550 praesidii
699 1513 794 1545 esse,
819 1501 941 1538 redire
961 1501 1129 1542 domum,
1151 1499 1297 1547 fideque
1316 1499 1363 1535 ad

248 1565 422 1601 ultimum
438 1566 603 1615 expleta,
621 1565 818 1602 consulere
835 1565 987 1602 sibimet
1002 1564 1104 1614 ipsos
1121 1565 1160 1599 in
1176 1563 1362 1612 reliquum

247 1630 423 1679 praesenti
441 1629 595 1665 fortuna
607 1629 817 1680 jusserunt.
848 1629 943 1665 Haec
963 1634 1167 1679 postquam
1183 1628 1361 1663 renunci-

248 1700 311 1729 ata
329 1693 471 1742 legatio
490 1694 671 1730 Petelinis
702 1700 773 1739 est,
793 1700 922 1729 tantus
943 1698 1099 1742 repente
1125 1704 1267 1727 moeror
1294 1704 1360 1741 pa-

247 1771 388 1807 vorque
419 1765 591 1794 senatum
622 1771 751 1795 eorum
782 1759 896 1807 cepit,
918 1763 960 1793 ut
989 1769 1074 1807 pars
1103 1755 1361 1806 profugiendi,

247 1836 321 1871 qna
341 1823 498 1871 quisque
518 1829 659 1872 posset,
681 1836 724 1858 ac
744 1822 956 1858 deserendae
983 1821 1085 1856 urbis
1106 1826 1280 1856 auctores
1302 1832 1361 1856 es-

247 1892 353 1929 sent3
387 1898 487 1934 pars,
509 1886 660 1934 quando
681 1886 816 1921 deserti
838 1898 859 1921 a
876 1884 1064 1920 veteribus
1086 1883 1197 1920 sociis
1218 1889 1357 1926 essent,

246 1949 475 1998 adjungendi
505 1961 543 1984 se
572 1950 705 1984 ceteris
736 1949 912 1991 Bruttiis,
943 1961 986 1984 ac
1014 1960 1081 1997 per
1109 1959 1173 1982 eos
1203 1946 1361 1982 dedendi

246 2012 469 2049 Hannibali.
528 2013 630 2048 Vicit
655 2019 781 2048 tamen
813 2025 855 2048 ea
875 2024 974 2062 parS,
996 2024 1079 2060 quae
1098 2009 1194 2046 nihil
1222 2010 1358 2060 raptim

245 2090 315 2114 nec
352 2084 492 2113 temere
522 2078 723 2125 agendum,
755 2076 1099 2124 consulendumque
1128 2075 1173 2110 de
1209 2074 1360 2122 integro

246 2142 404 2177 censuit.
461 2141 519 2176 Re
546 2141 672 2177 laxata
703 2146 858 2190 postero
888 2140 946 2175 die
980 2152 1046 2189 per
1071 2139 1254 2174 minorem
1284 2144 1361 2173 tre-

246 2205 481 2254 pidationem
510 2210 715 2240 tenuerunt
735 2204 952 2253 optimates,
973 2209 1029 2246 ut,
1057 2201 1248 2237 convectis
1274 2213 1357 2237 om-

247 2267 357 2304 nibus
380 2280 425 2303 ex
445 2268 559 2316 agris,
581 2267 710 2303 urbem
733 2281 774 2303 ac
794 2279 920 2303 niuros
941 2267 1145 2302 firmarent.

300 2331 416 2369 XXI.
446 2332 520 2369 l'cr
539 2332 635 2369 idem
654 2331 731 2368 fere
751 2337 899 2382 tenipus
920 2330 1035 2367 literae
1054 2343 1099 2366 ex
1121 2328 1250 2365 Sicilia
1270 2328 1357 2364 Sar-
