1527 2661
0 2286 9 2661 mm
4 2271 7 2282 -
2 2250 8 2267 0
1 2051 8 2245 '‘V-‘⁸²¹⁴

407 205 561 234 LIBER
588 204 658 233 1x.
691 204 798 232 CAP.
822 204 904 232 xL.
1159 190 1210 231 61

96 289 238 341 fugam.
282 292 350 330 Ille
376 294 538 343 primum
558 293 634 329 dies
654 292 808 328 fortuna
833 291 949 328 veteri
975 289 1211 326 abundantes
1225 292 1318 323 U.C.
1337 300 1411 324 444.

97 356 346 394 Etruscorum
365 358 479 407 fregit
499 370 588 407 opes
605 371 612 392 :
646 369 784 393 caesum
803 357 841 392 in
861 356 955 398 acie,
977 355 1078 404 quod
1097 354 1212 390 robo-
1224 337 1262 367 Α
1282 337 1317 367 C·
1336 344 1410 368 ³⁰⁸·

99 420 149 455 ris
167 420 264 466 fuit3
298 428 420 457 castra
440 434 484 457 eo
505 422 636 471 inpetu
657 426 767 470 capta
786 420 1016 469 direptaque.

153 483 242 521 XL.
271 484 359 521 Pari
380 485 539 521 subinde
558 484 727 535 periculo
746 483 950 533 gloriaeque
970 488 1107 518 eventu
1133 481 1213 518 bel-
1228 487 1425 536 Samnitium

99 547 179 585 lum
208 550 246 585 in
276 549 509 586 Samnitibus
540 556 643 593 erat3
677 549 754 597 qui,
785 554 921 598 praeter
950 555 1095 583 ceteros
1125 546 1214 583 belli
1227 539 1434 603 ffiffis¹gr⁵x¹ffis

104 613 321 664 adparatus,
343 622 384 650 ut
412 615 509 651 acies
537 627 605 650 sua
623 613 786 662 fulgeret
811 613 919 649 novis
940 625 1130 649 armorum
1156 612 1215 649 in-
1229 616 1363 656 fulgens.

102 678 288 727 signibus,
314 679 497 715 feceruut.
547 678 638 713 Duo
665 677 851 712 exercitus
873 682 1003 711 erant:
1036 682 1143 712 scuta
1162 675 1218 711 al-

101 742 218 777 terius
238 755 345 785 auro,
366 741 519 778 alterius
540 747 699 789 argento
717 739 955 776 caelaverunt.
985 739 1125 775 Forma
1137 745 1221 776 erat

104 806 224 842 scuti:
258 819 446 842 summum
466 806 592 849 latius,
611 818 685 854 qua
703 811 834 854 pectus
855 810 968 853 atque
994 804 1141 840 humeri
1160 810 1221 840 te-

104 877 258 919 guntur,
279 871 435 920 fastigio
463 870 621 920 aequali3
653 870 701 906 ad
726 871 843 906 imum
864 870 1074 912 cuneatior,
1095 868 1224 905 mobi-

103 934 222 971 litatis
243 947 397 971 caussa:
430 935 593 985 spongia
617 934 764 984 pectori
792 939 1078 983 tegumentum,
1111 939 1150 969 et
1168 933 1220 968 si-

103 1000 266 1036 nistrum
298 1012 381 1036 crus
419 1012 531 1036 ocrea
565 1006 732 1035 tectum:
766 998 883 1047 galeae
920 999 1098 1041 cristatae,
1137 1010 1221 1047 quae

104 1065 267 1115 speciem
283 1064 537 1113 magnitudini
553 1076 755 1114 corporum
772 1063 952 1100 adderent
968 1078 974 1099 :
998 1064 1136 1099 tunicae
1154 1076 1221 1098 au-

106 1130 198 1183 ratis
223 1129 407 1166 militibus
438 1128 698 1172 versicolores,
730 1129 938 1177 argentatis
971 1127 1098 1164 liuteae
1132 1140 1221 1164 can-

106 1193 225 1230 didae:
261 1194 320 1229 his
351 1193 525 1229 dextrum
559 1205 676 1229 cornu
711 1193 864 1237 datum5
904 1192 958 1228 illi
995 1194 1034 1228 in
1068 1193 1224 1228 sinistro

108 1258 334 1294 consistunt.
395 1258 522 1294 Notus
546 1257 630 1308 jam
657 1257 844 1293 Romanis
872 1257 1073 1307 adparatus
1105 1257 1224 1305 insig-

106 1322 213 1358 nium
237 1336 430 1360 armorum
463 1323 611 1369 fuerat5
646 1324 824 1372 doctique
857 1336 879 1360 a
910 1323 1066 1359 ducibus
1101 1330 1222 1366 eraut,

106 1387 292 1424 horridum
320 1389 473 1424 militem
506 1400 578 1424 esse
602 1388 749 1432 dehere3
782 1400 853 1424 non
882 1389 1048 1424 caelatum
1076 1401 1165 1424 auro
1190 1393 1226 1424 et

107 1457 267 1500 argento,
287 1453 348 1488 sed
361 1452 470 1501 ferro
490 1457 525 1488 et
546 1454 676 1488 ani-mis
690 1451 861 1501 fretum:
889 1454 1021 1500 quippe
1046 1453 1112 1488 illa
1128 1465 1224 1500 prce-

109 1518 195 1553 (Iam
219 1519 349 1560 verius,
371 1529 479 1565 quam
503 1529 620 1559 arma,
642 1529 735 1560 esse,·
763 1518 919 1553 nitentia
944 1522 1028 1553 ante
1054 1529 1140 1560 rem,
1162 1519 1223 1553 (le-

97 1580 241 1630 sormz'a
260 1583 353 1618 inter
375 1582 585 1629 sanguinem
612 1586 647 1616 et
671 1582 831 1617 vulnera.
866 1581 1043 1617 Virtutem
1063 1593 1133 1617 esse
1157 1583 1225 1617 mi-

109 1647 183 1682 litis
211 1647 329 1688 decuit,
361 1650 396 1681 et
428 1647 548 1681 omnia
579 1645 644 1680 illa
677 1646 865 1680 victoriam
895 1647 1018 1693 sequi‚·
1048 1650 1084 1681 et
1115 1647 1225 1681 ditem

108 1710 243 1746 hostem
265 1711 427 1757 quamvis
448 1710 621 1757 pauperis
650 1710 794 1744 victoris
813 1710 1002 1756 praemz'um
1028 1721 1110 1745 esse.
1151 1709 1225 1745 His

107 1774 249 1809 Cursor
268 1773 424 1809 vocibus
444 1774 646 1809 instinctos
667 1773 804 1809 milites
834 1775 871 1810 in
897 1774 1073 1824 proelium
1094 1775 1220 1811 ducit:

108 1839 242 1874 dextro
268 1839 348 1888 ipse
381 1849 499 1872 cornu
530 1838 728 1882 consistit3
762 1839 916 1874 sinistro
945 1838 1112 1888 praefecit
1144 1852 1224 1875 nia-

111 1904 270 1952 gistrum
297 1902 477 1951 equitum.
523 1902 642 1938 Simul
662 1909 719 1938 est
738 1915 977 1945 concursum,
999 1905 1132 1951 ingens
1151 1904 1224 1940 fuit

111 1980 195 2003 cum
214 1968 325 2003 hoste
351 1975 565 2012 certamen3
599 1980 677 2003 non
701 1968 852 2015 segnius
879 1968 978 2003 inter
998 1968 1222 2005 dictatorem

110 2037 149 2067 et
175 2031 394 2080 magistrum
422 2031 604 2079 equitum,
628 2030 675 2066 ub
699 2037 781 2066 utra
809 2037 915 2080 parte
944 2032 1101 2067 victoria
1127 2033 1222 2085 inci-

108 2102 226 2147 peret.
266 2095 376 2130 Prior
404 2095 503 2130 forte
532 2094 669 2130 Junius
698 2096 903 2131 commovit
932 2096 1095 2139 hostem,
1126 2096 1222 2132 laevo

109 2161 283 2196 dextrum
313 2172 445 2202 cornu,
481 2166 647 2195 sacratos
678 2172 783 2196 more
814 2160 1040 2196 Samnitium
1068 2161 1220 2205 milites,

108 2236 228 2273 eoque
248 2224 408 2260 candida
426 2232 528 2261 veste
549 2230 585 2260 et
612 2224 763 2274 paribus
785 2225 946 2260 candore
973 2226 1084 2260 armis
1104 2226 1222 2273 iusig-

108 2301 199 2324 nes:
231 2301 287 2325 eos
304 2301 340 2324 se
360 2290 450 2325 Orco
475 2295 635 2325 mactare
653 2288 788 2324 Junius
809 2289 1001 2331 dictitans,
1023 2303 1137 2338 quum
1163 2291 1221 2325 in-

107 2351 256 2389 tulisset
274 2354 395 2402 signa,
415 2353 582 2390 turbavit
598 2355 762 2396 ordines,
784 2361 819 2388 et
841 2353 1063 2389 hauddubie
1085 2356 1221 2406 inpulit
