1527 2661
380 238 534 266 LIBER
557 236 606 265 X.
640 236 746 265 CAP.
773 235 954 264 XXXIX·
1139 233 1216 276 129

100 327 273 379 jacentes
290 327 422 363 deinde
438 328 537 363 inter
551 333 716 375 stragem
733 325 970 361 victimarum
987 322 1217 360 documento
1231 322 1273 353 U·
1285 321 1322 352 C·
1337 328 1413 355 4⁵9·

107 393 240 427 ceteris
260 391 378 434 fuere,
399 403 448 427 ne
474 390 696 427 abnuerent.
733 387 968 425 Primoribus
989 386 1218 424 Samnitium
1229 367 1268 398 A’
1281 366 1319 396 C·
1335 371 1409 398 ⁹93⁶

104 468 149 492 ea
167 455 419 492 detestatione
446 455 655 498 obstrictis,
683 454 813 490 decem
838 452 1044 489 nominatis
1072 451 1119 487 ab
1146 452 1218 487 im-

105 526 295 570 peratore,
327 520 379 555 eis
400 519 557 563 dictum,
584 525 627 555 ut
655 519 712 554 vir
741 518 863 554 virum
892 516 1076 565 legerent,
1097 515 1219 551 donec

105 585 295 621 sexdecim
325 583 484 621 millium
511 596 710 620 numerum
736 582 1013 620 confecissent:
1046 594 1091 617 ea
1116 580 1219 630 legio

104 649 264 686 linteata
290 649 337 685 ab
364 650 628 697 integumento
656 648 843 698 consepti,
870 659 946 696 quo
973 651 1121 682 sacrata
1146 657 1218 681 no-

102 713 230 749 bilitas
258 720 352 756 erat,
373 713 563 763 adpellata
588 719 657 749 est.
705 712 778 748 His
805 724 911 748 arma
931 711 1094 760 insignia
1113 710 1216 753 data,

102 786 140 813 et
159 777 323 813 cristatae
343 778 475 826 galeae,
497 783 539 813 ut
558 778 657 812 inter
677 783 823 812 ceteros
844 776 1066 811 eminerent.
1101 773 1218 810 Paul-

101 841 139 877 lo
158 841 241 890 plus
261 842 397 889 viginti
424 840 583 877 millium
606 840 700 877 alius
728 841 915 876 exercitus
936 838 1023 882 fuit,
1043 850 1113 874 nec
1133 851 1218 874 cor-

101 918 237 955 porum
257 907 394 957 specie,
421 919 492 942 nec
513 905 634 955 gloria
666 904 770 948 belli,
791 916 861 940 nec
891 904 1074 953 adparatu
1104 903 1219 938 linte-

101 977 174 1006 atae
206 969 349 1020 legioni
381 971 531 1020 dispar:
563 970 624 1006 hic
659 970 859 1006 hominum
889 980 1083 1012 numerus,
1115 967 1218 1017 quod

100 1034 249 1071 roboris
270 1042 364 1079 erat,
386 1036 433 1072 ad
452 1033 699 1084 Aquiloniam
719 1033 904 1070 consedit.

154 1099 355 1137 XXXIX.
388 1100 574 1136 Consules
604 1099 768 1149 profecti
797 1099 844 1135 ab
872 1097 988 1134 urbe:
1019 1097 1124 1148 prior
1150 1091 1404 1147 Spssamnium

204 1166 211 1172 .
232 1165 238 1172 .
372 1165 380 1172 .
645 1164 652 1170 .
1033 1162 1039 1169 .
1060 1163 1067 1169 .
1229 1143 1355 1167 vastant

101 1163 302 1207 Carvnhus,
323 1177 384 1200 cul
409 1170 553 1200 veteres
581 1163 764 1212 legiones,
785 1175 878 1212 quas
898 1161 954 1198 M.
975 1161 1131 1205 Atilius,
1152 1173 1214 1197 su—
1228 1188 1312 1212 0035·

101 1229 259 1278 perior-is
290 1229 380 1264 anni
409 1227 556 1272 consul,
583 1229 623 1263 in
650 1240 744 1276 agro
773 1227 1024 1263 Interamnati
1052 1226 1214 1275 relique-

101 1299 173 1335 rat,
196 1292 354 1328 decretae
382 1298 502 1334 erant,
524 1304 609 1327 cum
635 1292 687 1327 eis
714 1292 753 1327 in
782 1291 978 1327 Samnium
1003 1289 1216 1340 profectus,

102 1357 190 1392 dum
221 1358 363 1399 hostes,
399 1357 546 1406 operati
576 1356 925 1406 superstitionibuS,
957 1354 1120 1391 concilia
1155 1367 1215 1391 se-

101 1427 204 1457 creta
228 1428 361 1469 agunt,
382 1421 622 1456 Amiternum
643 1420 823 1470 oppidum
843 1420 889 1455 de
916 1419 1150 1455 Samnitibus
1176 1420 1215 1455 vi

101 1487 212 1535 cepit.
261 1485 369 1521 C-aesa
397 1485 448 1521 ibi
479 1485 598 1521 millia
625 1485 825 1521 hominum
854 1485 928 1520 duo
949 1483 1069 1520 ferme
1098 1491 1213 1534 atque

100 1551 335 1599 octingenti:
373 1557 484 1600 capta
522 1556 685 1598 quatuor
720 1548 840 1585 millia
873 1548 1025 1584 ducenti
1059 1555 1214 1599 septua-

100 1615 218 1664 ginta.
274 1614 446 1664 Papirius
473 1627 576 1650 novo
603 1614 772 1650 exercitu
795 1614 867 1661 (ita
889 1613 1081 1649 decretum
1108 1613 1209 1660 erat)

99 1679 255 1729 scripto,
274 1678 490 1714 Duroniam
507 1677 638 1714 urbem
654 1677 886 1727 expugnavit
901 1691 907 1712 :
938 1678 1079 1720 minus,
1095 1689 1210 1726 quam

98 1743 258 1791 collega,
297 1744 397 1793 cepit
432 1744 644 1785 hominum,
682 1742 766 1792 plus
810 1742 1007 1791 aliquanto
1043 1743 1204 1778 occidit:

98 1806 224 1856 praeda
253 1806 434 1856 opulenta
464 1806 665 1854 utrobique
695 1812 751 1841 est
777 1812 896 1855 parta.
954 1805 1048 1842 Inde
1074 1819 1208 1855 perva-

98 1871 178 1918 gati
198 1870 393 1906 Samnium
410 1869 597 1913 consules,
614 1870 777 1906 maxime
796 1868 1028 1919 depopulato
1047 1870 1205 1906 Atinate

98 1948 205 1984 agro,
227 1935 412 1971 Carvilius
439 1935 486 1971 ad
513 1935 746 1978 Cominium,
773 1934 947 1984 Papirius
978 1933 1025 1970 ad
1043 1935 1206 1984 Aquilo-

96 2001 198 2037 niam
231 1999 313 2047 (ubi
345 2012 491 2035 summa
522 2000 576 2035 rei
614 1998 841 2035 Samnitium
875 1999 973 2045 erat)
1008 2001 1202 2049 pervenit:

96 2064 149 2101 ibi
177 2064 409 2114 aliquamdiu
437 2077 506 2100 nec
540 2072 727 2100 cessatum
760 2063 807 2100 ab
837 2064 950 2099 armis
983 2070 1054 2107 est,
1084 2077 1206 2113 neque

93 2130 240 2166 naviter
276 2135 511 2179 pugnatum:
547 2128 767 2164 lacessendo
798 2127 960 2176 quietos,
995 2129 1206 2165 resistenti-

93 2193 163 2229 bus
198 2194 380 2237 cedendo,
416 2192 759 2241 comminandoque
792 2193 927 2241 magiS,
958 2205 1071 2241 quam
1108 2194 1205 2229 infe-

94 2258 213 2294 rendo
241 2270 422 2307 pugnam,
448 2257 527 2293 dies
555 2256 846 2292 absumebatur:
880 2256 981 2305 quod
1000 2269 1116 2305 quum
1145 2258 1204 2293 in—

96 2322 296 2371 ciperetur,
334 2322 679 2368 remittereturque,
718 2321 890 2357 omnium
926 2332 1052 2357 rerum
1089 2321 1205 2357 etiam

613 2384 649 2420 G
668 2385 690 2421 5
