1527 2661
337 232 492 260 Lmen
516 232 625 260 xx1.
659 231 765 260 CAP.
788 232 859 260 1x.
1076 220 1153 276 163

44 323 141 358 ratio
170 323 316 360 animos
346 323 492 359 irritat:
524 322 649 359 Poeno
669 323 812 372 cepisse
833 321 918 372 jam
937 334 977 359 se
1006 321 1210 366 u1·bem,U.
1221 327 1257 358 C
1277 332 1351 358 534.

43 387 74 422 si
111 387 319 436 paullulum
356 388 561 430 adnitatur,
596 387 796 432 credente3
829 387 1050 436 Saguntinis
1083 371 1206 437 proA
1221 371 1257 403 C'
1274 376 1350 402 ²¹⁸

41 451 182 488 nudata
207 452 396 489 moenibus
426 452 549 502 patria
578 464 740 502 corpora
764 450 1062 501 obponentibus,
1082 464 1153 489 nec

41 514 117 552 ullo
143 517 277 566 pedem
313 516 514 560 referente,
544 529 592 553 ne
621 517 661 553 in
689 516 864 552 relictum
893 529 915 552 a
951 529 990 552 se
1026 516 1154 553 locum

38 580 189 618 hostem
221 582 442 620 inmitteret,
500 581 636 630 Itaque
666 594 741 631 quo
772 581 893 618 acrius
923 587 961 618 et
990 580 1154 618 conferti

36 646 157 694 magis
174 647 362 696 utrimque
381 646 618 697 pugnabant,
636 659 681 683 eo
698 646 822 696 plures
840 645 1151 690 vulnerabantur,

34 708 140 745 nullo
160 710 259 747 inter
280 723 385 746 arma
404 723 640 760 corporaque
658 723 758 746 vano
785 710 1035 746 intercidente
1060 709 1152 749 telo.

31 770 65 808 F
65 771 204 810 alarica
220 780 301 810 erat
320 775 557 823 Saguntinis,
575 774 715 810 missile
734 773 853 810 telum
871 773 1001 810 hastili
1021 773 1152 824 abieg-

31 848 97 880 n0,
119 842 158 872 et
176 843 301 874 cetera
318 838 445 881 tereti,
466 844 718 888 praeterquam
739 838 786 874 ad
802 844 1027 881 extremum,
1049 838 1152 875 unde

29 899 172 938 ferrum
186 901 383 939 exstabat:
407 902 457 946 id,
479 903 577 938 sicut
595 902 636 938 in
655 901 747 951 pilo,
769 901 993 951 quadratum
1011 908 1151 952 stuppa

31 965 360 1016 circumligabant,
391 966 653 1016 liniebantque
683 967 778 1017 pice.
835 966 993 1003 Ferrum
1019 972 1148 1003 autem

28 1034 104 1067 tres
133 1029 292 1079 longum
320 1030 490 1067 habebat
518 1030 647 1081 pedes,
668 1036 711 1067 ut
740 1043 825 1067 cum
851 1030 964 1067 armis
995 1030 1146 1068 transfi-

27 1106 116 1144 gere
141 1107 278 1146 corpus
307 1102 450 1147 posset.
508 1096 584 1132 Sed
611 1095 648 1132 id
677 1096 857 1139 maxime,
888 1095 1038 1130 etiamsi
1067 1095 1146 1130 hae-

26 1159 138 1196 sisset
155 1160 196 1196 in
221 1166 344 1204 scuto,
363 1173 435 1197 nec
461 1166 698 1211 penetrasset
723 1161 763 1195 in
792 1171 943 1208 corpus,
965 1170 1146 1209 pavorem

24 1222 215 1270 faciebat,
247 1225 363 1274 quod,
396 1237 513 1274 quum
545 1225 711 1261 medium
740 1236 944 1261 accensum
973 1224 1144 1260 mittere-

24 1294 100 1332 tur,
122 1294 425 1339 conceptumque
441 1289 525 1340 ipso
544 1294 652 1326 motu
671 1288 794 1325 multo
808 1287 999 1339 >majorem
1015 1288 1146 1336 ignem

22 1351 152 1397 ferret,
183 1365 288 1389 arma
306 1353 434 1389 omitti
463 1353 638 1403 cogebat,
660 1353 879 1402 nudumque
906 1351 1068 1389 militem
1096 1351 1145 1389 ad

19 1417 261 1466 insequentes
280 1417 376 1453 ictus
396 1417 603 1467 praebebat.

4 1503 6 1529 ἦ
75 1479 149 1517 ΙΧ.
179 1481 400 1520 Quum=diu
436 1493 574 1531 anceps
601 1481 737 1517 fuisset
765 1486 971 1522 certamen,
1001 1485 1040 1514 et
1072 1478 1143 1515 Sa-

6 1543 203 1593 guntinis,
233 1545 323 1594 quia
357 1550 495 1594 praeter
530 1557 635 1595 spem
672 1544 904 1587 resisterent,
935 1543 1143 1579 crevissent

21 1608 161 1655 animi,
193 1608 350 1653 Poenus,
372 1610 461 1658 quia
488 1622 567 1646 non
595 1610 760 1651 vicisset,
786 1621 857 1658 pro
885 1608 988 1643 victo
1014 1612 1138 1653 esset;

23 1672 227 1710 clamorem
261 1681 418 1724 repente
447 1674 628 1724 oppidani
657 1673 813 1716 tollunt,
844 1673 1071 1720 hostemque
1099 1672 1141 1708 in

19 1737 146 1773 ruinas
184 1738 282 1773 muli
319 1737 536 1788 expellunt,
571 1738 657 1774 inde
695 1737 908 1787 inpeditum
943 1736 1138 1786 trepidan-

19 1806 172 1849 temque
197 1801 428 1847 exturbant,
461 1808 655 1852 postremo
675 1802 801 1838 fusum
819 1800 1069 1849 fugatumque
1096 1800 1137 1836 in

12 1856 145 1934 lcastra
164 1864 352 1913 imedigunt
410 1865 569 1902 Interim
590 1865 637 1901 ab
657 1864 785 1900 Roma
813 1864 960 1912 legatos
986 1863 1135 1899 venisse
1149 1863 1315 1898 Hannibal

14 1927 241 1969 nunciatum
273 1935 352 1964 est:
385 1929 520 1978 quibus
551 1928 703 1964 obviam
732 1928 778 1963 ad
815 1940 918 1963 mare
946 1927 1051 1963 missi
1084 1926 1133 1963 ab
1146 1906 1326 1984 ξὲῗῐξοεῃοη

15 1987 250 2050 Hannibale,
272 1994 334 2041 qui
356 1993 538 2036 dicerent,
559 2005 629 2028 nec
649 1999 733 2028 tuto
753 2004 817 2028 eos
845 1993 1014 2028 adituros
1035 1992 1134 2027 inter
1146 1994 1296 2028 admittit.

20 2060 76 2090 tot
95 2062 172 2091 tam
200 2055 371 2092 efielatal
375 2070 437 2093 um
457 2058 628 2105 gentium
654 2071 687 2093 a:
689 2071 780 2094 ma:
815 2070 883 2094 nec
904 2056 1130 2099 Hannibali,

18 2118 55 2154 ¹in
82 2123 193 2155 tanto
224 2120 437 2156 discrimine
475 2134 612 2163 rerum,
644 2134 766 2171 opera:
801 2134 882 2156 esse
919 2121 1130 2170 legationes

20 2196 21 2204 ¹
40 2182 155 2220 udire.
202 2184 435 2234 Adparebat,
457 2198 534 2221 non
555 2186 738 2221 admissos
765 2186 937 2235 protinus
958 2185 1130 2220 Kartha·

24 2246 141 2293 {inem
160 2249 279 2285 ituros
296 2264 303 2285 z
336 2250 462 2287 literas
485 2252 600 2299 igitur
620 2251 855 2299 nunciosque
871 2250 916 2286 ad
936 2250 1126 2299 principes

25 2309 190 2354 actionis
210 2313 383 2351 Barcinae
403 2316 615 2365 prasmittit,
635 2324 675 2351 ut
695 2322 949 2366 praepararent
971 2325 1126 2349 suorum
