1527 2661
247 202 301 244 62
711 214 756 243 T.
783 215 916 243 L1v11

56 308 145 338 U-C-
163 306 381 342 444-aciem.
423 304 539 344 Quod
570 303 632 339 ubi
663 305 781 340 sensit
810 304 987 346 dictator,
1021 304 1077 339 Ab
1103 304 1234 340 laevone
1259 317 1372 342 cornu

54 353 94 382 A·
109 352 146 382 C'
163 357 400 406 ³⁰³·victoria
428 371 607 417 incipiet?
635 369 771 417 inquit,
793 374 828 404 et
847 370 1013 404 dextrum
1038 381 1161 411 cornu,
1183 370 1373 406 dictatoris»

252 436 358 476 acies,
380 435 536 469 alienam
553 445 713 480 pugnam
729 438 908 480 sequetur,
925 445 994 468 non
1010 438 1154 480 partem
1174 435 1368 468 maximam

252 500 412 535 victoriae
432 497 550 533 trahet
564 499 584 532 ,9
614 497 794 532 Concitat
820 496 959 531 milites
976 512 983 532 z
1016 509 1086 532 nec
1105 497 1276 545 peditum
1294 498 1368 533 vir-

253 564 329 599 tuti
359 563 517 610 equites,
549 567 614 596 aut
640 559 853 608 legatorum
883 561 1006 596 studia
1034 561 1191 596 ducibus
1219 562 1370 598 cedunt.

254 627 311 663 M.
324 626 505 662 ⁷Valerius
527 638 547 660 a
569 624 717 666 dextro,
735 624 778 660 P.
798 624 940 660 Decius
962 625 1008 661 ab
1025 624 1120 660 laevo
1141 637 1274 669 cornu,
1290 638 1370 661 am*-

255 691 307 727 bo
337 689 552 726 consulares
583 688 630 723 ad
660 688 803 736 equites
834 689 873 724 in
903 689 1081 725 cornibus
1111 689 1256 738 positos
1287 702 1373 726 eve-

256 757 423 791 huntur:
457 753 723 801 adhortatique
750 765 829 795 eos,
851 760 894 789 ut
922 761 1070 803 partem
1097 766 1224 790 secum
1243 766 1379 803 capes-—

259 826 386 856 serent
411 818 573 860 decoris,
600 818 639 852 in
665 824 882 854 transversa
909 818 1029 854 latera
1053 819 1223 854 hostium
1247 819 1374 854 incur-

61 879 221 910 Vincitur.
258 890 359 920 runt.
399 883 438 919 Is
464 894 584 918 novus
612 881 759 917 additus
786 889 910 918 terror
929 895 1044 931 quum
1064 895 1111 918 ex
1132 888 1239 932 parte
1270 889 1373 918 utra-

257 961 331 998 que
360 946 660 984 circumvasisset
689 946 822 988 aciem,
851 952 889 981 et
918 946 965 982 ad
994 954 1178 982 terrorem
1206 947 1376 982 hostium

256 1012 427 1061 legiones
453 1010 653 1052 Romanae,
675 1010 935 1058 redintegrato
957 1010 1136 1053 clamore,
1157 1010 1375 1047 intulissent

257 1077 430 1125 gradum,
449 1082 531 1111 tum
547 1074 639 1123 fuga
659 1074 706 1110 ab
728 1075 961 1111 Samnitibus
978 1081 1116 1125 coepta.
1145 1075 1169 1111 J
1173 1088 1234 1111 am
1249 1080 1375 1125 strage

255 1141 454 1176 hominum
475 1149 739 1186 armorumque
767 1139 972 1186 insignium
993 1140 1116 1188 campi
1140 1139 1300 1188 repleri3
1333 1153 1377 1176 ac

257 1205 381 1255 primo
402 1203 556 1253 pavidos
579 1203 766 1238 Samnites
787 1209 911 1238 castra
930 1215 997 1238 sua
1016 1216 1217 1252 accepere:
1241 1203 1376 1240 deinde

258 1282 306 1305 ne
323 1282 366 1305 ea
383 1268 530 1318 quidem
548 1275 696 1302 retenta
712 1282 718 1302 :
739 1268 858 1317 captis
876 1267 1106 1317 direptisque
1119 1274 1207 1304 ante
1222 1274 1376 1305 noctem

260 1333 420 1383 injectus
450 1333 560 1381 ignis.
604 1331 784 1368 Dictator
811 1346 857 1368 ex
887 1332 1218 1368 senatusconsulto
1240 1333 1376 1369 trium-

259 1398 414 1448 phavit:
452 1396 558 1446 cujus
593 1397 786 1446 triumpho
824 1396 939 1444 longe
971 1397 1174 1432 maximam
1212 1398 1377 1446 speciem

260 1464 409 1512 captiva
435 1476 539 1498 arma
568 1462 785 1511 praebuere:
819 1469 969 1498 tantum
999 1462 1291 1510 magnificentiae
1321 1464 1386 1499 vi-

259 1541 342 1563 sum
370 1528 407 1563 in
438 1528 497 1569 iis,
521 1533 559 1562 ut
591 1534 723 1562 aurata
752 1533 859 1562 scuta
882 1527 1043 1562 dominis
1075 1528 1377 1575 argentariarum

259 1593 305 1628 ad
334 1592 460 1628 forum
487 1591 697 1627 ornandum
725 1591 1002 1627 dividerentur:
1036 1592 1121 1628 inde
1146 1599 1278 1628 natum
1304 1593 1388 1629 ini-u

258 1658 354 1692 tium
384 1657 519 1692 dicitur
544 1655 618 1691 fori
647 1656 807 1692 ornandi
839 1656 885 1692 ab
911 1656 1095 1699 aedilibus,
1118 1670 1234 1706 quum
1259 1664 1377 1693 tensae

259 1723 496 1758 ducerentur.
542 1721 593 1757 Et
611 1720 779 1757 Romani
799 1721 948 1769 quidem
972 1722 1018 1757 ad
1043 1722 1229 1757 honorem
1252 1721 1389 1758 Deum-

260 1786 472 1835 insiguibus
508 1786 619 1822 armis
658 1786 826 1821 hostium
856 1786 911 1820 usi
947 1792 1057 1821 sunt:
1096 1786 1296 1835 Campani,
1330 1785 1378 1822 ab

67 1855 227 1927 Ξῗῐηηὶιεε
260 1852 436 1901 superbia
453 1860 487 1887 et
509 1852 598 1886 odio
620 1851 866 1894 Samnitium,
881 1851 1113 1899 gladiatores
1135 1851 1255 1901 (quod
1270 1864 1377 1901 spec·

66 1909 86 1937 g
101 1900 219 1928 adiuto-

66 1952 113 1972 res
261 1916 429 1952 taculum
468 1916 569 1950 inter
608 1915 736 1965 epulas
775 1917 872 1961 erat)
913 1928 958 1951 eo
992 1922 1129 1951 ornatu
1169 1925 1377 1960 armarunt,

263 1981 565 2028 Samnitiumque
588 1981 744 2015 nomine
773 1980 1061 2029 compellarunt.
1103 1979 1251 2016 Eodem
1277 1993 1379 2017 anno

262 2057 348 2081 cum
371 2044 522 2092 reliquis
545 2044 796 2079 Etruscorum
823 2044 869 2080 ad
896 2044 1105 2086 Perusiam,
1126 2057 1209 2092 quae
1236 2051 1274 2080 et
1298 2045 1381 2094 ipsa

261 2109 498 2144 induciarum
530 2108 640 2144 fidem
668 2117 836 2158 ruperat,
857 2108 996 2144 Fabius
1019 2107 1151 2143 consul
1178 2121 1246 2144 nec
1267 2109 1381 2145 dubia

262 2186 331 2209 nec
352 2173 493 2209 difficili
519 2173 679 2209 victoria
711 2173 888 2209 dimicat:
922 2174 1044 2223 ipsum
1070 2173 1251 2222 oppidum
1275 2179 1380 2220 (nam

260 2238 307 2273 ad
327 2238 468 2273 moeuia
493 2238 614 2274 victor
640 2239 819 2284 accessit)
844 2239 1017 2288 cepisset,
1038 2238 1079 2274 ni
1104 2236 1221 2286 legati
1240 2238 1380 2274 deden-

260 2311 315 2338 tes
338 2303 469 2339 urbem
495 2304 672 2340 exissent.
719 2304 902 2339 Praesidio
932 2303 1097 2338 Perusiae
1123 2302 1304 2351 inposito,
1326 2302 1381 2338 le-

259 2366 479 2415 gationibus
498 2368 662 2404 Etruriae
680 2369 884 2404 amicitiam
906 2366 1125 2418 petentibus
1145 2379 1220 2417 prae
1237 2378 1276 2402 se
1295 2365 1391 2402 Ro„
