1527 2661
95 277 136 307 U.
147 277 185 307 C.
204 283 277 309 530.

93 321 133 350 A.
149 320 185 352 C.
202 328 276 352 214.

65 2073 271 2113 PugnaMar-

66 2118 188 2148 cellum
206 2119 254 2146 in-

64 2168 110 2191 ter
126 2168 156 2190 et
172 2160 262 2190 Han-

66 2204 219 2238 nibalem.

286 181 373 223 390
758 181 803 209 Τ.
833 182 963 210 L1v11

291 273 508 321 Priusquam
530 284 648 308 omnes
663 270 750 319 jure
771 272 945 308 libertatis
962 283 1166 319 aequassem,
1186 270 1325 320 inquit,
1347 283 1408 308 ne-

288 340 420 374 minem.
448 343 535 374 uota
562 338 700 373 strenui
733 341 797 373 aut
826 337 947 384 ignavi
976 337 1100 372 militis
1132 340 1271 372 notasse
1298 337 1409 373 volui.

289 404 408 446 Nunc,
427 404 586 439 exsoluta
595 401 677 448 jam
684 403 765 451 fide
779 402 941 450 publica,
956 413 1001 437 ne
1019 402 1205 437 discrimen
1219 413 1322 437 omne
1335 402 1408 437 vir-

289 469 376 503 tutis
400 468 619 514 ignavioeque
642 470 779 513 pereat,
799 466 945 500 nomina
971 477 1107 507 eorum,
1130 466 1203 512 qui,
1225 465 1408 501 detracta-

289 535 333 566 ἰαὶ
359 543 490 578 pugnoe
511 542 695 571 memores,
721 531 947 565 secessionem
972 529 1099 577 paullo
1123 533 1206 564 ante
1222 528 1408 576 fecerunt,

287 594 419 644 referri
441 597 490 631 acl
514 607 570 631 me
589 593 718 641 jubebo
732 611 744 630 .·
775 596 971 642 citatosque
994 594 1150 641 singulos
1168 591 1410 640 jurejurando

287 661 449 707 adigam,
469 661 537 696 nisi
556 661 653 708 queis
670 658 810 695 morbus
828 669 952 694 caussa
970 659 1052 699 erit,
1073 669 1144 693 non
1162 658 1284 700 aliter,
1301 669 1410 706 quam

287 729 433 767 stantes,
464 724 579 760 cibum
608 725 871 772 potionemque,
902 723 1021 770 quoad
1048 722 1228 769 stipendia
1247 719 1408 770 facient,

288 793 455 837 capturos
473 801 555 825 esse.
611 789 720 825 Hanc
748 788 902 824 vmultam
922 788 974 823 ita
999 798 1098 835 oequo
1123 787 1243 822 animo
1261 785 1408 834 feretis,

285 855 316 889 si
334 854 558 902 reputabitis,
578 854 683 890 nulla
708 854 860 901 ignaviae
884 856 971 888 nota
997 852 1126 887 leviore
1150 863 1210 887 vos
1229 851 1410 899 designari

282 920 453 966 potuisse.
505 918 665 967 Signum
685 916 819 953 deinde
839 915 1055 964 conligendi
1074 927 1163 951 vasa
1182 914 1303 951 dedit:
1337 913 1408 950 mi-

286 983 447 1033 litesque
467 984 631 1035 praedam
651 988 848 1032 portantes
865 987 1109 1030 agentesque,
1129 993 1197 1032 per
1214 979 1409 1017 lasciviam

287 1061 331 1085 ac
350 1047 500 1099 jocum,
526 1049 582 1084 ita
607 1046 806 1084 ludibundi
832 1045 1095 1082 Beneventum
1116 1045 1274 1088 rediere,
1297 1051 1340 1081 ut
1359 1044 1407 1081 ab

287 1112 407 1163 epulis
436 1126 504 1164 per
533 1112 718 1150 celebrem
749 1111 963 1159 festumque
993 1109 1091 1146 diem
1121 1110 1230 1152 actis,
1253 1121 1333 1146 non
1362 1121 1410 1146 ex

287 1177 382 1220 acie,
406 1177 545 1213 reverti
563 1176 792 1213 viderentur.
849 1174 1112 1210 Beneventani
1138 1186 1269 1209 omnes
1295 1172 1409 1210 turba

288 1241 406 1278 effusa
432 1254 548 1291 quum
577 1241 730 1277 obviam
760 1240 807 1276 ad
835 1246 965 1289 portas
996 1239 1176 1282 exissent,
1206 1237 1409 1289 complecti

287 1305 441 1348 milites,
472 1305 669 1354 gratulari,
701 1316 837 1340 vocare
866 1305 905 1339 in
934 1303 1156 1352 hospitium.
1211 1302 1408 1352 Adparata

286 1371 460 1407 convivia
487 1370 664 1407 omnibus
692 1370 730 1405 in
757 1367 961 1419 propatulo
990 1367 1126 1404 aedium
1149 1366 1328 1403 fuerant:
1361 1365 1408 1402 ad

286 1447 331 1470 ea
349 1435 579 1478 invitabant,
598 1434 889 1481 Gracchumque
906 1431 1082 1474 orabant,
1101 1437 1143 1467 ut
1159 1430 1303 1481 epulari
1322 1442 1408 1480 per-

286 1498 454 1534 mitteret
491 1498 687 1534 militibus.
743 1496 796 1532 Et
831 1494 1025 1531 Gracchus
1059 1494 1113 1530 ita
1145 1494 1331 1544 permisit,
1367 1493 1406 1529 iu

285 1561 440 1611 publico
470 1561 714 1612 epularentur
748 1571 892 1596 omnes.
948 1558 1051 1593 Ante
1080 1569 1165 1593 suas
1195 1556 1407 1606 quibusque

285 1625 386 1661 fores
413 1625 563 1676 prolata
585 1625 740 1661 omnia:
774 1622 921 1673 pileati,
950 1627 1016 1657 aut
1044 1621 1132 1657 lana
1161 1620 1247 1657 alba
1272 1620 1404 1657 velatis

286 1689 473 1739 capitibus
494 1689 651 1725 volones
675 1687 817 1737 epulati
839 1692 927 1722 sunt
943 1702 954 1731 3
987 1685 1051 1721 alii
1074 1684 1320 1727 adcubantes,
1342 1684 1407 1720 alii

285 1760 443 1796 stantes,
490 1754 555 1802 qui
601 1751 714 1788 simul
759 1749 1028 1787 ministrabant
1070 1748 1406 1797 vescebanturque.

284 1816 416 1865 Digna
444 1830 501 1853 res
532 1817 624 1859 visa,
655 1823 698 1851 ut
730 1815 972 1851 simulacrum
1005 1813 1186 1849 celebrati
1219 1812 1298 1863 ejus
1333 1813 1407 1849 diei

285 1882 496 1924 Gracchus,
517 1888 720 1931 postquam
741 1880 906 1916 Romam
926 1879 1051 1921 rediit,
1073 1878 1180 1928 pingi
1192 1877 1348 1928 juberet
1366 1878 1405 1913 in

284 1947 361 1983 aede
394 1946 618 1988 Libertatis,
655 1958 767 1994 quam
805 1951 913 1994 pater
946 1943 1026 1994 ejus
1061 1943 1100 1978 in
1132 1943 1327 1978 Aventino
1361 1955 1406 1978 ex

285 2010 497 2046 multaticia
517 2009 678 2059 pecunia
697 2009 908 2045 faciendam
930 2008 1074 2044 curavit
1094 2007 1364 2055 dedicavitque.

337 2074 470 2111 XVII.
501 2073 605 2109 Dum
624 2073 706 2109 haec
726 2073 772 2109 ad
794 2073 1056 2108 Beneventum
1077 2079 1274 2119 geruntur,
1295 2069 1406 2106 Han-

283 2138 402 2183 nibal,
423 2137 673 2189 depopulatus
699 2150 832 2185 agrum
858 2137 1174 2187 Neapolitanum,
1196 2135 1243 2170 ad
1262 2134 1404 2170 Nolam

284 2210 410 2240 castra
438 2208 591 2239 movet:
630 2214 742 2251 quem
778 2201 842 2237 ubi
876 2201 1077 2237 adventare
1108 2198 1240 2235 consul
1273 2199 1404 2240 sensit,

282 2267 500 2317 Pomponio
530 2272 763 2316 propraetore
796 2278 880 2301 cum
911 2277 957 2300 eo
986 2264 1168 2305 exercitu,
1199 2263 1261 2311 qui
1293 2274 1404 2312 super

283 2331 499 2369 Suessulam
528 2331 565 2367 in
593 2331 725 2366 castris
753 2336 847 2370 erat,
876 2329 1017 2369 adcito,
1039 2329 1093 2364 irc
1122 2327 1273 2365 obviam
1301 2326 1403 2364 hosti
