1527 2661
380 195 533 224 LIBER
558 191 702 220 xxvl.
734 189 842 218 CAP.
867 189 937 215 lx.
1127 183 1206 228 511

98 293 161 325 set.
218 286 306 323 Hoc
331 282 662 322 senatusconsulto
683 281 852 330 Capuam
872 277 1033 328 perlato,
1054 276 1102 316 Q.
1119 275 1209 312 Ful·
1222 276 1405 351 {8334}

98 353 179 388 vius
206 349 423 402 proconsul,
446 349 520 392 cui,
548 346 693 395 collega
720 358 766 381 ex
793 343 945 380 vulnere
972 354 1086 391 oegro,
1117 354 1209 377 eun—
1224 373 1354 406 Fulvius
1371 384 1390 404 a

99 417 186 452 dum
205 415 372 452 Romam
399 420 492 457 erat,
518 426 538 449 e
564 411 684 448 tribus
711 407 936 446 exercitibus
963 407 1083 443 milite
1113 406 1209 442 elec·
1223 418 1333 457 Capua
1345 418 1408 448 Ro-

1116 469 1210 506 Vul„
1224 471 1313 492 mam
1324 471 1413 492 revoa

99 486 155 522 to,
175 478 223 515 ad
242 479 455 528 quindecim
475 476 594 513 millia
611 475 793 526 peditum,
814 471 916 508 mille
936 471 1095 520 equites,
1223 512 1324 535 eamr.

97 550 252 579 turnum
272 542 454 578 traducit:
478 541 564 577 inde
584 551 699 588 quum
719 535 976 574 Hannibalem
996 535 1138 571 Latina
1151 535 1213 570 via

97 608 238 643 iturum
258 607 348 643 satis
369 607 628 656 comperisset,
649 605 729 653 ipse
754 615 820 652 per
839 601 973 651 Appiae
991 600 1210 650 municipia,

97 683 255 720 quaeque
274 678 430 721 propter
450 683 533 706 eam
552 669 650 704 viam
667 673 770 711 sunt,
790 667 946 708 Setiam,
964 666 1117 709 Coram,
1133 665 1210 702 La-

97 737 253 772 nuvium
271 736 469 786 praemisit,
488 740 531 770 ut
551 738 782 770 commeatus
803 737 955 782 paratos
982 737 1020 766 et
1045 730 1082 765 in
1108 730 1210 766 urbi-

95 799 164 836 bus
184 800 383 844 haberent‚
405 806 442 836 et
461 812 507 835 ex
526 799 625 848 agris
647 798 761 834 deviis
792 797 830 832 in
856 796 954 832 viam
981 794 1208 846 proferrent,

95 864 342 913 praesidiaque
370 865 410 899 in
445 864 554 900 urbes
585 863 866 905 contraherent,
902 869 943 898 ut
977 874 1043 898 sua
1076 861 1210 910 cuique

96 927 308 977 respublica
326 928 365 964 in
384 940 500 964 manu
519 934 628 963 esset.

149 991 224 1029 IX.
254 991 467 1036 Hannibal,
488 1005 563 1040 quo
583 991 644 1027 die
662 989 894 1026 Vulturnum
915 995 971 1025 est
997 996 1209 1037 transgres-

95 1068 172 1099 sus,
193 1056 294 1092 haud
323 1055 455 1105 procul
485 1069 507 1091 a
530 1055 685 1091 flumine
708 1060 830 1090 castra
852 1054 991 1103 posuit.
1048 1054 1209 1090 Postero

95 1120 155 1155 die
173 1126 309 1170 praeter
330 1120 438 1157 Cales
466 1121 505 1156 in
532 1132 665 1168 agrum
692 1119 899 1155 Sidicinum
927 1119 1124 1169 pervenit:
1157 1119 1210 1155 ibi

95 1183 194 1221 diem
213 1197 330 1221 unum
349 1184 568 1235 populando
588 1190 771 1227 moratus,
792 1196 858 1234 per
878 1183 1093 1219 Suessulam
1112 1183 1209 1219 Alli-

94 1247 301 1296 fanumque
335 1254 372 1284 et
406 1249 625 1285 Casinatem
658 1259 790 1296 agrum
819 1248 881 1283 via
908 1246 1049 1283 Latina
1078 1247 1204 1283 ducit:

95 1311 164 1348 sub
186 1312 367 1348 Casinum
386 1312 502 1348 biduo
523 1312 661 1348 stativa
682 1311 815 1348 habita
833 1318 871 1347 et
890 1312 1030 1361 passim
1049 1310 1207 1362 popula-

95 1375 219 1412 tiones
242 1375 364 1413 factae.
422 1376 530 1419 Inde,
554 1383 692 1426 praeter
716 1376 976 1412 Interamnam
994 1377 1208 1425 Aquinum-

94 1452 180 1488 que,
202 1440 241 1475 in
260 1439 527 1489 Fregellanum
556 1453 688 1488 agrum
719 1441 765 1477 ad
794 1440 914 1476 Lirim
940 1440 1095 1477 fluvium
1118 1454 1207 1477 ven-

95 1509 174 1538 tum
192 1517 200 1538 :
234 1504 300 1539 ubi
328 1504 549 1540 intercisum
567 1510 723 1553 pontem
744 1517 765 1540 a
784 1504 1015 1553 Fregellanis
1036 1507 1207 1542 morandi

92 1570 237 1606 itineris
258 1583 391 1607 caussa
409 1571 566 1607 invenit.
606 1571 658 1607 Et
676 1570 850 1607 Fulvium
870 1571 1078 1608 Vulturnus
1099 1580 1208 1608 tenu-

94 1640 175 1669 erat
194 1635 330 1678 amnis,
351 1634 508 1671 navibus
535 1635 581 1671 ab
606 1635 826 1671 Hannibale
845 1636 1021 1679 incensis,
1042 1642 1140 1672 rates
1162 1637 1208 1673 ad

94 1696 359 1747 trajiciendum
389 1700 610 1742 exercitum,
638 1701 676 1735 in
706 1713 845 1749 magna
873 1701 1003 1750 inopia
1025 1701 1205 1744 materiae,

94 1774 192 1809 aegre
213 1769 508 1812 comparantem.
555 1763 734 1813 Trajecto
754 1764 897 1799 ratibus
918 1765 1099 1807 exercitu,
1120 1765 1206 1800 reli-

92 1838 206 1873 quum
235 1825 370 1862 Fulvio
400 1827 615 1876 expeditum
646 1829 729 1871 iter,
751 1841 828 1864 non
857 1842 924 1878 per
947 1829 1056 1865 urbes
1077 1830 1205 1873 modo,

93 1890 158 1924 sed
179 1891 278 1926 circa
293 1891 404 1934 viam,
423 1893 604 1941 expositis
620 1892 785 1940 benigne
800 1894 1085 1937 commeatibus,
1104 1901 1203 1930 erat:

93 1952 309 2002 alacresque
339 1954 477 1990 milites
507 1955 601 1991 alius
632 1955 761 1999 alium,
784 1963 825 1992 ut
854 1957 1007 1993 adderet
1033 1959 1203 2007 gradum,

91 2029 236 2052 memor
270 2018 317 2054 ad
350 2019 622 2056 defendendam
648 2021 701 2056 ire
729 2022 905 2071 patriam,
939 2023 1205 2063 hortabantur.

90 2081 257 2117 Romam
286 2082 529 2131 Fregellanus
558 2086 732 2129 nuncius,
760 2086 857 2122 diem
886 2094 1112 2137 noctemque
1141 2090 1204 2125 iti-

91 2157 180 2181 nere
200 2147 438 2190 continuato,
456 2150 649 2197 ingentem
669 2150 804 2188 adtulit
824 2159 1030 2188 terrorem:
1063 2153 1202 2190 tumul-

90 2210 251 2252 tuosius,
273 2224 386 2259 quam
414 2212 580 2249 adlatum
610 2221 704 2258 erat,
736 2228 864 2252 cursus
894 2217 1107 2261 hominum,
1137 2220 1202 2255 ad-

90 2272 315 2321 fingentium
343 2288 440 2311 vana
470 2277 621 2320 auditis,
650 2285 771 2316 totam
800 2280 931 2322 urbem
958 2284 1199 2319 conciverat:

89 2335 258 2385 ploratus
287 2338 485 2376 mulierum
514 2353 592 2377 non
623 2354 668 2378 ex
697 2344 852 2393 privatis
882 2344 1003 2381 solum
1028 2346 1200 2384 domibus
1213 2352 1390 2385 Tumultus

608 2406 641 2440 Z
658 2407 680 2441 4
1215 2395 1339 2426 Romae.

1513 1964 1527 2311 :vn-..Q-q„„.„-fl4„.stu
1525 1920 1527 1925 ,

1510 2591 1523 2607 .:
1506 2423 1525 2569 <dra-rw
1510 2317 1520 2418 *nn-..⁶-
