1527 2661
304 152 388 203 264
773 163 818 191 T.
842 163 974 193 L1v11

107 271 198 301 uc,
217 276 291 301 535,
304 264 454 301 quorum
471 264 532 288 vos
550 252 654 288 modo
673 263 776 287 arma
794 252 1013 300 dexteraeque
1033 257 1207 298 texerunt,
1227 262 1408 306 patronos

106 315 147 344 Α·
162 314 198 345 C·
215 319 289 349 Ω17·
301 316 517 357 salutabitis,
536 319 583 356 et,
603 315 633 349 si
651 314 744 349 nihil
761 314 875 356 aliud,
894 320 1082 362 gratorum
1101 322 1194 354 certe
1218 318 1313 354 nobis
1331 321 1409 355 arii-

108 447 176 478 Sub
187 451 287 489 impe-

106 492 191 522 rium
201 494 286 524 Fabii

105 535 194 567 redit.

301 393 439 419 morum
454 380 611 427 gloriam
631 378 702 412 dies
722 376 793 411 haec
812 378 962 413 dederit.

355 442 492 480 XXX.
522 441 641 488 Signo
672 439 777 481 dato,
808 439 1067 476 conclamatur
1089 442 1189 485 inde,
1217 449 1259 478 ut
1287 442 1407 479 conli-

301 514 439 558 gantur
456 518 544 541 vasa
558 517 565 539 :
598 501 759 552 profecti
776 508 813 538 et
829 504 979 551 agmine
994 504 1210 541 incedentes
1226 507 1274 542 ad
1287 507 1406 543 dicta-

299 573 394 609 toris
415 576 538 606 castra
557 568 594 603 in
611 567 900 603 admirationem
916 573 953 602 et
973 568 1109 618 ipsum,
1128 576 1166 604 et
1180 582 1325 614 omnes,
1342 571 1407 619 qui

299 638 399 673 circa
429 639 549 676 erant,
571 637 850 667 converterunt.
909 631 964 667 Ut
983 633 1191 669 constituta
1216 640 1304 669 sunt
1319 640 1407 671 ante

298 698 466 738 tribunal
492 698 614 745 signa,
635 707 854 745 progressus
875 701 963 731 ante
982 695 1076 732 alios
1104 697 1284 746 magister
1303 697 1407 746 equi-

298 773 394 807 tum,
416 774 530 811 quum
546 764 690 808 patrem
709 758 869 794 Fabium
885 758 1124 809 adpellasset,
1142 760 1406 796 circumfusos-

298 842 370 879 que
390 826 551 863 militum
572 823 652 873 ejus
679 828 803 858 totum
823 834 956 871 agmen
980 829 1153 872 patronos
1171 824 1406 861 consalutas-

297 899 368 938 set,
391 889 618 929 Parentibus,
635 886 770 934 inquit,
790 887 889 929 meis,
906 888 1075 930 dictator,
1093 889 1232 936 (quibus
1251 893 1284 924 te
1302 889 1408 925 modo

295 959 452 997 nomine,
474 952 675 1002 quofarzdo
690 963 847 998 possum,
868 952 1022 999 aequavi)
1045 954 1158 988 vitam
1184 956 1325 988 tantum
1345 953 1405 988 de-

296 1023 382 1058 beo:
413 1020 475 1055 tibi
500 1030 608 1065 quum
636 1028 752 1051 meam
779 1016 944 1058 salutem,
973 1020 1049 1052 tum
1080 1018 1235 1052 omnium
1267 1017 1406 1052 horum.

298 1087 426 1132 Itaque
448 1082 704 1130 plebeiscitum,
726 1091 793 1127 quo
821 1084 987 1116 oneratus
1013 1082 1140 1128 magis,
1162 1093 1270 1128 quam
1295 1080 1405 1115 hono-

295 1154 397 1186 ratus
424 1158 516 1188 sum,
546 1145 685 1192 primus
716 1144 863 1190 antiquo
892 1143 1114 1191 abrogoque:
1142 1149 1189 1186 et,
1221 1145 1316 1191 quod
1345 1144 1408 1179 tibi

294 1214 467 1260 mihique,
488 1210 581 1258 quod
609 1207 881 1255 exercitibusque
909 1207 962 1243 his
991 1210 1073 1250 tuis,
1092 1212 1232 1244 servato
1250 1219 1293 1243 ac
1320 1219 1403 1242 con-

291 1276 479 1317 servatori,
508 1274 555 1308 sit
572 1270 684 1320 felix,
705 1270 767 1306 sub
795 1272 984 1318 imperium
1012 1273 1278 1319 auspiciumque
1304 1275 1403 1306 tuum

292 1342 410 1381 redeo,
438 1343 472 1374 et
496 1338 600 1383 signa
620 1334 692 1370 haec
719 1335 938 1383 legionesque
965 1337 1122 1371 restituo.
1185 1336 1251 1377 Tu,
1274 1346 1402 1382 quaeso,

288 1406 456 1453 placatus
491 1412 546 1436 me
573 1400 817 1446 magisterium
848 1401 1019 1446 equitum,
1054 1400 1116 1436 hos
1151 1400 1290 1435 ordines
1323 1410 1403 1434 suos

291 1478 462 1516 quemque
482 1470 598 1500 tenere
607 1462 744 1508 jubeas.
778 1462 877 1498 Tum
897 1463 1036 1498 dextrae
1057 1461 1308 1512 interjunctae,
1329 1462 1400 1497 mi-

290 1531 464 1579 litesque,
491 1527 675 1564 concione
707 1526 874 1569 dimissa,
905 1540 927 1562 a
956 1527 1055 1563 notis
1087 1527 1302 1576 ignotisque
1330 1525 1397 1561 be-

290 1595 406 1643 nigne
426 1599 538 1641 atque
559 1590 799 1640 hospitaliter
824 1591 997 1626 invitati:
1030 1591 1212 1639 laetusque
1238 1590 1330 1633 dies,
1352 1603 1398 1626 ex

290 1657 494 1695 admodum
523 1656 624 1691 tristi
653 1654 781 1704 paullo
811 1662 898 1691 ante
935 1669 979 1691 ac
1014 1668 1132 1705 prope
1161 1653 1397 1697 exsecrabili,

288 1722 425 1759 factus.
480 1718 630 1761 Romae,
652 1725 694 1753 ut
714 1723 771 1753 est
797 1718 942 1767 perlata
961 1718 1062 1754 fama
1086 1719 1141 1753 rei
1161 1723 1290 1766 gestae,
1311 1716 1398 1752 dein

289 1785 408 1821 literis
429 1795 507 1819 non
527 1782 646 1830 magis
663 1782 832 1831 ipsorum
848 1782 1134 1831 imperatorum,
1151 1793 1263 1830 quam
1282 1779 1396 1828 vulgo

288 1847 451 1883 militum
471 1859 517 1882 ex
536 1852 697 1893 utroque
723 1846 890 1880 exercitu
910 1844 1120 1888 adfirmata,
1141 1857 1209 1894 pro
1236 1856 1274 1879 se
1294 1844 1396 1892 quis-

287 1923 359 1960 que
377 1910 591 1945 Maximum
610 1908 782 1944 laudibus
804 1909 850 1944 ad
870 1908 1007 1944 coelum
1026 1909 1135 1945 ferre.
1181 1908 1255 1944 Par
1274 1907 1396 1956 gloria

285 1974 385 2024 apud
414 1971 672 2008 Hannibalem
705 1972 909 2020 hostesque
935 1973 1075 2009 Poenos
1106 1978 1207 2008 erat:
1240 1984 1283 2007 ac
1312 1977 1392 2007 tum

284 2038 433 2073 demum
454 2036 606 2077 sentire,
624 2047 706 2070 cum
727 2034 912 2070 Romanis
934 2042 1046 2084 atque
1066 2037 1103 2071 in
1124 2035 1236 2071 Italia
1250 2033 1391 2071 bellum

282 2113 374 2137 esse.
430 2100 533 2135 Nam
551 2099 707 2135 biennio
727 2106 815 2135 ante
835 2099 928 2135 adeo
949 2109 986 2136 et
1005 2100 1116 2135 duces
1136 2099 1333 2135 Romanos
1354 2104 1392 2134 et

279 2164 418 2200 milites
445 2169 675 2213 spreverant,
698 2170 738 2198 ut
764 2164 826 2199 vix
852 2176 936 2199 cum
963 2163 1092 2199 eadem
1112 2170 1224 2212 gente
1248 2162 1390 2198 bellum

280 2240 360 2263 esse
381 2227 588 2269 crederent,
611 2225 715 2276 cujus
736 2226 943 2263 terribilem
967 2239 1049 2262 eam
1069 2227 1208 2263 famam
1229 2239 1250 2261 a
1269 2226 1386 2276 patri-

278 2290 348 2326 bus
369 2291 613 2341 accepissent.
671 2289 929 2327 Hannibalem
950 2303 1099 2340 quoque
1119 2303 1165 2328 ex
1182 2290 1261 2327 acie
1282 2289 1386 2326 rede-
