1527 2661
101 287 144 317 U.
158 287 194 317 C.
213 293 284 318 5³4.

102 331 143 360 Α.
157 330 193 359 C.
211 333 284 361 218ss

110 920 274 951 Hannibal

111 964 242 1011 Iberum

109 1013 229 1037 transm

299 186 376 238 178
747 199 793 226 Τ.
815 199 946 227 mvn

298 286 361 321 los.
399 283 581 320 Pavidum
596 286 733 334 primo,
749 297 934 332 nusquam
951 284 1312 333 circumspicientem
1333 288 1397 318 aut

297 348 572 397 respicientem,
589 354 758 384 secutum
772 364 783 393 3
806 348 952 390 deinde,
969 360 1058 383 cura
1071 348 1225 382 humani
1241 346 1399 394 ingenii,

296 424 425 460 quum,
439 412 616 460 quidnam
633 412 670 446 id
690 418 802 454 esset,
815 411 916 460 quod
931 412 1114 460 respicere
1132 411 1269 446 vetitus
1289 414 1400 451 esset,

297 475 460 522 agitaret
490 475 632 517 animo,
662 480 871 523 temperare
905 474 1023 510 oculis
1054 474 1289 522 nequivisse,
1320 479 1401 507 tum

296 537 446 580 vidisse,
466 544 554 587 post
578 549 659 573 sese
684 543 896 586 serpentem
923 537 1017 572 mira
1035 536 1293 584 magnitudine
1319 547 1403 570 cum

298 601 445 648 ingenti
464 600 642 635 arborum
661 612 704 635 ac
725 599 974 646 virgultorum
994 606 1119 647 strage
1133 598 1237 641 ferri,
1253 610 1297 633 ac
1315 603 1403 647 post

297 665 445 712 insequi
470 676 554 699 cum
572 663 723 711 fragore
743 662 828 698 coeli
848 663 1018 698 nimbum
1036 677 1043 697 ε
1076 670 1172 705 tum,
1193 674 1270 710 quae
1295 662 1405 697 moles

300 739 356 769 ea,
377 729 506 775 quidve
528 728 686 775 prodigii
712 732 810 768 esset,
831 733 1060 774 quaerentem
1080 726 1248 762 audisse:
1286 725 1403 760 Vasti-

302 796 412 828 tatem
431 791 550 827 Italiae
568 802 638 826 esse
650 807 661 826 .·
686 796 851 838 pergeret
871 802 979 837 porro
1004 792 1067 832 ire,
1088 802 1152 826 nec
1169 791 1268 825 ultra
1286 790 1403 836 inqui-

300 860 407 896 reret,
427 856 624 902 sineretque
631 853 724 901 fata
742 855 778 888 in
797 854 934 888 occulto
951 864 1032 888 esse.

355 917 514 954 XXIII.
544 917 632 953 Hoc
655 917 736 952 visu
760 915 867 951 laetus
893 916 1084 965 tripartito
1105 915 1256 950 Iberum
1277 914 1404 963 copias

302 980 464 1030 trajecit,
482 980 696 1030 praemissiS,
714 980 778 1027 qui
792 978 989 1014 Gallorum
1008 979 1168 1020 animos,
1185 990 1259 1026 qua
1276 977 1405 1013 tradu-

303 1045 441 1081 cendus
461 1044 645 1080 exercitus
666 1049 759 1085 erat,
773 1042 881 1078 donis
902 1042 1160 1084 conciliarent,
1176 1040 1405 1090 Alpiumque

302 1109 481 1145 transitus
507 1107 811 1156 specularentur:
843 1107 1054 1154 nonaginta
1078 1104 1196 1140 millia
1222 1104 1403 1154 peditum,

302 1172 500 1208 duodecim
518 1171 636 1206 millia
651 1171 818 1218 equitum
838 1169 990 1205 Iberum
1006 1169 1184 1204 traduxit.
1227 1167 1406 1215 Ilergetes

303 1236 404 1278 inde,
434 1235 730 1283 Bargusiosque,
761 1240 797 1269 et
821 1233 1051 1274 Ausetanos,
1080 1238 1118 1267 et
1144 1231 1404 1272 Lacetaniam,

305 1312 386 1347 quae
407 1297 577 1347 subjecta
591 1296 781 1346 Pyrenaeis
801 1295 994 1331 montibus
1016 1302 1085 1337 est,
1107 1294 1279 1342 subegit:
1313 1306 1406 1328 orae-

306 1374 378 1411 que
404 1362 491 1397 huic
510 1361 614 1395 omni
640 1359 806 1409 praefecit
835 1359 1081 1399 Hannonem,
1103 1365 1145 1393 ut
1164 1357 1305 1399 fauces,
1326 1370 1408 1405 quae

306 1425 513 1475 Hispanias
534 1423 666 1460 Galliis
682 1423 865 1472 jungunt,
887 1424 924 1457 in
944 1428 1132 1471 potestate
1152 1427 1288 1457 essent.
1328 1421 1408 1456 De-

308 1502 389 1525 cem
418 1488 535 1524 millia
566 1487 734 1537 peditum
763 1486 946 1522 Hannoni
981 1486 1027 1521 ad
1063 1485 1276 1534 praesidium
1309 1484 1409 1520 obti-

248 1566 261 1571 ·
307 1553 441 1589 nendae
470 1552 635 1600 regionis
662 1551 762 1594 data,
790 1559 827 1586 et
857 1550 957 1585 mille
990 1550 1144 1597 equites,
1201 1549 1409 1597 Postquam

309 1629 376 1666 per
393 1615 614 1664 Pyrenaeum
634 1613 770 1649 saltum
790 1614 936 1648 traduci
962 1614 1145 1648 exercitus
1174 1619 1228 1646 est
1249 1618 1411 1660 coeptus,

310 1691 512 1727 rumorque
529 1690 595 1727 per
614 1676 793 1712 barbaros
814 1676 980 1711 manavit
1000 1676 1137 1710 certior
1152 1674 1196 1710 de
1210 1673 1310 1710 bello
1330 1673 1412 1709 Ro-

310 1754 449 1786 mano;
477 1740 549 1776 tria
578 1739 694 1775 millia
719 1740 805 1774 iude
833 1739 1130 1788 Carpetanomm
1157 1737 1324 1786 peditum
1343 1738 1414 1772 iter

311 1810 550 1842 averterunt:
583 1803 796 1845 constabat,
823 1815 900 1838 non
921 1810 999 1837 tam
1016 1801 1116 1836 bello
1143 1807 1281 1843 motos,
1303 1813 1414 1849 quam

312 1870 591 1918 longinquitate
622 1869 691 1903 viae
718 1867 1035 1916 insuperabilique
1056 1865 1211 1915 Alpium
1239 1866 1412 1901 transitu.

313 1932 522 1974 Hannibal,
543 1932 631 1980 quia
659 1943 835 1966 revocare
854 1936 919 1965 aut
946 1930 980 1964 vi
1007 1930 1167 1964 retinere
1188 1941 1251 1963 eos
1279 1941 1414 1977 anceps

313 2003 406 2038 erat,
427 2008 474 2031 ne
495 2002 704 2030 ceterorum
725 1995 837 2030 etiam
856 1994 999 2029 feroces
1021 1993 1136 2028 animi
1163 1992 1411 2034 irritarentur,

314 2073 427 2110 supra
452 2065 595 2108 septem
623 2058 740 2094 millia
765 2058 962 2093 hominum
985 2056 1116 2091 domos
1142 2055 1301 2097 remisit,
1320 2068 1414 2103 quos

317 2130 353 2159 et
378 2124 458 2172 ipse
479 2122 624 2169 gravari
652 2121 787 2156 militia
812 2126 992 2161 senserat,
1014 2118 1245 2168 Carpetanos
1266 2130 1415 2166 quoque

317 2186 363 2224 ab
384 2198 423 2221 se
442 2185 614 2221 dimissos
633 2183 824 2219 simulans.

370 2248 522 2286 XXIV.
551 2247 659 2290 Inde,
681 2260 727 2283 ne
754 2259 860 2282 mora
885 2253 996 2294 atque
1023 2246 1141 2281 otium
1168 2246 1311 2280 animos
1342 2244 1416 2280 sol-

318 2314 520 2356 licitarent,
549 2325 632 2348 cum
660 2311 812 2361 reliquis
842 2311 959 2360 copiis
979 2310 1199 2358 Pyrenaeum
1229 2315 1419 2357 transgre-
