1527 2661
321 161 475 192 Lmen
499 162 546 190 x.
581 161 686 190 cAP.
708 160 898 190 xxvnr.
1102 159 1179 205 113

65 257 153 306 quia
172 258 226 293 ita
245 269 464 307 persuasum
493 262 574 293 erat
594 256 694 298 duci,
717 261 755 291 et
784 256 972 292 Samnites
993 262 1031 291 et
1051 255 1182 291 Gallos
1197 257 1287 287 U·C-
1305 262 1385 291 4574

64 323 187 371 primo
215 323 346 372 inpetu
371 321 516 358 feroces
545 334 640 363 esse,
663 333 757 369 quos
785 320 962 356 sustineri
989 321 1080 356 satis
1108 301 1285 366 sit3A‘C'
1305 308 1378 333 ‘³9⁵'

43 383 237 434 'longiore
257 385 463 421 certamine
491 386 629 421 sensim
654 384 817 420 residere
848 384 1075 420 Samnitium
1103 385 1185 420 ani-

64 461 170 484 mos:
203 447 401 485 Gallorum
421 448 572 497 quidem
598 449 714 484 etiam
736 460 897 498 corpora
925 447 1185 484 intolerantis-

65 513 161 550 sima
191 513 332 550 laboris
368 522 482 562 atque
514 519 626 549 aestus
656 512 795 558 fluere3
830 514 1024 563 primaque
1055 525 1186 549 eorum

64 577 200 627 proelia
229 577 312 629 plus
340 591 453 627 quam
482 578 664 620 virorum,
695 583 888 627 postrema
922 578 1045 613 minus
1073 590 1186 626 quam

16 642 17 646 ’
64 640 292 678 feminarum
311 655 403 679 esse.
452 642 498 678 In
528 643 566 678 id
585 648 734 691 tempus
760 643 889 690 igitur,
911 655 986 690 quo
1006 643 1105 677 vinci
1125 654 1188 677 so-

14 754 15 758 *
64 705 168 742 lebat
186 707 322 749 hostis,
340 719 452 755 quam
472 708 735 755 integerrimas
757 707 853 742 vires
873 706 984 741 militi
1001 706 1187 742 servabat.

14 760 15 763 Ἴ
63 769 245 806 Feroeior
263 770 406 806 Decius
428 776 465 805 et
485 776 597 806 aetate
618 778 655 806 et
676 771 807 820 vigore
827 772 959 814 animi,
983 778 1189 820 quantum-

14 849 15 854 *
64 846 223 884 cumque
242 834 377 870 virium
403 834 551 879 habuit,
573 836 779 872 certamine
805 836 928 886 primo
948 836 1101 872 effudit:
1135 841 1187 879 et,

12 949 13 955 1
65 899 154 949 quia
172 898 312 935 lentior
329 899 529 936 videbatur
549 901 731 949 pedestris
753 914 894 950 pugna,
917 901 1127 949 equitatum
1147 900 1186 936 in

12 958 13 965 ¹
65 975 233 1014 pugnam
260 964 453 999 concitat:
487 970 525 1000 et
544 965 639 1014 ipse,
660 964 877 1001 fortissimae
896 964 1083 1014 juvenum
1106 969 1187 999 tur-

11 1047 12 1077 j
65 1036 136 1061 mae
164 1028 362 1067 inmixtus,
392 1034 476 1060 orat
504 1040 678 1074 proceres
707 1027 936 1078 juventutis,
965 1028 1003 1064 in
1036 1028 1188 1064 hostem

66 1095 110 1125 ut
128 1101 254 1125 secum
276 1090 445 1139 inpetum
465 1088 631 1125 faciant:
655 1092 840 1140 duplicem
861 1092 1013 1128 illorum
1026 1091 1189 1138 gloriam

67 1153 164 1197 fore,
186 1154 217 1189 si
237 1154 283 1190 ab
304 1153 399 1190 laevo
421 1167 540 1190 cornu
560 1163 598 1190 et
618 1155 664 1191 ab
685 1156 812 1204 equite
832 1155 991 1191 victoria
1018 1154 1188 1204 incipiat.

68 1217 135 1253 Bis
170 1224 338 1254 avertere
368 1218 558 1255 Gallicum
595 1220 829 1268 equitatum:
867 1219 1003 1254 iterum
1036 1218 1188 1267 longius

68 1288 234 1325 evectoS,
264 1289 302 1318 et
324 1281 407 1333 jam
429 1284 527 1319 inter
553 1284 675 1320 media
705 1284 876 1332 equitum
905 1283 1058 1331 agmina
1088 1295 1189 1332 proe-

68 1345 161 1383 lium
181 1347 336 1390 cientes,
358 1360 499 1384 novum
526 1360 664 1397 pugnae
685 1348 896 1383 conterruit
916 1358 1032 1395 genus
1050 1361 1058 1381 :
1091 1358 1192 1382 esse-

71 1410 126 1447 dis
153 1411 342 1459 carrisque
368 1417 585 1462 superstans
613 1418 779 1447 armatus
806 1411 928 1447 hostis
956 1410 1102 1458 ingenti
1129 1422 1191 1446 so-

67 1475 152 1510 nitu
178 1487 359 1523 equorum
386 1482 630 1524 rotarumque
657 1475 822 1518 advenit,
844 1482 883 1510 et
907 1474 1082 1510 insolitos
1110 1472 1190 1523 ejus

69 1538 251 1575 tumultus
276 1531 540 1576 Romanorum
568 1541 780 1576 conterruit
807 1551 937 1589 equos,
981 1539 1042 1575 Ita
1067 1538 1190 1574 victo-

71 1615 149 1639 rem
182 1604 392 1652 equitatum
430 1604 533 1640 velut
570 1604 823 1654 lymphaticus
857 1616 976 1654 pavor
1006 1603 1187 1653 dissipat:

71 1668 205 1703 sternit
232 1668 319 1704 inde
345 1674 496 1704 ruentes
524 1682 640 1718 equos
668 1670 842 1717 virosque
868 1668 1069 1718 inprovida
1087 1668 1191 1717 fuga.

71 1730 243 1767 Turbata
268 1732 358 1768 hinc
389 1734 504 1768 etiam
535 1734 644 1781 signa
670 1733 886 1781 legionum:
920 1731 1105 1780 multique
1134 1733 1193 1767 in·-

72 1801 164 1844 petu
190 1808 372 1843 equorum
392 1809 436 1831 ac
463 1796 719 1831 vehiculorum
742 1803 936 1846 raptorum
964 1808 1030 1844 per
1056 1808 1193 1844 agmen

74 1857 204 1894 obtriti
222 1859 463 1907 antesignani
479 1875 486 1896 :
510 1866 547 1895 et
563 1861 748 1902 insecuta,
767 1859 878 1895 simul
894 1860 1046 1895 territos
1063 1860 1193 1895 hostes

72 1922 180 1964 vidit,
202 1922 349 1958 Gallica
375 1924 473 1959 acies
501 1923 646 1959 nullum
673 1925 836 1974 spatium
863 1919 1072 1972 respirandi
1098 1923 1194 1959 reci-

71 1986 274 2036 piendique
295 1998 334 2021 se
353 1986 467 2023 dedit.
488 1987 700 2024 vociferari
721 1987 878 2029 Deciis,
898 1987 1197 2035 QuofugerentP

73 2062 221 2098 quamve
242 2051 276 2085 in
286 2049 387 2099 fuga
405 2063 504 2099 spem
523 2051 690 2088 haberent
705 2054 724 2087 59
752 2051 937 2087 obsistere
958 2050 1193 2094 cedentibus,

73 2126 116 2150 ac
133 2126 308 2150 revocare
327 2115 431 2151 fusos
448 2130 455 2150 z
488 2115 636 2158 deinde,
658 2122 700 2150 ut
719 2115 823 2151 nulla
844 2116 878 2149 vi
898 2114 1090 2164 perculsos
1111 2126 1193 2150 sus·

48 2178 194 2227 ‘tinere
220 2185 384 2228 poterat,
413 2188 558 2229 patrem
587 2180 629 2216 P.
653 2179 816 2216 Decium
844 2180 999 2214 nomine
1027 2177 1193 2227 compel-

40 2272 43 2275 .
76 2240 170 2283 lans,
194 2243 291 2283 Quid
310 2244 409 2279 ultra
428 2256 561 2286 moror,
583 2245 720 2292 inquit,
731 2243 927 2292 familiare
935 2242 1066 2291 fatam
1080 2243 1100 2277 ,9
1128 2243 1192 2277 ιία-
1206 2248 1324 2278 Decius
1341 2257 1373 2277 se

76 2309 150 2341 tum
170 2306 234 2342 hoc
258 2312 379 2344 nostro
397 2310 518 2355 generi
537 2313 601 2351 est,
625 2313 663 2344 ut
690 2309 828 2344 luendis
850 2308 1020 2357 periculis
1043 2306 1194 2357 publicis
1205 2295 1347 2323 devmet-
