1527 2661
366 218 518 247 LIBER
543 217 674 245 XXII.
707 217 814 246 cAP.
836 218 915 246 XL.
1115 216 1194 262 275

7 263 11 294 J

7 296 11 352 i
86 309 220 357 gloria,
251 321 361 358 neque
389 314 452 344 tua
469 308 576 357 falsa
606 307 761 357 infamia
792 309 952 344 moverit.
1003 307 1196 345 Veritatem
1207 314 1250 345 U.
1264 313 1301 344 C.
1317 319 1389 344 536.

92 373 255 410 laborare
272 375 376 410 nimis
392 385 497 421 scepe,
523 375 638 416 aiunt,
657 374 833 421 exstingui
856 385 1062 420 numquam.
1107 373 1196 410 Glo-
1207 360 1247 389 A.
1260 357 1298 388 C·
1314 361 1388 388 ²¹⁵¹

90 439 185 474 riam
203 441 264 486 qui
281 440 463 487 spreverit,
482 450 604 474 veram
623 438 772 474 habebit.
820 438 918 480 Sine,
941 439 1107 474 timidum
1126 451 1200 487 pro

91 506 209 545 cauto,
232 496 374 538 tardum
389 515 457 551 pro
475 503 709 544 considerato,
728 503 891 538 inbellem
906 514 974 550 pro
989 503 1107 550 perito
1126 503 1200 539 bel-

93 566 120 601 li
144 572 293 604 vocent:
320 569 418 604 malo
445 573 477 604 te
501 569 639 616 sapiens
664 567 772 603 hostis
795 572 947 609 metuat,
968 579 1075 615 quam
1095 569 1200 605 stulti

92 629 183 666 eiures
203 631 360 668 laudent.
411 633 540 667 Omnia
565 632 755 667 audentem
775 635 971 666 contemnet
989 631 1177 668 Hannibal
1185 647 1202 677 ς

82 695 146 739 ⁷nil
165 700 292 731 temere
309 702 472 744 agentem
489 701 633 732 metuet.
691 696 766 731 Nec
784 707 860 743 ego,
880 700 923 731 ut
945 695 1035 731 nihil
1052 701 1200 744 agatur,

89 773 236 805 mone0,·
263 764 324 798 sed
348 767 388 798 ut
416 767 576 810 agentem
605 766 640 798 te
666 763 763 797 ratio
783 763 904 804 ducat,
928 773 998 797 non
1015 761 1176 810 fortuna
1188 779 1206 800 .-

92 831 161 860 tuae
174 827 363 872 potestatis
379 838 529 874 semper,
551 831 683 874 tuaque
702 826 821 861 omnia
839 826 912 861 sint
923 841 936 861 .·
963 832 1125 862 armatus
1142 829 1200 863 in-

90 893 275 938 tentusque
291 892 350 933 sis,
370 903 480 938 neque
498 891 670 926 occasioni
689 894 758 926 tuae
775 891 875 932 desis,
894 901 1006 938 neque
1021 902 1124 927 suam
1141 903 1201 927 oc·

91 955 267 990 casionem
295 955 387 991 hosti
405 956 476 991 des.
525 956 654 991 Omnia
680 967 751 990 non
773 956 988 1003 properanti
1006 956 1108 991 clara
1125 968 1202 992 cer-

96 1021 202 1066 taque
220 1023 322 1054 erunt
334 1034 346 1054 .·
363 1018 558 1067 festinatio
577 1019 763 1067 inprovida
780 1023 831 1054 est
850 1023 884 1055 et
902 1031 1007 1056 caeca.

149 1081 238 1119 XL.
266 1083 454 1119 Adversus
483 1096 528 1119 ea
547 1084 671 1119 oratio
691 1082 856 1119 consulis
876 1083 978 1119 haud
998 1095 1087 1120 sane
1114 1082 1203 1120 laeta

96 1145 183 1188 fuit,
203 1148 320 1196 magis
341 1147 510 1191 fatentis,
539 1160 597 1190 ea,
618 1161 700 1197 quae
720 1148 873 1191 diceret,
895 1160 995 1191 vera,
1016 1160 1128 1197 quam
1145 1147 1203 1185 fa-

96 1210 319 1254 cilia'factu,
346 1224 438 1248 esse.
485 1213 673 1248 Dictatori
698 1214 908 1260 magistrum
933 1215 1091 1261 equitum
1108 1214 1203 1250 into·
1217 1213 1318 1245 Paulli
1335 1223 1383 1245 re-

98 1276 279 1312 lerabilem
293 1276 434 1325 fuisse;
463 1278 548 1325 quisi
567 1278 701 1313 consuli
725 1279 893 1313 adversus
914 1279 1085 1325 collegam
1109 1279 1204 1315 sedi·
1216 1268 1382 1299 sponsum

98 1341 225 1375 tiosum
243 1353 285 1375 ac
311 1342 539 1376 temerarium
563 1342 693 1376 virium
712 1345 820 1389 atque
844 1343 1071 1377 auctoritatis
1083 1341 1206 1391 fore?

97 1403 146 1438 Se
162 1405 337 1451 populare
354 1405 554 1439 incendium
568 1405 691 1451 priore
717 1405 902 1440 consulatu
919 1406 1124 1441 semiustum
1148 1404 1203 1455 ef-

86 1467 254 1516 fugisse:
284 1473 422 1516 optare,
452 1473 493 1504 ut
521 1470 640 1504 omnia
667 1481 841 1516 prospere
865 1471 1068 1505 evenirent:
1097 1475 1149 1513 at,
1175 1472 1206 1506 si

95 1533 182 1580 quid
200 1534 339 1568 adversi
356 1534 510 1575 caderet,
531 1533 683 1568 hostium
700 1545 737 1569 se
757 1534 836 1569 telis
848 1535 982 1582 potius,
1003 1545 1110 1582 quam
1127 1534 1206 1583 suf-

88 1595 226 1644 fragiis·
256 1598 430 1632 iratorum
459 1597 603 1639 civium,
631 1602 742 1645 caput
767 1596 994 1643 objecturum.
1050 1597 1111 1633 Ab
1130 1597 1204 1633 hoc

101 1671 275 1695 sermone
304 1659 517 1709 profectum
539 1660 712 1696 Paullum
741 1661 909 1705 tradunt,
940 1662 1205 1711 prosequenti-

1 1705 5 1788 1
99 1721 170 1758 bus
202 1722 430 1772 primoribus
460 1722 629 1759 Patrum.
685 1723 881 1760 Plebeium
911 1724 1105 1760 consulem
1136 1737 1205 1762 sua

1 1789 5 1871 l
102 1785 229 1835 plebes
254 1792 470 1836 prosecuta,
499 1786 624 1829 turba,
654 1800 767 1836 quam
792 1788 991 1837 dignitate,
1022 1801 1206 1840 conspec-

102 1851 189 1886 tior.
246 1850 301 1887 Ut
325 1851 365 1886 in
393 1857 515 1910 castra
532 1858 729 1895 venerunt,
753 1854 942 1902 permixto
970 1866 1070 1890 novo
1097 1866 1204 1890 exer-

0 1891 5 2007 i
102 1916 179 1951 citu
199 1927 242 1951 ac
260 1921 398 1957 vetere,
417 1916 546 1951 castris
567 1915 740 1952 bifariam
756 1917 881 1961 factis,
902 1924 944 1953 ut
962 1930 1062 1954 nova
1079 1919 1203 1955 mino-

101 1991 144 2015 ra
163 1985 286 2014 essent
315 1979 469 2028 propius
497 1979 767 2023 Hannibalern,
798 1981 840 2017 inv
864 1981 1052 2018 veteribus
1081 1982 1205 2033 major·

1 2020 5 2112 Ι
101 2054 186 2091 pars
207 2048 243 2077 et
259 2054 371 2078 omne
390 2042 506 2078 robur
519 2043 654 2079 virium
674 2050 770 2079 esset
783 2060 794 2090 3
826 2051 907 2080 tum
923 2044 1121 2081 consulum
1136 2059 1203 2082 an-

103 2107 143 2142 ni
162 2106 297 2155 prioris
315 2105 371 2142 M.
391 2106 564 2150 Atilium,
587 2113 735 2144 aetatem
762 2115 1018 2152 excusantem,
1039 2109 1206 2147 Romam

0 2118 5 2204 i
103 2169 308 2214 miserunt3
342 2169 546 2206 Geminum·
565 2170 766 2208 Servilium·
786 2173 826 2208 in
845 2173 1054 2209 minoribus
1074 2174 1206 2209 castris

0 2206 4 2331 Ι
105 2231 245 2281 legioni
282 2233 468 2270 Romanae
500 2240 539 2269 et
574 2234 721 2272 socifim
756 2236 927 2285 peditum
962 2237 1206 2286 equitumque

84 2340 86 2342 Ι
107 2296 250 2333 duobus
276 2298 441 2335 millibus
467 2298 689 2349 praeficiunt.
744 2300 956 2344 Hannibal,
978 2314 1205 2351 quamquam
1221 2316 1413 2348 Hannibalis

0 2335 4 2440 ⁴
106 2366 211 2408 parte
225 2361 379 2399 dimidia
393 2369 520 2399 auctas
540 2363 711 2400 hostium
723 2365 850 2415 copias
867 2365 1059 2409 cernebat,
1075 2372 1204 2402 tamen
1220 2361 1373 2401 angustia.

1 2447 3 2469 Α
615 2428 653 2463 N
675 2428 696 2463 6
