1527 2661
95 275 138 306 U.
149 276 186 308 C.
205 283 278 309 538.

92 320 134 351 A.
150 320 186 351 C.
203 328 279 352 214.

288 179 372 232 418
746 191 794 220 Τ.
818 191 951 221 mvn

291 280 514 328 Murgantiae
527 279 737 328 praesidium
754 279 984 329 interfectum
1009 285 1071 318 est.
1128 281 1280 318 Noctem
1297 294 1406 320 unam

291 358 382 394 a’gre
401 346 450 381 ad
468 346 745 381 consultandum
762 347 883 389 sumsi,
906 358 977 394 qua
996 358 1056 382 vos
1075 347 1241 382 certiores
1253 348 1409 395 periculi

287 411 455 446 instantis
462 408 641 457 facerem.
701 410 790 445 Orta
811 410 888 445 luce
913 410 1114 445 concionem
1134 409 1292 446 habituri
1309 415 1406 453 sunt,

287 476 336 510 ad
355 475 616 510 criminandum
643 486 699 509 me
724 476 1044 522 concitandumque
1069 475 1105 510 in
1123 487 1183 510 vos
1205 476 1408 523 populum:

286 540 410 586 itaque
440 540 596 574 crastino
619 539 688 580 die,
719 543 785 574 aut
813 543 941 581 vestro,
969 543 1033 574 aut
1054 539 1295 574 Hennensium
1323 551 1407 575 san-

284 603 396 650 guine
408 602 540 638 Henna
556 601 788 638 inundabitur
801 618 813 638 :
832 614 895 638 nec
912 603 1154 651 praeoccupati
1167 614 1263 650 spem
1278 603 1406 645 ullam,

285 677 350 702 nec
375 671 586 715 occupantes
606 667 760 715 periculi
779 668 976 715 quidquam
1002 667 1194 704 habebitis:
1223 668 1411 715 qui-prior

286 732 473 766 strinxerit
485 730 645 780 ferrum,
667 730 740 778 ejus
759 732 914 767 victoria
937 733 1017 768 erit.
1075 732 1212 767 Intenti
1229 743 1313 779 ergo
1331 743 1408 767 om-

286 808 348 832 nes
377 797 580 844 armatique
606 798 750 844 sign-um
779 797 1048 845 exspectabitis:
1077 809 1141 844 ego
1173 798 1211 832 in
1243 797 1408 832 concione

286 872 373 897 ero:
401 866 436 896 et
462 865 612 910 ternpus,
634 862 752 909 quoad
777 863 897 897 onznia
926 864 1100 897 instructa
1127 862 1211 904 sint,
1234 860 1408 908 loquendo

286 925 566 973 altercandoque
600 925 755 961 traham.
816 927 934 968 Quum
973 932 1056 974 toga
1087 928 1228 974 signum
1261 927 1404 967 dedero,

286 994 362 1024 turn
382 989 469 1025 milii
495 991 651 1038 undique
669 991 825 1026 clamore
843 992 982 1027 sublato
1009 991 1149 1026 turbam
1168 991 1342 1033 invadite,
1363 1002 1408 1026 ac

283 1055 432 1089 sternite
459 1055 579 1089 omnia
597 1053 731 1102 ferro.-
759 1059 793 1090 et
822 1060 953 1097 cavete,
975 1056 1162 1102 quisquam
1187 1055 1353 1102 supersit,
1383 1067 1406 1088 a

284 1118 408 1165 quibus
427 1123 492 1154 aut
509 1120 574 1160 vis,
596 1124 661 1155 aut
669 1118 782 1167 fraus
800 1121 918 1155 timeri
936 1121 1058 1167 possit.
1104 1119 1182 1161 Vos,
1203 1118 1306 1154 Ceres
1324 1131 1403 1154 ma-

286 1188 339 1217 ter
359 1195 400 1218 ac
420 1183 652 1231 Proserpina,
670 1196 811 1232 precor,
834 1186 941 1220 ceteri
958 1185 1076 1231 superi
1097 1182 1300 1232 infernique
1320 1183 1402 1225 Dii,

284 1248 345 1294 qui
373 1247 465 1283 hanc
490 1247 625 1290 urbem,
647 1248 708 1283 hos
736 1254 895 1284 sacratos
916 1250 1012 1284 lacus
1033 1250 1197 1296 lucosque
1216 1248 1343 1289 colitis,
1363 1252 1403 1283 ut

281 1312 335 1346 ita
359 1312 456 1348 nobis
485 1313 639 1349 volentes
660 1314 813 1361 propitii
842 1314 980 1355 adsitis,
1000 1314 1030 1347 si
1059 1313 1229 1355 vitandae,
1250 1324 1320 1347 non
1338 1311 1403 1360 fe-

282 1376 577 1425 rendfflfraudis
602 1390 726 1413 caussa
754 1378 818 1413 hoc
841 1378 978 1413 consilii
1005 1379 1176 1425 capimus,
1235 1376 1404 1412 Pluribus

283 1453 354 1483 vos,
377 1442 522 1484 milites,
545 1442 721 1493 hortarer,
742 1444 773 1478 si
792 1455 871 1478 cum
897 1444 1047 1478 armatis
1065 1443 1251 1478 dimicatio
1265 1440 1405 1489 futura

282 1510 391 1540 esset:
425 1508 586 1548 inermes,
608 1508 770 1541 incautos
790 1508 838 1541 ad
854 1507 1055 1541 satietatem
1078 1506 1311 1542 trucidabitis.
1354 1505 1405 1540 Et

284 1571 435 1605 consulis
454 1576 570 1605 castra
588 1573 623 1606 in
641 1573 843 1619 propinquo
858 1575 954 1613 sunt,
974 1582 1017 1605 ne
1033 1571 1120 1618 quid
1138 1570 1183 1605 ab
1196 1570 1401 1606 Himilcone

282 1639 318 1670 «t
337 1634 698 1682 Karthaginiensibus
718 1637 835 1670 timeri
850 1637 974 1683 possit.

337 1698 539 1734 XXXIX.
570 1699 630 1734 Ab
666 1700 737 1734 hac
769 1699 1036 1735 adhortatione
1067 1698 1209 1733 dimissi
1240 1711 1401 1748 corpora

284 1769 429 1798 curant.
478 1762 640 1798 Postero
657 1763 716 1798 die
737 1762 800 1798 alii
821 1762 902 1799 aliis
923 1762 1031 1804 locis,
1050 1762 1094 1797 ad
1110 1761 1319 1797 obsidenda
1337 1762 1401 1798 iti-

282 1840 374 1863 nera
401 1826 707 1876 claudendosque
734 1828 933 1877 oppidanis
965 1827 1102 1870 exitus,
1123 1839 1208 1876 pars
1237 1826 1402 1862 maxima

281 1903 392 1940 super
411 1891 602 1927 theatrum
623 1892 811 1940 circaque,
833 1891 979 1927 adsueti
1000 1898 1145 1930 et,ante
1172 1890 1396 1940 spectaculis

281 1956 523 1998 concionum,
556 1957 782 1992 consistunt.
840 1956 1052 1992 Productus
1086 1955 1132 1991 ad
1161 1954 1345 2005 populum
1374 1967 1397 1991 a

280 2020 563 2069 magistratibus
584 2021 784 2070 praefectus
805 2020 1018 2063 Romanus,
1037 2032 1152 2069 quum
1168 2018 1332 2074 consulis
1350 2030 1395 2054 ea

280 2085 325 2120 de
345 2098 384 2120 re
398 2084 462 2135 jus
484 2098 528 2121 ac
547 2092 777 2135 potestatem
798 2098 891 2129 esse,
912 2097 994 2121 non
1015 2097 1134 2126 suam,
1157 2089 1193 2119 et
1219 2082 1396 2133 pleraque

280 2148 425 2192 cadem,
463 2162 545 2198 quae
591 2150 723 2199 pridie,
763 2150 943 2195 dixisset3
988 2149 1111 2199 primo
1155 2146 1307 2189 sensim,
1353 2158 1397 2182 ac

279 2211 419 2261 plures,
439 2213 593 2249 reddere
621 2213 757 2256 claves,
779 2213 865 2249 dein
884 2212 967 2262 jam
995 2224 1070 2248 una
1089 2223 1181 2247 voce
1207 2210 1243 2246 id
1262 2222 1394 2246 omnes

86 2275 469 2326 caedunturjuberent,
498 2279 768 2326 cunctantique
799 2290 842 2313 ac
869 2276 1056 2313 differenti
1075 2275 1251 2312 ferociter
1280 2275 1393 2310 mini-

91 2323 246 2352 Hennen-

86 2375 143 2396 ses.

281 2347 466 2387 tarentur,
486 2355 556 2379 nec
577 2343 791 2379 viderentur
812 2341 910 2379 ultra
932 2342 1005 2378 vim
1025 2340 1197 2378 ultimam
1214 2338 1363 2376 dilaturi
1378 2354 1389 2385 5

1514 679 1519 848 ε

1514 849 1518 1010 ι
