1527 2661
285 173 369 226 284
737 189 782 217 T.
807 189 939 219 mvn

87 270 179 345 2³⁶&
197 273 427 345 {ig-aliquot
453 275 545 313 locis
575 276 749 327 proelium
777 279 955 321 restituit,
985 279 1271 328 protegentibus
1301 293 1385 317 eum

119 336 128 346 '
170 336 180 347 ⁶
262 337 468 389 'equitibus
500 340 685 377 Romanis
700 358 710 387 3
746 343 893 378 omissis
926 349 1118 393 postremo
1149 345 1267 394 equis,
1299 346 1385 394 quia

279 405 472 442 consulem
495 412 533 442 et
557 407 604 443 ad
628 407 833 455 regendum
860 421 996 457 equum
1017 410 1110 445 vires
1136 410 1384 446 deficiebant:

279 477 361 505 tum
380 471 623 507 denuncianti
642 472 803 515 cuidam,
817 471 977 521 jussisse
997 473 1189 510 consulem
1208 474 1256 510 ad
1274 474 1386 524 pedes

279 534 502 571 descendere
547 535 705 585 equites,
749 536 888 572 dixisse
933 536 1191 573 Hannibalem
1235 538 1384 575 ferunt:

86 596 195 645 Vincit
282 598 399 638 Quam
416 601 575 643 mallem,
591 602 726 637 vinctos
739 601 827 636 mihi
848 602 1034 637 traderet!
1054 601 1237 650 Equitum
1255 601 1389 651 pedes-

86 638 262 671 Hanmbal'
278 667 335 698 tre
354 662 543 712 proelium,
561 664 671 714 quale
682 663 766 715 jan-1
784 665 885 701 haud
901 665 1014 701 dubia
1032 665 1200 701 hostium
1215 665 1391 709 victoria,

275 725 373 772 fuit3
407 741 522 777 quum
541 729 631 766 victi
650 730 747 765 mori
765 730 804 762 iu
824 727 986 775 vestigio
1005 727 1176 772 mallent,
1197 741 1310 777 quam
1327 728 1390 765 fu-

277 803 366 839 gere
382 807 393 837 3
425 794 602 836 victores,
622 791 858 827 morantibus
879 792 1077 828 victoriam
1102 793 1202 836 irati,
1223 792 1390 829 trucida-

276 862 376 901 rent,
396 870 490 908 quos
516 855 655 906 pellere
672 869 751 892 non
777 862 979 906 poterant:
1011 856 1237 907 pepulerunt
1262 863 1391 894 tamen

269 918 354 969 Jam
372 932 513 972 paucos
540 927 774 970 superanteS,
802 927 840 956 et
865 920 996 957 labore
1015 934 1058 957 ac
1076 920 1294 957 vulneribus
1316 921 1394 957 fes-

277 995 351 1020 sos.
398 983 493 1019 Inde
512 984 683 1035 dissipati
703 997 833 1021 ornnes
851 991 953 1028 sunt,
970 998 1161 1034 equosque
1181 986 1227 1022 ad
1245 985 1391 1034 fugam,

275 1049 342 1098 qui
370 1054 562 1098 poterant,
592 1049 828 1099 repetebant.
887 1050 958 1087 Cn.
996 1049 1181 1086 Lentulus
1215 1049 1390 1086 tribunus

275 1112 453 1157 militum,
470 1126 599 1164 quum,
617 1115 892 1165 praetervehens
907 1127 1018 1164 equo,
1035 1115 1228 1151 sedentem
1242 1115 1283 1150 in
1298 1127 1392 1151 saxo

84 1181 119 1212 Ι..
138 1180 261 1212 AEmilii
276 1191 409 1215 cruore
434 1179 630 1230 oppletum
655 1179 849 1215 consulem
877 1180 1054 1215 vidisset:
1087 1179 1132 1215 L.
1155 1180 1302 1222 AEmz'li,
1331 1179 1393 1215 in-

82 1235 148 1256 em·
164 1234 260 1257 mors‘
274 1243 370 1293 quit,
391 1257 494 1292 quem
518 1257 630 1281 unum
654 1247 823 1281 insontem
849 1245 963 1292 culpae
987 1245 1102 1280 cladis
1123 1243 1300 1280 hodierna!
1317 1244 1391 1281 Dii

270 1310 447 1357 respicere
466 1310 603 1353 debent,
624 1322 711 1358 cape
730 1310 823 1346 hunc
841 1322 991 1358 equum:
1020 1310 1106 1346 dum
1125 1314 1160 1346 et
1179 1309 1242 1345 tibi
1260 1310 1393 1346 virium

271 1374 414 1422 aliquid
430 1380 601 1423 superest,
622 1388 735 1412 comes
752 1388 816 1423 ego
837 1380 870 1411 te
897 1376 1020 1412 tollere
1033 1387 1178 1423 possum
1202 1386 1246 1410 ac
1267 1379 1391 1423 prote-

270 1451 380 1487 gere:
407 1451 452 1475 ne
458 1439 648 1488 funestam
667 1440 759 1476 hanc
775 1452 935 1488 pugnam
952 1444 1067 1475 morte
1086 1440 1237 1475 consulis
1243 1437 1392 1487 feceris.

275 1505 400 1540 Etiam
417 1505 493 1540 sine
511 1504 575 1540 hoc
595 1505 825 1540 lacrimarum
842 1505 930 1540 satis
949 1505 1133 1551 luctusque
1151 1507 1213 1539 est.
1265 1502 1327 1538 Ad
1346 1514 1391 1538 ea

276 1568 433 1604 consul:
475 1570 527 1605 Tu
546 1571 700 1617 quidem,
730 1569 794 1605 Cn.
816 1569 970 1611 Corneli,
993 1572 1106 1604 macte
1130 1569 1263 1603 virtute
1287 1568 1393 1603 esto!

277 1633 351 1669 Sed
367 1646 463 1677 cave,
474 1633 623 1682 frustra
637 1635 837 1670 miserando
852 1636 1019 1682 exiguum
1041 1638 1179 1681 tempus
1197 1644 1215 1668 e
1230 1632 1391 1668 manibus

277 1698 431 1735 hostium
453 1700 628 1735 evadendi
652 1699 825 1735 absumus.
880 1699 963 1741 Abi,
990 1700 1122 1734 nuncia
1149 1698 1290 1746 publice
1314 1696 1392 1732 Pa-

278 1764 402 1807 tribus,
422 1765 542 1800 urbem>
561 1765 763 1800 Romanam
789 1765 970 1807 muniant,
991 1776 1034 1800 ac
1048 1765 1162 1812 prius,
1185 1774 1293 1811 quam
1311 1761 1392 1798 hos-

277 1831 323 1865 tis
346 1831 459 1866 victor
483 1832 664 1873 adveniat,
686 1831 862 1878 praesidiis
877 1829 1057 1878 firment:
1083 1829 1322 1876 privatimque
1346 1826 1391 1868 Q.

276 1894 397 1937 Fabio,
418 1896 461 1930 L.
475 1895 670 1930 AEmllium
685 1898 939 1942 praeceptorum
962 1892 1035 1939 ejus
1053 1903 1242 1928 memorem
1259 1896 1293 1926 et
1309 1892 1391 1926 vix-

276 1960 354 2001 isse,
374 1964 409 1994 et
435 1960 551 1995 adhuc
573 1961 675 1995 mori.
732 1959 795 1994 Me
820 1960 858 1994 in
877 1958 944 1994 hac
970 1963 1090 2006 strage
1113 1958 1269 1992 militum
1290 1967 1388 1991 meo-

274 2032 356 2060 rwm
381 2030 507 2072 patere
525 2026 714 2072 exspirare,
736 2035 779 2059 ne
808 2028 873 2058 aut
897 2035 977 2058 reus
1004 2025 1132 2058 iterum
1159 2033 1177 2056 e
1196 2021 1386 2056 consulatu

275 2092 356 2133 sim,
377 2095 442 2126 aut
467 2093 650 2125 accusator
669 2088 812 2134 collegae
837 2088 1014 2128 eoesistam,
1041 2090 1082 2121 ut
1101 2085 1217 2120 alieno
1243 2084 1390 2120 crimine

279 2156 515 2192 innocentiam
540 2165 653 2189 meam
680 2157 878 2200 protegam.
936 2151 1030 2186 Haec
1060 2150 1252 2198 exigentes
1283 2147 1386 2196 prius

278 2219 389 2255 turba
407 2219 632 2267 fugientium
653 2218 802 2258 civium,
821 2216 953 2252 deinde
971 2215 1114 2257 hostes,
1138 2212 1381 2262 obpressere:

279 2284 486 2327 consulem,
530 2284 745 2332 ignorantes
792 2282 873 2330 quis
918 2286 1029 2323 esset,
1074 2278 1233 2315 obruere
1275 2276 1359 2312 telis
1376 2290 1382 2311 :

278 2348 485 2386 Lentulum
527 2349 625 2384 inter
662 2347 864 2384 tumultum
905 2345 1071 2397 abripuit
1112 2354 1253 2395 equus:
1305 2348 1384 2377 tum

1511 657 1519 776 ,ru-4,
1510 618 1512 622 Α
