1507 2630
330 102 355 134 2
630 99 863 128 EPITOME
899 100 1044 128 LIBRI
1070 100 1142 128 Ix-

329 192 374 228 tis
392 191 478 227 anni
492 189 649 228 consules
663 190 700 225 in
717 193 844 225 senata
860 189 1007 238 legendo
1022 190 1305 232 observaverunt,
1326 200 1447 237 quem-

327 256 523 292 admodum
541 259 627 290 ante
641 265 709 302 per
733 255 916 301 proximos
941 266 1097 290 censores
1117 254 1338 290 observatum
1355 251 1447 301 fue-

326 325 398 356 rat.
439 320 511 356 Res
535 323 711 367 praeterea
740 322 866 354 contra
883 319 1034 367 Apulos,
1066 319 1248 362 Etruscos,
1284 318 1463 361 Umbros‚‘

327 385 484 426 Marsos,
516 384 696 430 Pelignos,
726 382 869 429 AEquos
896 388 933 420 et
961 384 1155 426 Samnites,
1183 383 1306 432 quibus
1323 380 1449 431 foedus

325 453 406 484 erat
423 450 643 490 restitutum,
661 459 830 495 prospere
845 454 965 495 gestas
989 451 1159 486 continet.
1194 449 1338 485 Flavius
1360 447 1448 483 scri-

327 515 384 556 ba,
405 513 568 549 libertino
583 517 690 560 patre
715 517 836 554 natus,
857 513 972 548 aedilis
989 515 1123 549 curulis
1134 513 1219 562 fuit
1235 525 1302 561 per
1315 511 1448 561 foren-

323 590 398 614 sem
411 577 620 626 factionem
638 580 803 612 creatus:
831 589 910 624 quae
927 589 1033 625 quum
1055 579 1201 614 comitia
1226 582 1262 614 et
1280 589 1449 625 campum

326 642 500 683 turbaret,
521 645 557 676 et
582 642 619 676 in
644 641 687 676 iis
707 644 857 688 propter
881 642 1012 678 nimias
1035 643 1127 678 vires
1145 643 1403 683 dominaretur,
1424 652 1450 676 a

327 708 372 749 Q.
392 706 500 742 Fabio
515 717 654 741 censore
674 706 709 741 in
729 710 883 754 quatuor
905 706 1015 742 tribus
1029 708 1177 743 redacta
1196 712 1260 749 est,
1277 718 1366 755 quas
1383 718 1446 742 ur-

325 772 437 808 banas
455 771 664 818 adpellavit.
695 770 823 818 anue
847 782 903 806 res
920 770 1028 807 Fabio
1048 772 1212 808 Maximo
1238 782 1363 806 nomen
1383 771 1446 806 de-

325 838 393 873 dit.
438 836 482 870 In
503 835 567 869 hoc
594 834 682 869 libro
708 836 840 870 mentio
866 836 1067 872 Alexandri
1091 837 1236 883 sslagni,
1268 836 1330 883 qui
1356 839 1444 870 tem·

321 900 468 950 poribus
486 899 540 935 his
557 897 640 947 ficit
654 915 664 941 ‚·
693 903 741 941 et,
762 900 944 935 (estimatis
966 901 1095 948 populi
1115 900 1273 936 Romani
1298 899 1443 941 viribus,

322 977 403 1014 quae
433 969 517 999 tunc
549 968 665 1005 erant,
695 963 898 1010 configitur,
931 965 962 999 si
990 965 1195 1000 Alexander
1224 965 1261 1000 in
1294 963 1447 1000 Italiam

322 1027 529 1076 trajecisset,
559 1039 629 1062 non
659 1031 733 1062 tam
748 1026 906 1075 facilem
941 1029 974 1064 ei
1008 1029 1195 1064 victoriam
1232 1028 1276 1063 cle
1310 1027 1445 1075 popu-lo

323 1095 489 1131 Romano
503 1092 605 1141 fore,
628 1104 735 1140 quam
754 1093 797 1128 de
821 1094 863 1129 iis
878 1093 1054 1140 gentibus,
1075 1105 1162 1140 quas
1187 1093 1236 1128 ad
1263 1092 1445 1127 Orientem

322 1158 471 1206 imperio
488 1168 552 1191 suo
569 1154 773 1201 subjecerat.
