1527 2661
92 303 179 332 U.C.
199 308 272 334 536.

89 348 127 376 A.
144 346 179 375 C.
197 351 271 377 216.

90 400 228 429 Romani

89 444 210 482 inpigre

90 485 212 516 bellum

88 530 183 566 adpa-

90 579 166 601 sant.

90 1654 182 1684 Nolae
199 1652 261 1685 dis-

89 1698 204 1728 oordia.

280 206 365 249 320
744 208 790 235 T.
814 207 947 236 mvn

285 296 467 333 dustriam
487 298 637 340 animis,
653 298 809 333 fortuna
826 298 940 333 etiam
957 298 1125 333 cunctari
1146 297 1372 348 prohibebat
1387 314 1395 336 z

284 373 371 397 nam
391 373 460 398 nec
481 361 613 397 consul
640 361 705 397 ulli
724 363 792 405 rei,
813 374 896 410 quae
922 374 989 412 per
1015 375 1099 398 eum
1120 363 1268 410 agenda
1286 369 1399 407 esset,

284 425 434 461 deerat:
467 432 505 461 et
541 426 705 461 dictator
732 425 789 462 Μ.
805 425 943 461 Junius
976 426 1085 469 Pera,
1124 426 1234 462 rebus
1265 427 1400 463 divinis

282 488 475 539 perfectis,
503 488 671 538 latoque,
700 495 743 524 ut
772 488 882 531 solet,
904 488 951 524 ad
977 489 1173 538 populum,
1201 496 1243 525 ut
1262 502 1400 539 equum

282 552 483 589 escendere
501 552 646 593 liceret,
667 558 803 602 praeter
822 552 913 588 duas
935 552 1096 589 urbanas
1115 553 1299 602 legiones,
1316 567 1399 603 quae

280 616 470 665 principio
499 617 589 652 anni
620 629 642 651 a
668 614 888 651 consulibus
916 617 1141 666 conscriptae
1161 616 1327 660 fuerant,
1362 622 1401 653 et

282 692 475 716 servorum
494 679 698 722 delectum,
726 680 980 729 cohortesque
1007 693 1054 716 ex
1081 693 1173 730 agro
1192 680 1337 717 Piceno
1362 686 1402 716 et

281 742 431 779 Gallico
453 743 661 787 conlectas,
683 737 729 780 a'd
754 743 930 779 ultimum
957 756 1074 794 prope
1094 744 1301 794 desperatae
1326 746 1400 781 rei-

280 807 442 857 publicae
479 807 676 851 auxilium,
707 820 824 856 quum
860 808 1024 844 honesta
1057 808 1214 846 utilibus
1246 808 1399 853 cedunt,

281 872 487 915 descendit,
522 871 736 920 edixitque:
772 873 843 914 Qui
880 873 1076 920 capitalem
1094 872 1275 921 fraudem
1303 876 1397 917 ausi,

281 938 410 985 quique
435 938 596 985 pecuniae
614 935 774 983 judicati
801 938 839 989 in
866 938 1018 973 vinculis
1045 942 1167 980 essent,
1189 939 1251 986 qui
1278 949 1401 974 eorum

280 1003 379 1050 apud
396 1014 433 1037 se
450 1003 582 1037 milites
588 1002 735 1050 flerent,
756 1013 813 1037 eos
830 1014 924 1038 noxa
939 1004 1164 1050 pecuniaque
1182 1014 1254 1038 sese
1268 1003 1400 1038 exsolvi

272 1065 466 1112 jussurum.
523 1065 583 1102 Ea
610 1078 676 1102 sex
701 1065 820 1102 millia
846 1066 1044 1102 hominum
1071 1065 1227 1102 Gallicis
1254 1066 1400 1115 spoliis,

282 1144 365 1179 quae
391 1130 584 1181 triumpho
605 1130 648 1167 C.
662 1129 840 1166 Flaminii
865 1129 1051 1167 translata
1071 1137 1192 1173 erant,
1214 1131 1397 1167 armavit:

283 1198 411 1244 itaque
436 1208 522 1232 cum
548 1195 685 1244 viginti
711 1196 876 1244 quinque
902 1195 1068 1232 millibus
1095 1201 1326 1232 armatorum
1352 1195 1400 1232 ab

285 1260 375 1296 urbe
394 1260 657 1311 proficiscitur.
708 1260 920 1303 Hannibal,
943 1260 1077 1310 Capua
1095 1267 1261 1310 recepta,
1282 1272 1398 1308 quum

284 1324 421 1360 iterum
439 1323 786 1374 Neapolitanorum
813 1324 974 1366 animos,
995 1323 1134 1374 partim
1161 1336 1240 1373 spe,
1261 1323 1400 1373 partim

283 1393 400 1431 metu,
426 1388 682 1436 nequidquam
719 1393 920 1430 tentasset,
953 1387 993 1423 in
1031 1399 1166 1436 agrum
1202 1385 1400 1423 Nolanum

283 1452 490 1488 exercitum
510 1452 676 1487 traducit
693 1467 699 1487 ε
734 1457 771 1487 et
786 1457 829 1496 ut
848 1464 926 1486 non
942 1450 1134 1486 hostiliter
1150 1450 1293 1493 statim,
1311 1451 1399 1499 quia

281 1527 359 1551 non
380 1515 605 1565 desperabat
619 1514 875 1551 voluntariam
892 1514 1120 1550 deditionem
1134 1529 1145 1559 3
1177 1514 1245 1557 ita,
1263 1515 1294 1550 si
1314 1527 1397 1550 mo-

280 1585 456 1615 rarentur
485 1591 605 1629 spem,
635 1579 731 1615 nihil
760 1591 906 1621 eorum,
937 1591 1020 1627 quae
1051 1578 1131 1628 pati
1164 1584 1230 1614 aut
1267 1579 1399 1614 timere

282 1651 453 1694 possent,
475 1645 808 1694 praetermissurus.
866 1645 1041 1687 Senatus,
1063 1657 1106 1680 ac
1133 1644 1295 1680 maxime
1322 1644 1399 1694 pri-

284 1721 406 1744 mores
428 1707 523 1758 ejus,
545 1709 584 1744 in
605 1708 787 1744 societate
810 1707 988 1743 Romana
1007 1720 1092 1743 cum
1113 1707 1185 1743 fide
1204 1713 1396 1757 perstare3

283 1771 389 1822 plebs
410 1784 608 1815 novarum,
627 1777 669 1807 ut
688 1770 798 1813 solet,
816 1783 941 1806 rerum
958 1777 1072 1820 atque
1088 1770 1317 1807 Hannibalis
1337 1778 1399 1807 to·

283 1843 323 1872 ta
342 1848 447 1881 esse3
480 1842 697 1884 metumque
714 1847 890 1883 agrorum
907 1835 1180 1885 populationis,
1199 1835 1235 1870 et
1251 1836 1399 1884 patien-

283 1901 330 1936 da
350 1901 387 1936 in
409 1899 608 1936 obsidione
635 1899 754 1936 multa
774 1900 903 1948 gravia
928 1900 1159 1948 indignaque
1185 1912 1400 1949 proponere

283 1966 434 2002 animo:
467 1977 588 2014 neque
609 1970 781 1999 auctores
802 1963 1023 2000 defectionis
1040 1964 1206 2000 deerant.
1263 1964 1399 2012 Itaque

283 2029 347 2066 ubi
368 2035 540 2065 senatum
560 2035 680 2064 metus
701 2028 814 2077 cepit,
837 2028 867 2063 si
894 2028 1089 2077 propalam
1109 2028 1321 2070 tenderent,
1342 2040 1399 2063 re-

283 2094 366 2129 sisti
391 2093 623 2129 multitudini
653 2093 854 2128 concitatae
882 2105 960 2128 non
992 2104 1126 2141 posse3
1159 2091 1255 2127 clam
1282 2092 1399 2127 simu-

283 2155 397 2192 lando
417 2156 637 2192 dilationem
662 2155 749 2190 mali
776 2155 996 2191 inveniunt:
1030 2155 1177 2204 placere
1197 2155 1298 2190 enim
1326 2154 1399 2190 sibi

285 2219 536 2256 defectionem
553 2218 598 2255 ad
616 2217 874 2254 Hannibalem
892 2218 1071 2254 simulant
1087 2232 1093 2252 :
1118 2217 1253 2266 quibus
1270 2224 1398 2253 autem

284 2283 567 2320 conditionibus
599 2283 636 2317 in
657 2281 780 2318 foedus
811 2283 1091 2331 amicitiamque
1111 2294 1248 2317 novam
1273 2287 1399 2317 trans-

285 2354 388 2390 eant,
402 2359 533 2398 parum
551 2353 741 2383 constare.
775 2346 836 2383 Ita
854 2348 978 2396 spatio
992 2353 1132 2388 summ,
1148 2344 1295 2395 legatos
1311 2358 1400 2395 pro»

1509 0 1518 375 ἒ
