1527 2661
249 151 303 206 38
709 162 754 190 T.
779 162 913 191 mvn
1509 0 1516 275 Ι

56 251 436 290 U.C.44o.stituisset
470 248 683 292 Romanos,
716 251 966 298 semitamque
999 255 1200 297 angustam
1230 256 1268 284 et
1305 261 1365 286 ar-

54 302 376 356 A’0¹³‘³¹²·duam,
412 320 575 349 erectam
613 325 659 348 ex
694 314 835 362 oppido
866 315 904 349 in
937 326 1075 356 arcem,
1107 313 1366 358 ostendisset,
1510 287 1514 360 i

249 380 331 414 Hoc
350 380 491 426 quidem
511 379 694 419 adscensu,
723 378 860 425 inquit,
883 380 939 413 vel
963 383 1031 413 tres
1054 379 1188 413 asinali
1210 378 1366 425 quamli·
1510 362 1515 460 ἰ

249 443 305 479 bet
322 444 590 478 multitudinem
610 444 814 478 mouerint:
846 454 903 477 vos
929 447 963 477 et
990 444 1105 477 decem
1135 453 1294 483 numero,
1315 446 1366 483 et,

250 510 345 556 quod
369 509 449 556 plus
468 512 532 549 est,
555 507 724 547 Romani,
748 506 1062 551 Romanormnque
1079 503 1276 551 fortissimi
1298 506 1368 540 viri
1508 464 1514 565 i

250 574 344 614 estis,
366 577 401 607 et
421 574 517 608 locus
541 583 609 618 pro
634 571 743 611 robis,
765 575 799 604 et
818 582 888 604 nor
907 571 988 611 erit,
1010 580 1086 616 qaae
1111 570 1232 604 omnia
1251 581 1292 604 ex
1309 570 1367 604 in-

251 641 346 672 certo
365 634 505 681 majora
524 635 658 670 territis
677 638 840 669 ostentat.
896 633 975 680 Ego
991 631 1071 678 jam
1095 639 1229 668 terrore
1247 634 1368 668 omnia
1510 568 1514 687 i

249 700 419 748 inplebo:
455 712 516 734 vos
551 711 668 734 arcem
703 700 829 733 intenti
866 703 989 733 tenete.
1045 696 1225 732 Decurrit
1264 697 1370 740 inde,

251 770 395 812 quanto
416 763 578 798 maxime
598 767 762 811 poterat,
784 774 869 796 cum
894 760 1072 803 tumultu,
1104 762 1153 796 ad
1181 773 1298 802 armo,
1329 765 1368 795 et

247 840 316 875 pro
344 832 496 863 vestram
513 828 643 875 fidem,
669 827 756 861 cives
774 827 787 860 J
816 824 1029 866 clamitans,
1057 837 1122 860 ara:
1144 823 1188 859 ab
1213 823 1368 859 hostibus

251 896 357 938 captu
387 896 460 933 est;
491 893 552 932 ite,
584 889 774 937 deffendite.
832 887 928 924 Hzec
957 888 1124 924 incidens
1154 887 1369 937 principum

250 955 411 997 foribus,
433 955 513 990 haec
533 954 668 996 obviis,
690 954 771 989 haec
791 953 1077 988 excurrentibus
1108 953 1146 987 in
1174 950 1368 1002 publicum

250 1019 395 1070 pavidis
426 1020 608 1067 increpat.
665 1019 878 1067 Acceptum
905 1017 951 1052 ab
981 1029 1058 1052 uno
1084 1028 1263 1066 pavorem
1282 1015 1370 1064 plu-

252 1096 310 1119 res
340 1096 406 1132 per
436 1083 567 1119 urbem
596 1083 735 1118 ferunt.
792 1081 947 1129 'srepidi
969 1082 1226 1128 magistratus,
1246 1080 1369 1116 missis

252 1147 299 1182 ad
323 1159 447 1182 arcem
477 1145 797 1195 exploratoribus,
820 1157 935 1192 quum
963 1144 1038 1179 tela
1062 1151 1099 1179 et
1124 1150 1290 1179 armatos
1310 1150 1370 1178 te-

251 1223 341 1246 nere
370 1222 493 1246 arcem
524 1209 778 1259 multiplicato
805 1221 963 1244 numero
984 1208 1172 1250 audirent,
1193 1213 1369 1244 avertunt

252 1274 399 1310 animos
420 1287 441 1309 a
461 1286 526 1323 spe
546 1273 810 1322 recuperandae
830 1273 937 1308 arcis.
978 1271 1086 1320 Fuga
1107 1278 1243 1307 cuncta
1262 1284 1368 1307 com-

253 1338 418 1389 plentur,
450 1344 643 1387 portaeque
673 1336 720 1372 ab
751 1337 988 1372 semisomnis
1014 1349 1056 1371 ac
1077 1337 1243 1372 maxima
1261 1343 1369 1385 parte

254 1402 460 1439 inermibus
491 1401 774 1449 refringuntur:
815 1413 973 1449 quarum
1002 1413 1068 1449 per
1098 1413 1212 1436 unam
1240 1400 1375 1450 praesi-

255 1468 358 1504 dium
395 1466 614 1502 Rom-„num
652 1465 816 1501 clamore
853 1466 1060 1501 excitatum
1098 1465 1294 1514 inrumpit,
1333 1471 1372 1501 et

256 1536 526 1567 concursantes
562 1543 628 1579 per
658 1530 755 1565 viam
785 1530 941 1578 pavidos
976 1529 1098 1565 caedit.
1154 1529 1242 1565 Jam
1275 1529 1372 1565 Sora-

258 1603 369 1644 capta
389 1600 483 1636 erat,
505 1606 619 1642 quum
640 1593 813 1629 consules
834 1594 956 1643 prima
975 1593 1057 1629 luce
1077 1593 1286 1638 advenere,
1318 1601 1374 1637 et,

258 1672 353 1708 quos
374 1659 538 1708 reliquos
560 1659 714 1695 fortuna
741 1672 787 1696 ex
810 1667 998 1696 nocturna
1019 1660 1119 1696 caede
1143 1673 1185 1695 ac
1203 1660 1297 1708 fuga
1315 1659 1371 1696 fe-

259 1730 375 1767 cerat,
406 1725 445 1759 in
475 1724 708 1759 deditionem
740 1725 943 1774 accipiunt.
1002 1725 1062 1760 Ex
1095 1725 1153 1760 his
1188 1724 1371 1760 ducentos

258 1789 393 1837 viginti
418 1790 598 1837 quinque,
620 1790 684 1837 qui
713 1790 884 1824 omnium
912 1801 1099 1825 consensu
1129 1788 1374 1826 destinaban-

258 1861 320 1888 tur
345 1859 383 1887 et
409 1852 574 1888 infandae
604 1853 828 1888 colonorum
852 1854 961 1889 caedis
983 1861 1019 1889 et
1040 1853 1263 1889 defectionis
1284 1866 1373 1889 auc-

258 1923 376 1958 tores,
399 1917 544 1951 vinctos
572 1916 737 1952 Romam
763 1916 979 1952 deducunt:
1014 1924 1178 1952 ceteram
1199 1916 1385 1952 multitu-‘

260 1980 386 2015 dinem
416 1980 659 2023 incolumem,
698 1981 873 2030 praesidio
906 1982 1088 2030 inposite,
1122 1981 1224 2016 Sorae
1258 1980 1373 2016 relin-

260 2052 393 2094 quunt.
442 2045 600 2088 Omnes,
622 2047 685 2095 qui
706 2046 871 2081 Romam
891 2047 1038 2082 deducti
1060 2053 1180 2089 erant,
1199 2047 1313 2094 virgis
1333 2047 1373 2082 in

259 2110 345 2145 foro
366 2111 466 2152 caesi,
490 2123 532 2145 ac
560 2112 680 2146 securi
709 2112 874 2160 percussi
899 2124 1046 2146 summo
1066 2111 1203 2159 gaudio
1222 2110 1369 2160 plebis,

260 2172 367 2223 cujus
394 2175 555 2210 maxime
582 2175 776 2217 intererat,
804 2182 926 2211 tutam
955 2175 1108 2224 ubique,
1129 2188 1211 2223 quae
1231 2175 1371 2224 passim

259 2238 300 2273 in
321 2238 490 2274 colonias
510 2240 737 2283 mitteretur,
759 2239 1039 2276 multitudinem
1059 2252 1151 2275 esse.

314 2301 445 2340 XXV.
477 2304 677 2348 Consules,
698 2305 745 2341 ab
776 2305 872 2341 Sora
899 2303 1075 2354 profecti,
1105 2304 1142 2339 in
1174 2315 1285 2352 agros
1315 2310 1379 2340 at-
