1527 2661
361 211 516 241 LIBER
540 210 661 241 XXV·
693 209 801 240 CAP.
823 210 943 240 V111.
1122 210 1206 254 445

94 301 355 351 prodigiorum
382 315 516 339 caussa
542 302 640 338 diem
665 313 784 337 unum
814 298 1042 350 supplicatio
1060 299 1147 344 fuit,
1168 307 1205 337 et
1222 303 1310 335 U-C.
1327 313 1400 338 540-

93 379 162 417 per
180 366 324 415 aliquot
342 367 420 403 dies
440 366 615 403 consules
635 364 746 402 rebus
763 365 897 401 divinis
920 376 1074 414 operam
1094 364 1205 401 dede·
1216 348 1257 378 Α·
1273 348 1309 379 C·
1327 356 1401 381 ²¹⁴²*

93 436 205 467 runt:
237 437 276 467 et
304 444 371 482 per
402 431 554 467 eosdem
574 431 652 467 dies
685 441 833 466 sacrum
861 427 1096 465 novemdiale
1119 428 1205 466 fuit.

93 495 222 533 Quum
236 494 532 532 Tarentinorum
548 494 712 531 defectio
725 493 807 544 jam
823 493 886 530 diu
902 498 940 529 et
955 493 994 529 in
1015 505 1080 543 spe
1095 491 1205 530 Han·
1217 490 1350 540 Obsides
1362 490 1426 521 Τᾶ-

91 558 225 602 nibali,
246 565 284 595 et
310 560 349 596 in
377 561 592 611 suspicione
609 558 796 595 Romanis
824 563 934 601 esset,
957 569 1088 594 caussa
1104 557 1206 595 forte
1218 534 1425 617 ἷξὲῐὲἓὲῑῗὲἷ,

90 623 324 660 extrinsecus
340 625 572 661 maturandae
590 623 669 674 ejus
687 623 902 659 intervenit.
958 621 1108 658 Phileas
1128 621 1205 658 Ta-

89 687 274 730 rentinus,
292 687 447 738 diujam
464 701 530 740 per
546 688 709 738 speciem
724 686 925 734 legationis
941 684 1077 722 Romae
1091 698 1206 734 quum

90 757 202 794 esset,
223 752 278 788 vir
295 753 455 802 inquieti
481 752 612 794 animi,
634 756 672 786 et
691 750 846 786 minime
865 750 999 791 otium,
1021 763 1096 798 quo
1122 757 1205 786 tum

88 814 237 851 diutino
257 828 451 852 senescere
466 815 678 857 videbatur,
695 815 889 865 patientiS,
907 814 1048 850 aditum
1065 813 1138 851 sibi
1156 816 1205 851 ad

89 879 238 916 obsides
256 880 485 917 Tarentinos
506 880 663 916 invenit.
713 879 1036 915 Custodiebantur
1050 880 1088 915 in
1105 880 1203 916 atrio

85 943 293 981 Libertatis
324 946 469 981 minore
499 957 601 986 cura,
623 944 711 993 quia
739 956 808 979 nec
834 944 938 993 ipsis,
959 957 1028 980 nec
1058 945 1203 981 civitati

88 1021 216 1045 eorum
247 1009 377 1045 fallere
407 1009 604 1045 Romanos
636 1007 870 1058 expediebat.
929 1008 1027 1051 Hos,
1060 1009 1199 1045 crebris

87 1072 297 1122 conloquiis
335 1072 574 1114 sollicitatos,
613 1072 806 1120 conruptis
851 1072 996 1107 aedituis
1035 1072 1196 1116 duobus,

86 1150 201 1186 quum
221 1136 349 1186 primis
369 1136 534 1172 tenebris
556 1136 727 1172 custodia
746 1135 950 1178 eduxisset,
972 1136 1050 1186 ipse
1071 1149 1196 1173 comes

87 1199 227 1236 occulti
242 1200 387 1236 itineris
403 1199 525 1236 factus
545 1199 728 1249 profugit.
783 1198 888 1235 Luce
905 1200 1026 1249 prima
1046 1200 1198 1249 vulgata

86 1277 152 1315 per
177 1264 308 1301 urbem
326 1264 419 1313 fuga
449 1270 528 1309 est5
561 1264 753 1312 missique,
775 1264 839 1312 qui
866 1270 1124 1313 sequerentur,
1149 1265 1196 1302 ab

84 1329 292 1364 Tarracina
307 1328 599 1377 comprehensos
614 1340 744 1363 omnes
761 1333 1000 1364 retraxerunt
1014 1342 1022 1365 :
1044 1329 1197 1366 deducti

83 1393 124 1429 in
153 1393 323 1436 comitio,
350 1393 553 1443 virgisque,
584 1391 820 1442 adprobante
849 1392 1006 1443 populo,
1038 1394 1123 1429 caesi
1151 1395 1196 1431 de

81 1469 174 1493 saxo
193 1455 433 1506 dejiciuntur.

135 1520 248 1557 VIII.
278 1519 405 1570 Hujus
426 1520 605 1556 atrocitas
625 1533 747 1569 poenae
764 1520 922 1557 duarum
940 1520 1195 1559 nobilissima-

82 1597 165 1621 rum
183 1585 223 1621 in
242 1584 357 1621 Italia
375 1584 594 1621 Graecarum
613 1585 824 1620 civitatium
849 1585 995 1621 animos
1016 1586 1192 1631 irritavit,

83 1664 199 1700 quum
217 1651 381 1700 publice,
397 1657 478 1686 tum
499 1650 613 1685 etiam
629 1649 797 1697 singulos
818 1651 1006 1699 privatim,
1029 1658 1070 1687 ut
1089 1655 1192 1701 quis-

84 1727 156 1764 que
171 1721 249 1751 tam
265 1715 364 1751 foede
380 1715 601 1751 interemtos
618 1723 682 1749 aut
702 1715 998 1763 propinquitate,
1016 1722 1081 1751 aut
1097 1718 1191 1753 ami-
1203 1719 1382 1768 Tarentum

83 1779 173 1815 citia
191 1778 449 1827 contingebat,
505 1777 565 1813 Ex
592 1778 636 1812 iis
664 1778 843 1813 tredecim
863 1778 942 1814 fere
968 1779 1112 1816 nobiles
1126 1780 1191 1831 ju·
1204 1759 1384 1845 ξξὲἓὲἱῖἒι

83 1855 195 1879 venes
228 1843 427 1879 Tarentini
470 1840 777 1890 conjuraverunt,
811 1855 971 1890 quorum
1004 1845 1191 1895 principes
1370 1828 1379 1838 ⁶

83 1907 184 1943 Nico
202 1910 243 1943 'et
257 1906 499 1942 Philemenus
521 1911 639 1942 erant.
695 1904 764 1947 Hi,
786 1906 901 1955 prius,
919 1919 1031 1955 quarn
1051 1908 1193 1957 aliquid

82 1977 291 2013 moverent,
313 1969 617 2018 conloquendum
633 1982 717 2005 cum
737 1968 956 2006 Hannibale
976 1972 1062 2014 rati,
1080 1980 1194 2010 nocte

80 2047 147 2086 per
166 2035 328 2084 speciem
347 2033 508 2069 venandi
527 2033 658 2068 urbem
678 2033 831 2082 egressi,
852 2034 897 2069 ad
918 2047 1001 2070 eum
1022 2036 1193 2084 proficis-

81 2105 240 2136 cuntur:
273 2105 324 2141 et,
345 2110 461 2147 quum
484 2097 586 2134 haud
611 2097 743 2147 procul
762 2099 892 2133 castris
921 2098 1109 2143 abessent,
1131 2114 1193 2137 cc-

81 2164 153 2199 teri
168 2163 262 2199 silva
279 2175 397 2212 prope
413 2162 510 2197 viam
526 2174 606 2197 sese
625 2161 871 2198 occuluerunt
887 2176 893 2198 :
926 2163 1027 2198 Nico
1044 2169 1080 2198 et
1099 2165 1191 2200 Phi-

79 2227 263 2270 lemenus,
284 2227 473 2277 progressi
493 2227 539 2262 ad
562 2227 743 2262 stationes
765 2228 1115 2275 comprehensique,
1134 2229 1190 2264 ul-

80 2298 141 2327 tro
163 2291 200 2326 id
228 2296 413 2341 petentes,
434 2290 481 2325 ad
500 2289 757 2325 Hannibalem
779 2290 927 2326 deducti
958 2299 1055 2325 sunt.
1113 2292 1204 2330 Qui.

81 2367 197 2406 quum
216 2360 254 2392 et
272 2366 422 2392 caussas
442 2353 590 2391 consilii
610 2354 681 2400 sui,
699 2360 737 2392 et
752 2355 842 2406 quid
860 2360 1051 2407 pararent,
1072 2367 1190 2407 expo-
