1527 2661
325 224 407 275 246
777 235 822 262 T.
848 235 979 263 mvn

132 326 171 355 U.
184 327 219 356 C.
239 332 311 357 535·
326 325 416 367 suis,
438 325 501 360 sed
513 323 595 374 jam
617 324 730 360 etiam
745 323 881 360 Romae
902 324 1079 360 infamem
1096 335 1200 359 suam
1218 323 1430 359 cunctatio-

137 369 156 397 Α
184 368 219 399 C'
239 376 310 406 ²¹7¹
324 400 410 424 nem
438 400 532 429 esse,
554 387 767 423 obstinatus
791 393 917 423 tamen
946 387 1077 422 eodem
1104 386 1348 422 consiliorum
1374 393 1430 422 te-

323 464 415 487 nore
437 451 576 486 aestatis
597 450 783 498 reliquum
803 451 989 485 extraxit:
1021 456 1062 485 ut
1082 448 1293 491 Hannibal,
1315 449 1430 485 desti-

322 522 425 552 tutus
447 515 494 550 ab
521 527 586 564 spe
614 526 850 563 summopere
876 514 986 562 petiti
1012 514 1241 556 certaminis,
1261 512 1344 562 jam
1370 514 1430 549 hi-

322 579 448 616 bernis
477 578 603 613 locum
633 577 986 627 circumspectaret:
1019 577 1107 625 quia
1129 589 1174 612 ea
1198 577 1306 624 regio
1333 589 1432 626 prae-

323 643 437 678 sentis
465 648 545 677 erat
571 642 704 691 copiae,
724 653 803 677 non
823 648 1028 691 perpetuae,
1049 641 1204 677 arbusta
1221 641 1430 689 vineaeque,

323 712 359 741 et
389 707 537 742 consita
566 706 695 741 omnia
724 706 844 754 magis
874 706 1047 749 amoenis,
1068 717 1181 753 quam
1211 705 1431 741 necessariis

320 769 518 806 fructibus.
548 769 644 806 Haec
657 781 723 819 per
736 769 994 819 exploratores
1007 769 1126 806 relata
1138 768 1270 805 Fabio.
1300 769 1430 808 Quum

322 835 412 870 satis
432 835 559 877 sciret,
579 847 646 884 per
665 834 815 870 easdem
835 834 1043 883 angustias,
1065 833 1200 882 quibus
1223 833 1431 868 intraverat

321 897 523 934 Falernum
544 910 690 947 agrum,
711 897 932 940 rediturum,
955 896 1176 933 Calliculam
1201 902 1371 932 montem
1391 901 1430 931 et

323 961 531 998 Casilinum
568 968 731 1011 occupat
766 962 923 998 modicis
960 961 1168 1011 praesidii35
1204 973 1287 1009 quae
1323 958 1430 1002 urbs,

319 1024 510 1060 Vulturno
529 1024 683 1061 flumine
706 1025 879 1068 diremta,
899 1024 1102 1061 Falernum
1128 1036 1172 1060 ac
1192 1023 1430 1074 Campanum

321 1100 432 1136 agros
456 1087 610 1123 dividit:
641 1087 722 1136 ipse
740 1086 845 1137 jugis
872 1087 1004 1123 iisdem
1034 1088 1240 1123 exercitum
1268 1085 1429 1129 reducit,

318 1151 435 1186 misso
464 1151 703 1201 exploratum
732 1164 815 1187 cum
836 1151 1119 1200 quadringentis
1149 1149 1338 1199 equitibus
1367 1161 1429 1185 so-

321 1214 465 1249 ciorum
483 1214 529 1249 L.
550 1213 722 1250 Hostilio
735 1214 920 1250 Mancino
935 1229 943 1250 ·.
976 1215 1039 1263 qui
1057 1226 1103 1250 ex
1121 1213 1234 1250 turba
1246 1211 1431 1263 juvenum

320 1279 553 1315 audientium
579 1291 678 1329 saepe
695 1278 873 1315 ferociter
892 1279 1184 1315 concionantem
1208 1277 1432 1326 magistrum

319 1344 502 1392 equitum,
522 1355 742 1394 progressus
761 1344 885 1394 primo
904 1342 1154 1393 exploratoris
1173 1341 1302 1384 modo,
1322 1347 1365 1376 ut
1383 1352 1431 1376 ex

318 1413 404 1442 tuto
431 1406 689 1456 specularetur
714 1407 880 1450 hostem,
901 1406 967 1442 ubi
986 1417 1101 1454 vagos
1128 1405 1267 1455 passim
1287 1416 1354 1454 per
1371 1403 1428 1440 vi-

320 1483 382 1506 cos
413 1470 600 1507 Numidas
629 1471 738 1513 vidit,
768 1483 836 1520 per
864 1471 1105 1507 occasionem
1135 1470 1250 1505 etiam
1286 1479 1428 1518 paucos

321 1534 482 1570 occidit:
514 1533 706 1584 extemplo
726 1541 932 1585 occupatus
954 1534 1160 1570 certamine
1179 1539 1237 1569 est
1264 1532 1427 1574 animus,

321 1597 613 1647 excideruntque
647 1605 836 1648 praecepta
872 1598 1066 1634 dictatoris
1082 1613 1092 1642 3
1133 1597 1211 1646 qui,
1244 1600 1429 1645 quantum

319 1667 404 1697 tuto
424 1667 567 1711 posset,
587 1674 831 1711 progressum
846 1662 951 1712 prius
972 1662 1137 1711 recipere
1153 1672 1234 1696 sese
1245 1657 1428 1708 jusserat,

320 1737 433 1774 quam
450 1726 487 1761 in
508 1731 755 1774 conspectum
779 1725 948 1761 hostium
967 1726 1123 1760 veniret.
1154 1722 1345 1765 Numidae,
1365 1721 1430 1758 alii

319 1794 432 1837 atque
445 1789 508 1825 alii
521 1789 766 1826 obcursantes
779 1789 1097 1838 refugientesque,
1116 1788 1162 1824 ad
1175 1793 1297 1824 castra
1310 1797 1429 1836 prope

318 1853 441 1901 ipsum
457 1866 543 1889 cum
557 1853 785 1902 fatigatione
806 1866 988 1903 equorum
1003 1858 1116 1901 atque
1129 1851 1327 1888 hominum
1343 1861 1428 1899 per-

317 1922 466 1952 traxere
481 1931 488 1951 :
510 1917 597 1953 inde
614 1917 818 1960 Karffialo,
832 1930 946 1967 penes
962 1930 1073 1966 quem
1089 1928 1234 1952 summa
1246 1913 1428 1963 equestris

316 1979 464 2028 imperii
490 1987 584 2022 erat,
612 1981 810 2016 concitatis
832 1981 935 2029 equis
963 1981 1147 2021 invectus,
1168 1990 1283 2028 quum
1308 1976 1426 2026 prius,

317 2055 431 2092 quam
457 2043 504 2079 ad
524 2043 740 2093 conjectum
766 2043 833 2080 teli
859 2045 1018 2086 veniret,
1039 2043 1236 2080 avertisset
1261 2042 1425 2081 hostem,

317 2107 482 2155 quinque
512 2107 630 2143 millia
655 2108 773 2144 ferme
804 2108 1017 2144 continenti
1047 2118 1157 2143 cursu
1189 2109 1339 2140 secutus
1369 2108 1427 2139 est

314 2169 517 2217 fugientes.
573 2170 792 2214 Mancinus,
813 2177 1014 2220 postquam
1039 2182 1110 2205 nec
1134 2169 1288 2204 hostem
1307 2165 1424 2202 desis-

317 2238 395 2268 tere
415 2234 534 2282 sequi,
550 2246 620 2269 nec
635 2246 739 2284 spem
760 2234 854 2270 vidit
873 2232 1075 2282 effugiendi
1091 2244 1185 2274 esse,
1203 2231 1422 2266 cohortatus

317 2308 403 2332 suos
430 2296 470 2332 in
502 2297 678 2347 proelium
710 2299 834 2341 rediit,
869 2298 973 2333 omni
1003 2302 1109 2347 parte
1137 2295 1273 2330 virium
1302 2293 1422 2342 inpar.

318 2359 451 2408 Itaque
480 2362 573 2412 ipse,
604 2369 642 2399 et
670 2362 806 2399 delecti
834 2363 1017 2412 equitum,
1048 2358 1293 2397 circumventi
1322 2356 1424 2393 occi-
