1527 2661
271 166 321 215 78
728 179 930 211 T.1,1v11

77 274 162 304 ΗΛ).
179 282 253 305 451.
321 267 395 304 ΙΙΙ,
426 267 572 305 Eodem
588 282 690 307 anno
709 270 844 308 Romae
861 286 947 309 cum
963 271 1146 317 Vestinis,
1165 272 1382 324 petentibus

74 317 488 378 A.C.:301.amicitiam,
515 335 633 371 ictum
660 343 717 372 est
741 336 878 375 foedus.
921 337 1127 388 Multiplex
1154 340 1289 376 deinde
1319 353 1385 377 ex-

73 377 227 452 ξῗέιυῧε-
269 404 375 434 ortus
401 405 535 436 terror.
575 400 770 438 Etruriam
802 401 998 446 rebellare,
1030 403 1078 439 ab
1117 404 1386 441 Arretinorum

72 464 172 495 stinis.
269 463 519 499 seditionibus
548 471 655 500 motu
685 471 786 507 orto,
815 466 1091 502 nunciabatur:
1124 467 1187 503 ubi
1220 468 1387 505 Cilnium

266 539 385 575 genus
398 537 628 578 praepotens,
646 530 861 566 divitiarum
882 530 1025 566 invidia
1043 530 1132 581 pelli
1151 532 1263 568 armis
1282 545 1386 582 coep-

263 598 345 628 tum
361 610 368 628 :
402 592 513 628 simul
531 593 683 629 Marsos
704 606 836 643 agrum
856 594 893 629 vi
912 595 1025 637 tueri,
1047 595 1085 631 in
1102 608 1215 644 quem
1234 595 1387 634 colonia

266 657 435 693 Carseoli
465 658 627 695 deducta
659 665 753 702 erat,
786 666 949 709 quatuor
980 659 1148 697 millibus
1187 660 1387 699 hominum

66 715 229 792 dissidii}
264 723 426 773 scriptis.
476 723 610 773 Itaque
630 731 786 775 propter
805 737 869 761 eos
890 724 1075 761 tumultus
1094 725 1216 762 dictus
1233 725 1290 763 M.
1307 726 1386 764 Va-

69 808 124 832 ior.
231 779 244 786 ’
260 786 373 824 lerius
392 787 586 825 Maximus
608 788 786 833 dictator,
807 789 1031 840 magistrum
1052 789 1222 839 equitum
1243 789 1315 827 sibi
1332 789 1387 827 le-

260 854 317 902 git
344 853 401 891 M.
421 854 623 891 AEmilium
651 854 850 892 Paullum:
888 856 927 892 id
957 855 1078 903 magis
1112 855 1240 899 credo,
1273 868 1389 905 quam

260 918 308 958 Q.
339 918 499 955 Fabium
529 932 573 955 ea
603 926 713 955 aetate
743 926 856 968 atque
899 920 950 955 eis
981 919 1193 955 honoribus
1231 919 1387 956 Valerio

259 981 495 1033 subjectum:
530 989 697 1020 ceterum
730 997 777 1019 ex
805 982 968 1019 Maximi
1000 983 1231 1032 cognomine
1260 989 1388 1021 ortum

258 1060 424 1084 errorem
439 1049 540 1084 haud
559 1048 768 1085 abnuerim.
808 1047 1010 1084 Profectus
1028 1048 1199 1084 dictator
1214 1060 1301 1085 cum
1320 1061 1388 1085 ex-

258 1113 376 1149 ercitu
402 1112 540 1164 proelio
566 1126 644 1149 uno
662 1112 814 1149 Marsos
835 1112 965 1149 fundit
984 1127 990 1148 :
1025 1112 1230 1162 compulsis
1251 1112 1388 1149 deinde

257 1177 296 1212 in
317 1177 427 1213 urbes
454 1178 635 1221 munitas,
655 1178 891 1221 hlilioniam,
923 1177 1152 1219 Plestinam,
1172 1176 1386 1221 Fresiliam,

256 1242 358 1278 intra
376 1242 453 1278 dies
474 1254 615 1293 paucos
637 1243 760 1292 cepit:
795 1247 833 1278 et
852 1248 961 1292 parte
983 1241 1064 1290 agri
1084 1240 1259 1277 multatis
1279 1240 1387 1277 Mar·

64 1307 236 1339 Etruscum
258 1306 308 1342 sis
333 1306 457 1343 foedus
488 1307 667 1344 restituit.
711 1306 811 1342 Tum
842 1307 882 1342 in
913 1306 1098 1343 Etruscos
1129 1318 1279 1342 versum
1305 1305 1387 1342 bel-

64 1350 199 1382 bellum.
258 1370 359 1408 lum:
388 1378 439 1415 et,
467 1385 583 1421 quum
609 1372 774 1408 dictator
805 1371 1063 1422 auspiciorum
1092 1371 1387 1421 repetendorum

257 1449 390 1473 caussa
418 1437 611 1488 profectus
646 1436 812 1473 Romam
841 1443 956 1479 esset,
983 1436 1168 1485 magister
1199 1435 1385 1485 equitum,

255 1501 478 1552 pabulatum
499 1515 685 1551 egressu&
718 1515 764 1538 ex
784 1502 930 1538 insidiis
957 1501 1276 1545 circumvenitur3
1309 1500 1387 1549 sig-

257 1562 388 1615 nisque
418 1566 564 1615 aliquot
593 1567 754 1609 amissis,
775 1566 878 1602 foeda
907 1566 1072 1602 militum
1100 1565 1202 1602 caede
1231 1577 1274 1601 ac
1293 1564 1386 1614 fuga

257 1633 296 1670 in
317 1639 440 1669 castra
466 1639 523 1669 est
543 1632 783 1683 compulsus:
818 1632 882 1681 qui
909 1638 1035 1667 terror
1060 1643 1141 1667 non
1163 1642 1209 1666 eo
1235 1634 1387 1665 tantum

257 1711 280 1735 a
298 1697 420 1735 Fabio
450 1698 644 1741 abhorret,
666 1697 768 1747 quod
797 1697 923 1746 siqua
947 1696 1024 1732 alia
1055 1702 1137 1732 arte
1167 1705 1385 1743 cognomen

258 1775 369 1798 suum
399 1763 574 1812 aequavit,
606 1768 687 1798 tum
716 1762 881 1797 maxime
909 1760 1056 1796 bellicis
1087 1758 1287 1795 laudibus:
1321 1757 1387 1793 sed

259 1827 389 1870 etiam,
411 1827 526 1876 quod,
550 1839 696 1863 memor
722 1826 936 1875 Papirianae
965 1824 1134 1866 saevitiae,
1162 1833 1385 1871 numquam,

260 1897 301 1927 ut
321 1891 515 1927 dictatoris
536 1890 683 1940 injussu
703 1890 916 1932 dimicaret,
938 1888 1074 1924 adduci
1095 1886 1296 1936 potuisset.

313 1954 383 1991 IV.
411 1954 608 1990 Nunciata
635 1967 679 1990 ea
707 1954 830 1990 clades
858 1952 1023 1988 Romam
1051 1950 1251 2001 majorem,
1272 1961 1385 1998 quam

259 2031 317 2056 res
339 2026 432 2062 erat,
452 2026 637 2055 terrorem
664 2018 825 2055 excivit:
858 2029 961 2059 nam,
985 2023 1026 2052 ut
1053 2015 1224 2051 exercitu
1243 2013 1384 2057 deleto,

260 2085 314 2120 ita
335 2083 531 2135 justitium
560 2085 769 2129 indictum3
803 2082 983 2119 custodiae
1014 2082 1054 2116 in
1083 2081 1218 2130 portis,
1246 2077 1385 2127 vigiliae

259 2149 414 2185 vicatim
430 2155 572 2185 exactae
587 2165 596 2194 3
630 2161 746 2191 arma,
765 2147 842 2183 tela
860 2148 897 2182 in
920 2158 1046 2182 muros
1064 2150 1259 2193 congesta.
1290 2142 1384 2178 Om-

260 2213 371 2249 nibus
400 2212 619 2264 junioribus
659 2217 898 2248 sacramento
931 2210 1089 2252 adactis,
1125 2209 1303 2251 dictator,
1338 2206 1386 2242 ad

261 2278 469 2313 exercitum
499 2278 648 2320 missus,
670 2277 799 2312 omnia
825 2288 891 2325 spe
920 2274 1185 2324 tranquilliora
1216 2279 1253 2307 et
1275 2284 1380 2307 com-

262 2342 386 2392 posita
406 2343 574 2391 magistri
598 2342 765 2391 equitum
787 2353 890 2379 cura.
912 2346 1036 2376 castra
1067 2340 1103 2374 in
1125 2337 1306 2374 tutiorem
1328 2336 1384 2373 lo-
