1527 2661
314 162 371 212 46
769 172 817 201 τ.
842 170 976 202 mvn

122 266 215 296 U.C·
231 263 410 299 443·buni
429 261 592 299 militum
612 262 692 298 seni
712 262 797 298 deni
819 263 857 299 in
878 270 1042 312 quatuor
1060 263 1231 314 legiones
1249 276 1273 299 a
1289 262 1433 314 populo

122 310 557 371 A·C·“³⁰⁹·crearentur;
598 340 680 375 quae
715 332 841 369 antea,
881 340 1060 377 perquam
1093 328 1222 377 paucis
1252 327 1432 377 suffragio

315 391 447 440 populi
466 391 605 427 relictis
626 391 734 434 locis,
760 391 991 427 dictatorum
1021 398 1059 427 et
1089 391 1287 428 consulum
1315 391 1434 428 ferme

315 457 467 493 fuerant
499 456 709 492 beneficia:
749 456 871 492 tulere
905 467 989 493 eam
1018 458 1261 506 rogationem
1289 457 1435 493 tribuni

121 523 297 596 Duupnviri
317 520 440 570 plebei
465 520 510 555 L.
527 519 681 561 Atilius,
704 520 746 555 C.
767 520 950 556 Marcius.
1007 521 1197 563 Alterum,
1227 526 1271 556 ut
1299 520 1434 556 duum—

120 577 202 597 nava
217 578 249 598 ΕΒ

121 612 230 640 creati.
317 585 416 619 viros
437 583 587 619 navales
619 583 747 618 classis
778 584 956 619 ornandae
986 584 1273 634 reficiendaeque
1303 597 1437 621 caussa

317 648 415 683 idem
436 646 596 697 populus
611 645 766 696 juberet
785 663 791 683 ε
825 647 924 683 lator
943 647 1056 698 hujus
1077 648 1265 699 plebisciti
1286 648 1359 684 fuit
1376 647 1435 685 Μ.

315 711 458 748 Decius
488 710 662 746 tribunus
700 709 833 759 plebis.
890 710 1074 761 Ejusdem
1104 712 1193 748 anni
1223 724 1303 748 rem
1331 712 1437 748 dictu

315 788 470 826 parvam
491 776 735 824 praeterirem,
756 775 795 810 ni
817 775 861 810 ad
883 776 1106 824 religionem
1126 777 1206 812 visa
1231 782 1331 812 esset
1349 788 1436 826 per·

119 834 284 884 Tibicines
316 840 450 875 tinere.
506 838 715 881 Tibicines,
737 839 823 887 quia
846 840 1031 889 prohibiti
1051 853 1072 876 a
1096 840 1280 890 proximis
1301 851 1436 876 censo-

119 878 308 952 ἓὲιέὶῖἓζι.ω
319 904 421 939 ribus
443 908 551 938 erant
570 903 608 938 in
631 902 708 938 aede
728 902 836 938 Jovis
857 904 971 946 vesci,
994 904 1095 952 quod
1125 904 1306 948 traditum
1335 904 1435 940 anti-

318 969 444 1017 quitus
467 973 560 1011 erat,
583 980 681 1016 aegre
700 968 815 1017 passi,
836 967 958 1003 Tibur
976 981 1051 1004 uno
1068 969 1219 1017 agmine
1237 968 1434 1006 abierunt:

317 1032 412 1068 adeo
433 1038 473 1067 ut
494 1044 606 1067 nemo
627 1032 665 1066 in
687 1031 779 1067 urbe
799 1038 911 1074 esset,
937 1033 998 1081 qui
1031 1033 1223 1069 sacrificiis
1252 1033 1436 1083 praecine·

315 1102 384 1132 ret.
443 1095 537 1145 Ejus
568 1095 622 1130 rei
651 1094 785 1143 religio
814 1097 939 1131 tenuit
969 1102 1172 1142 senatum5
1212 1096 1437 1146 legatosque

315 1159 438 1195 Tibur
458 1160 654 1200 miserunt,
687 1165 728 1194 ut
758 1159 892 1195 darent
921 1173 1090 1209 operam,
1121 1167 1165 1196 ut
1192 1161 1233 1196 hi
1260 1161 1435 1197 homines

314 1222 501 1258 Romanis
525 1223 827 1259 restituerentur.
886 1223 1096 1267 Tiburtini,
1126 1224 1294 1273 benigne
1322 1224 1436 1275 polli-

316 1288 395 1330 citi,
417 1288 579 1336 primum
599 1286 744 1322 adcitos
766 1299 830 1323 eos
851 1287 890 1323 in
921 1289 1063 1325 curiam
1082 1289 1227 1326 hortati
1246 1294 1348 1333 sunt,
1379 1289 1436 1326 uti

316 1357 594 1386 reverterentur
630 1349 796 1386 Romam
817 1366 824 1385 z
865 1358 1069 1401 postquam
1107 1352 1264 1402 perpelli
1301 1353 1435 1402 nequi·

316 1415 424 1458 bant,
446 1414 621 1457 consilio,
648 1415 749 1451 haud
779 1415 1009 1451 abhorrente
1039 1416 1086 1451 ab
1117 1416 1434 1465 ingeniis-homi-

316 1493 422 1522 num,
461 1492 524 1514 eos
563 1479 844 1527 adgrediuntur.
901 1479 976 1515 Die
1013 1479 1113 1516 festo
1148 1480 1213 1516 alii
1243 1480 1337 1517 alios
1367 1493 1436 1531 per

317 1544 480 1594 speciem
500 1542 811 1579 celebrandarum
832 1550 947 1578 cantu
968 1542 1164 1592 epularum
1184 1556 1318 1580 caussa
1337 1545 1434 1581 invi-

316 1613 414 1650 tant,
436 1612 473 1642 et
492 1607 596 1649 vino,
619 1605 724 1656 cujus
745 1607 896 1642 avidum
925 1606 1043 1643 ferme
1064 1619 1183 1655 genus
1205 1614 1275 1651 est,
1297 1621 1433 1645 onera·

315 1678 376 1708 tos
412 1672 592 1721 sopiunt:
633 1677 746 1720 atque
776 1671 830 1706 ita
859 1671 898 1706 in
927 1670 1098 1720 plaustra
1127 1683 1263 1708 somno
1283 1673 1432 1709 vinctos

121 1750 294 1782 Revehun,
318 1734 542 1785 conjiciunt,
564 1747 607 1770 ac
625 1733 792 1770 Romam
812 1734 1038 1784 deportant:
1061 1747 1131 1771 nec
1147 1736 1249 1785 prius
1267 1748 1432 1780 sensere,

119 1801 182 1826 tur.
317 1811 444 1847 quam,
465 1797 642 1847 plaustris
663 1798 702 1833 in
722 1797 808 1834 foro
828 1797 983 1841 relictis,
1013 1797 1146 1847 plenos
1177 1798 1339 1849 crapulae
1369 1812 1433 1836 eos

283 1898 286 1900 ,
313 1863 378 1898 lux
400 1862 600 1912 obpressit.
656 1862 767 1898 Tunc
787 1875 994 1898 concursus
1016 1861 1148 1913 populi
1167 1861 1305 1906 factus,
1326 1864 1434 1915 iupe-

313 1933 504 1975 natoque,
529 1932 572 1962 ut
598 1933 810 1969 manerent,
839 1927 984 1969 datum,
1013 1933 1056 1962 ut
1080 1926 1248 1963 triduum
1268 1935 1432 1976 quotan-

311 1991 371 2026 nis
393 1991 533 2033 ornati,
562 2003 647 2026 cum
676 1998 791 2026 cantu
814 1996 928 2039 atque
947 1991 1034 2033 hac,
1055 2003 1138 2039 quae
1158 2002 1260 2027 nunc
1281 1992 1432 2029 sollem-

314 2055 373 2090 nis
394 2060 464 2097 est,
486 2053 641 2090 licentia
663 2067 730 2104 per
756 2054 888 2090 urbem
907 2061 1137 2104 vagarentur
1155 2069 1162 2090 :
1195 2058 1432 2093 restitutum-

316 2133 389 2169 que
414 2121 453 2156 in
481 2121 556 2156 aede
578 2121 754 2156 vescendi
777 2120 842 2170 jus
870 2121 930 2163 iis,
953 2122 1016 2170 qui
1036 2122 1150 2157 sacris
1171 2122 1433 2171 praecinerent.

315 2186 411 2222 Haec
432 2185 530 2220 inter
550 2185 709 2221 (luorum
728 2186 942 2234 ingentium
968 2185 1157 2222 bellorum
1177 2198 1305 2222 curam
1325 2198 1432 2236 gere-

314 2248 465 2285 bantur.

368 2313 527 2350 XXXI.
579 2314 765 2351 Consules
805 2315 904 2351 inter
941 2327 981 2351 se
1017 2314 1231 2366 provincias
1270 2315 1401 2366 partiti
1419 2331 1429 2362 5
