1527 2661
44 284 86 317 U.
100 286 136 316 C.
154 294 228 319 444.

43 330 83 360 A.
97 330 133 360 C.
151 338 226 362 308.

45 663 159 693 Classis

44 706 202 737 Romana.

47 2042 173 2079 Anceps

47 2084 196 2121 sarlium

48 2137 59 2155 (
70 2138 125 2157 um
137 2128 229 2157 Sain-

51 2172 177 2201 nxtibus.

235 181 291 236 58
711 197 755 225 T.
781 197 913 226 1,1v11

240 283 298 319 nis
332 289 519 332 petenteS‚
551 284 721 322 inducias
759 287 799 323 in
835 288 997 336 triginta
1034 300 1153 324 annos
1187 288 1355 338 inpetra-

235 354 383 385 verunt.

291 412 531 450 XXXVIII.
574 413 679 450 Dum
704 414 784 451 haec
814 415 852 451 in
872 415 1027 452 Etruria
1047 421 1242 464 geruntur,
1263 429 1355 452 con-

239 476 296 512 sul
323 476 417 512 alter
445 477 488 513 C.
515 476 684 513 Elateius
713 477 867 514 Rutilus
894 478 1029 515 Allifas
1050 479 1093 514 de
1121 479 1354 515 Samnitibus

237 542 273 577 vi
294 542 415 592 cepit:
449 541 568 578 multa
588 542 664 578 alia
684 541 839 578 castella
857 542 1018 591 vicique,
1040 549 1104 578 aut
1123 543 1246 579 deleta
1264 544 1354 580 hos-

239 605 372 647 tiliter,
393 611 459 641 aut
484 606 633 654 integra
660 605 698 640 in
718 612 947 654 potestatem
973 619 1121 642 venere.
1164 605 1240 643 Per
1259 607 1357 643 idem

239 676 388 720 tempus
416 676 452 705 et
473 669 601 706 classis
628 668 808 706 Romana
836 683 856 706 a
881 671 925 707 P.
946 670 1139 713 Cornelio,
1161 670 1273 720 quem
1299 684 1358 708 se-

241 740 351 770 natus
371 734 571 769 maritimae
587 747 663 769 orae
683 733 917 784 praefecerat,
937 735 973 770 in
988 735 1236 785 Campaniam
1255 742 1354 779 acta,

238 811 354 847 quum
375 797 531 847 adpulsa
546 796 750 847 Pompeios
772 805 892 844 essct3
917 799 1011 834 socii
1032 799 1116 834 inde
1137 798 1287 834 navales
1307 799 1356 835 ad

237 861 543 913 depopulandum
563 874 696 911 agrum
715 862 948 899 Nucerinum
976 863 1152 914 profecti,
1173 863 1357 913 proximis

237 927 375 977 raptim
402 926 573 969 vastatis,
596 926 694 962 unde
723 926 864 963 reditus
888 934 992 963 tutus
1023 927 1070 962 ad
1099 939 1212 962 naves
1242 933 1354 971 esset,

237 991 435 1028 dulcedine
465 995 525 1038 (ut
550 990 609 1037 fit)
639 991 771 1040 praedae
798 989 948 1039 longius
976 991 1180 1041 progressi,
1208 992 1356 1027 excive-

237 1068 277 1091 re
295 1055 436 1091 hostes.
477 1054 618 1091 Palatis
639 1067 706 1104 per
724 1067 835 1103 agros
851 1067 963 1090 nemo
985 1054 1116 1090 obvius
1136 1054 1223 1098 fuit,
1240 1068 1355 1104 quum

239 1119 434 1155 occidione
455 1120 575 1155 occidi
605 1125 783 1168 possent:
817 1119 1015 1155 redeuntes
1046 1120 1196 1167 agmine
1225 1121 1355 1156 incau-

237 1193 278 1220 to
308 1184 408 1220 haud
436 1184 569 1233 procul
597 1183 755 1220 navibus
780 1183 947 1219 adsecuti
977 1191 1144 1231 agrestes
1171 1191 1357 1220 exuerunt

240 1249 378 1298 praeda,
399 1256 547 1298 partem
567 1249 680 1284 etiam
702 1248 943 1285 occiderunt:
976 1260 1058 1296 quae
1079 1248 1263 1298 superfuit
1283 1261 1355 1285 cae-

241 1314 291 1357 di,
312 1314 459 1363 trepida
485 1313 689 1349 multitudo
713 1313 759 1349 ad
789 1326 902 1349 naves
931 1312 1125 1362 compulsa
1152 1320 1220 1349 est.
1261 1312 1356 1350 Pro-

239 1378 356 1414 sectio
377 1378 424 1417 Q.
446 1377 555 1414 Fabii
575 1384 678 1414 trans
701 1378 904 1417 Ciminiam
925 1377 1054 1413 silvam
1072 1384 1255 1425 quantum
1274 1378 1355 1415 Ro-

239 1457 308 1479 mae
330 1450 512 1480 terrorem
528 1443 683 1487 fecerat,
700 1451 778 1480 tam
799 1443 924 1479 laetam
940 1442 1080 1478 famam
1101 1442 1138 1477 in
1160 1443 1355 1480 Samnium

241 1508 286 1544 ad
314 1509 442 1544 hostes
472 1507 633 1543 tulerat:
667 1509 897 1543 interclusum
929 1507 1134 1542 Romanum
1163 1508 1356 1543 exereitum

240 1573 400 1615 obsideri,
434 1574 615 1620 cladisque
648 1574 840 1620 imaginem
862 1572 1034 1608 Furculas
1065 1571 1249 1609 Caudinas
1278 1584 1358 1607 me—

240 1637 462 1673 morabant:
497 1638 619 1673 eadem
646 1639 846 1673 temeritate
865 1638 1008 1672 aridam
1036 1637 1247 1671 ulteriorum
1266 1649 1358 1672 sem-

235 1715 302 1751 per
318 1707 457 1749 gentem
481 1702 516 1737 in
535 1702 648 1737 saltus
672 1703 784 1737 invios
803 1702 1007 1742 deductam,
1027 1705 1164 1748 septam
1189 1712 1258 1735 non
1279 1700 1359 1735 hos—

242 1768 331 1802 tium
366 1767 480 1813 magis
516 1767 639 1808 armis,
669 1778 777 1814 quam
811 1766 969 1801 locorum
998 1764 1247 1812 iniquitatibus
1276 1777 1359 1801 esse.

241 1830 326 1865 Jam
348 1830 525 1878 gaudium
546 1830 686 1866 invidia
704 1830 865 1878 quadam
886 1828 1128 1871 111iscebatu1·,
1150 1829 1250 1877 quod
1276 1828 1356 1864 bel-

241 1894 265 1929 li
290 1894 453 1929 Romani
474 1894 585 1930 decus
607 1893 654 1929 ab
680 1892 913 1929 Samnitibus
933 1892 1089 1928 fortuna
1109 1892 1154 1927 ad
1173 1892 1357 1928 Etruscos

241 1958 461 1994 avertisset:
494 1958 622 2006 itaque
650 1957 762 1993 armis
788 1957 952 2004 virisque
979 1955 1024 1991 ad
1043 1954 1291 1990 obterendum
1313 1956 1356 1991 C.

239 2022 427 2058 Marcium
446 2021 639 2057 consulem
657 2026 887 2070 concurrun't
902 2036 912 2064 3
945 2019 1117 2069 protinus
1139 2018 1225 2054 inde
1240 2018 1357 2055 Etru-

241 2086 335 2122 riam
356 2099 422 2136 per
439 2085 590 2121 Marsos
618 2098 663 2121 ac
685 2084 846 2121 Sabinos
867 2084 1036 2134 petituri,
1058 2084 1087 2118 si
1113 2082 1282 2119 Marcius
1302 2083 1358 2119 di-

242 2151 406 2188 micandi
439 2157 668 2200 potestatem
702 2162 781 2186 non
808 2149 936 2186 faciat.
978 2147 1123 2184 Obvius
1153 2148 1197 2183 iis
1228 2147 1361 2183 consul

240 2215 336 2251 fuit:
369 2214 588 2250 dimicatum
615 2213 751 2264 proelio
783 2214 970 2261 utrimque
1001 2212 1134 2254 atroci,
1160 2219 1272 2260 atque
1299 2211 1358 2246 in-

242 2286 347 2315 certo
367 2285 503 2314 eventu
524 2285 602 2314 est:
637 2284 674 2314 et
694 2290 809 2326 quum
829 2288 966 2326 anceps
987 2275 1105 2311 caedes
1126 2274 1272 2317 fuisset,
1294 2275 1358 2310 ad-

244 2355 355 2379 versae
376 2350 503 2379 tamen
520 2343 574 2378 rei
592 2341 693 2379 fama
709 2342 747 2377 in
768 2340 965 2377 Romanos
985 2339 1111 2384 vertit,
1129 2338 1177 2376 ob
1199 2339 1359 2375 amissos
