1527 2661
4 800 9 860 1

0 1064 9 1383 l

3 1437 9 1756 ε

270 197 425 226 LIBER
450 195 592 227 XXIV·
625 195 732 224 CAP.
756 196 897 224 xmx.
1076 199 1158 242 431

52 283 236 322 Facturos
257 297 296 321 se
315 285 354 321 in
374 284 588 335 praesentia,
605 284 707 333 quod
726 283 852 328 vellet,
873 284 988 333 legati
1005 297 1162 336 respon·
1177 298 1218 328 U.
1231 298 1268 328 C.
1285 306 1359 333 539.

54 349 190 386 derunt
204 363 212 385 z
243 349 316 386 fide
335 356 504 399 accepta,
522 355 563 384 ut
579 349 788 385 remitteret
803 348 995 399 extemplo
1012 362 1111 394 eum,
1131 351 1164 387 si
1176 341 1214 371 Α·
1232 342 1269 372 C·
1285 349 1359 374 ²¹3·

53 414 298 464 imperatores
314 414 371 449 sui
388 426 467 449 non
486 413 799 464 comprobassent
813 413 968 451 factum.
1015 415 1064 454 Q.
1079 415 1165 452 Sta—

53 478 154 514 torio
173 490 312 514 nomen
332 478 420 521 fuit,
437 479 500 527 qui
517 478 563 514 ad
579 491 705 527 regem
722 479 914 515 remansit.
959 479 1055 515 Cum
1071 480 1167 516 duo-

51 540 122 578 bus
142 541 328 579 Romanis
349 542 500 591 reliquis
521 543 689 579 Numida
713 542 858 591 legatos
879 543 918 578 in
938 542 1167 593 Hispaniam

52 607 156 642 misit
174 607 220 643 ad
239 607 496 657 accipiendam
516 608 624 644 fidem
646 607 692 643 ab
709 607 1001 657 imperatoribus
1021 607 1167 645 Roma-

53 671 113 708 nis
129 686 136 708 :
169 672 302 708 iisdem
321 673 527 715 mandavit,
551 679 591 708 ut
610 674 782 724 protinus
804 672 1004 716 Numidas,
1025 674 1090 722 qui
1109 673 1167 709 in-

54 741 114 771 tra
131 736 306 786 praesidia
326 736 706 785 Karthaginiensium
735 736 934 772 auxiliares
961 743 1100 780 essent,
1121 738 1169 774 ad

53 800 319 836 transitionem
339 800 576 850 perlicerent.
632 801 685 838 Et
705 802 893 837 Statorius
910 814 956 837 ex
971 801 1090 837 multa
1102 800 1170 851 ju·

0 871 9 905 *y
51 868 208 899 ventute
227 864 307 912 regi
336 864 480 913 pedites
511 866 758 915 conscripsit:
791 864 1060 914 ordinatosque
1079 878 1169 915 pro-

0 923 1 962 ἶ
55 927 156 963 xime
185 939 329 964 morem
353 927 584 971 Romanum,
614 928 838 964 instruendo
868 934 907 964 et
935 928 1168 965 decurrendo

54 990 164 1039 signa
180 992 299 1040 sequi,
316 998 354 1028 et
366 1005 514 1028 servare
534 991 683 1028 ordines
697 992 830 1028 docuit
848 1005 856 1026 ε
888 997 925 1027 et
945 992 1051 1041 operi
1067 991 1170 1028 aliis-

55 1067 129 1103 que
158 1054 274 1105 justis
303 1055 528 1092 militaribus
558 1057 613 1092 ita
641 1055 861 1099 adsuefecit,
901 1062 943 1092 ut
969 1056 1075 1092 brevi
1104 1069 1171 1094 rex

57 1130 135 1155 non
165 1119 283 1167 equiti
312 1120 432 1167 magis
453 1119 598 1162 fideret,
619 1133 730 1168 quam
760 1119 901 1170 pediti;
935 1119 1171 1169 conlatisque

58 1195 167 1232 :equo
196 1195 330 1232 campo
360 1184 491 1232 signis,
515 1182 623 1232 justo
652 1183 788 1233 proelio
808 1183 1172 1232 Karthaginiensem

57 1247 209 1283 hostem
244 1254 448 1297 superaret.
504 1247 690 1284 Romanis
724 1260 874 1297 quoque
909 1248 948 1283 in
984 1247 1173 1298 Hispania

57 1310 272 1360 legatorum
289 1312 388 1360 regis
419 1311 599 1347 adventus
626 1324 766 1360 magno
796 1311 1052 1347 emolumento
1072 1312 1168 1348 fuit:

58 1390 220 1426 namque
235 1378 283 1414 ad
300 1377 440 1414 famam
456 1390 587 1413 eorum
603 1377 845 1413 transitiones
863 1377 1003 1413 crebrae
1022 1377 1069 1413 ab
1085 1377 1170 1413 Nu-

59 1441 170 1478 midis
193 1447 328 1492 coeptae
343 1441 435 1477 fieri.
470 1441 531 1477 Ita
547 1454 631 1477 cum
649 1441 819 1491 Syphace
834 1440 1020 1477 Romanis
1033 1440 1173 1491 juncta

57 1506 225 1543 amicitia
243 1513 311 1542 est.
358 1506 472 1545 Quod
492 1505 556 1541 ubi
573 1505 913 1554 Karthaginienses
931 1512 1172 1555 acceperunt,

62 1569 252 1620 extemplo
271 1570 318 1606 ad
338 1569 488 1612 Galam,
510 1570 548 1605 in
569 1576 675 1619 parte
695 1569 814 1604 altera
834 1568 1025 1605 Numidiae
1049 1569 1172 1617 (Mas-

63 1633 132 1683 syli
152 1647 197 1670 ea
216 1647 306 1683 gens
326 1634 501 1680 vocatur)
524 1640 761 1681 regnantem,
783 1632 929 1680 legatos
951 1633 1120 1669 mittunt.

116 1698 269 1734 XLIX.
298 1697 436 1734 Filium
453 1697 549 1732 Gala
565 1696 810 1732 Masinissam
827 1695 1006 1739 habebat,
1027 1704 1171 1746 septem
1186 1713 1355 1753 Karthagi-

61 1768 100 1798 et
118 1762 246 1798 decem
264 1773 384 1797 annos
409 1768 556 1803 natum,
577 1768 743 1795 ceterum
762 1757 944 1808 juvenem
969 1772 1013 1795 ea
1032 1759 1170 1804 indole,
1185 1756 1308 1786 nienses

64 1833 104 1862 ut
116 1825 199 1875 jam
217 1831 299 1861 tum
318 1825 528 1874 adpareret,
549 1824 661 1860 latius
688 1836 846 1872 regnum
866 1823 1171 1874 opulentiusque,
1184 1799 1362 1872 3353?

62 1902 175 1939 quam
190 1889 409 1939 accepisset,
425 1887 626 1923 facturum.
672 1886 825 1936 Legati,
843 1888 1011 1935 quoniam
1026 1888 1174 1936 Syphax
1185 1885 1287 1915 ciunt.

59 1966 95 1990 se
115 1955 286 1990 Romanis
295 1952 484 1999 junxisset,
504 1957 545 1988 ut
569 1954 751 2000 potentior
778 1954 945 1987 societate
966 1964 1085 1988 eorum
1106 1954 1173 1989 ad-

60 2030 180 2054 versus
201 2029 300 2064 reges
323 2017 544 2065 populosque
561 2015 698 2064 Africoe
725 2020 825 2058 esset,
855 2015 993 2050 docent
1006 2032 1016 2060 3
1049 2017 1176 2052 melius

49 2081 139 2131 fore
170 2082 271 2117 Galae
289 2092 438 2128 quoque,
460 2080 819 2126 Karthaginiensibus
835 2078 944 2127 jungi
972 2092 1080 2128 quam
1095 2082 1175 2128 pri-

59 2158 170 2188 mum,
191 2150 382 2192 antequam
402 2144 549 2192 Syphax
572 2145 607 2179 in
625 2144 857 2191 Hispaniam,
879 2148 943 2179 aut
964 2143 1121 2179 Romani
1140 2146 1176 2179 in

61 2208 230 2258 Africam
248 2212 431 2244 transeant
442 2224 454 2251 ,-
484 2208 632 2255 obprimi
652 2207 864 2254 Syphacem,
885 2207 1065 2242 nihildum
1080 2219 1175 2255 prae-

64 2279 117 2310 ter
134 2285 260 2309 nomen
277 2285 318 2308 ex
327 2272 469 2322 faedere
484 2272 647 2308 Romano
663 2272 861 2314 habentem,
879 2283 990 2319 posse.
1048 2270 1175 2306 Facile
1190 2270 1358 2301 Masinissa

62 2349 283 2388 persuasum
297 2336 418 2380 Galae,
434 2336 514 2372 filio
534 2336 762 2386 deposcente
782 2336 818 2372 id
837 2335 992 2379 bellum,
1011 2341 1053 2370 ut
1069 2347 1174 2371 exer·
1188 2313 1380 2395 ἓξὲῗᾶῗὲἒῗ

1189 2399 1297 2429 vincit.
