1527 2661
218 491 566 540 EPITOME
611 492 833 541 LIBRI
868 493 1043 542 XXII.

166 804 418 847 ANNIBAL,
448 817 514 852 per
542 806 726 841 continuas
755 805 897 852 vigilias
925 806 961 840 in
986 806 1179 853 paludibus

179 870 281 905 oculo
299 871 439 912 amisso,
460 871 554 905 venit
573 871 609 905 in
628 869 817 905 Etruriam
832 885 845 906 .·
870 881 936 917 per
960 882 1047 918 quas
1066 872 1179 919 palu-

74 934 135 969 cles
152 935 344 981 quatriduo
362 938 396 969 et
415 934 524 969 tribus
541 933 698 970 noctibus
713 936 787 970 sine
804 933 882 969 ulla
900 936 1019 982 requie
1038 936 1105 970 iter
1112 935 1178 984 fe—

73 999 133 1033 cit.
191 998 230 1034 C.
263 998 460 1033 Flaminius
493 998 624 1039 consul,
659 997 763 1034 homo
796 999 1016 1040 temerarius,
1054 1004 1180 1035 contra

72 1062 233 1108 auspicia
257 1060 453 1109 profectus,
473 1062 582 1108 signis
602 1060 814 1096 militaribus
839 1062 982 1109 effossis,
1004 1073 1081 1109 quce
1100 1063 1180 1098 tolli

71 1136 141 1159 non
152 1129 335 1172 poterant,
355 1130 389 1161 et
407 1125 450 1160 ab
468 1133 687 1173 equo‚’quem
708 1126 969 1168 conscenderat,
987 1138 1052 1173 per
1070 1131 1180 1174 caput

73 1189 270 1230 devolutus,
290 1190 426 1225 insidiis
444 1190 486 1224 ab
506 1190 710 1225 Hannibale
725 1191 993 1232 circumventus,
1014 1191 1062 1225 ad
1087 1191 1178 1226 Tra·

71 1254 243 1287 simenurn
263 1253 381 1288 lacurn
396 1265 475 1288 cum
490 1254 643 1288 exercitu
658 1264 763 1288 caesus
777 1258 838 1288 est.
869 1252 938 1288 Sex
952 1254 1083 1295 millia,
1101 1266 1179 1301 quae

71 1319 273 1362 eruperant,
282 1316 362 1364 fide
382 1315 424 1350 ab
448 1315 662 1350 Maharbale
689 1316 789 1358 data,
818 1316 970 1364 perfidia
987 1317 1178 1353 Hanniba·

71 1379 114 1413 lis
132 1380 251 1414 vincta
269 1384 361 1415 sunt.
401 1379 520 1420 Quum
538 1380 585 1414 ad
602 1382 771 1415 nunciam
789 1381 903 1415 cladis
921 1380 1045 1416 Romoe
1063 1382 1182 1417 luctus·

71 1446 169 1484 esset,
197 1442 276 1477 duce
299 1446 443 1483 matres,
473 1453 515 1476 ex
538 1443 717 1489 insperato
743 1443 894 1489 receptis
908 1443 1014 1491 filiis,
1041 1445 1177 1490 gaudio

9 1491 10 1535 Ϊ
66 1509 216 1541 mortuae
232 1510 325 1542 sunt.
384 1506 435 1541 Ob
453 1506 545 1541 hanc
563 1507 697 1542 cladem
719 1518 761 1541 esc
785 1507 967 1554 Sibyllinis
994 1507 1091 1543 libris
1114 1519 1176 1545 ver

69 1581 209 1605 sacrum
233 1575 364 1606 votum.
413 1571 530 1611 Quum
550 1571 674 1606 deinde
694 1571 736 1611 Q.
750 1571 878 1607 Fabius
896 1571 1078 1607 Maximus
1097 1573 1174 1608 dic-

71 1638 178 1676 tator,
199 1636 365 1670 adversus
383 1635 622 1670 Hannibalem
643 1637 778 1677 missus,
804 1636 916 1671 nollet
942 1638 1017 1671 acie
1036 1648 1114 1672 cum
1132 1648 1172 1672 eo

70 1698 268 1747 corfiigere‚
286 1709 342 1740 ne,
363 1705 488 1734 contra
504 1698 669 1746 ferocem
689 1704 741 1734 tot
758 1701 914 1735 victoriis
932 1699 1077 1741 hostem,
1100 1703 1172 1735 ter-

12 1766 13 1781 ³
67 1763 177 1796 ritum
196 1762 350 1796 adversis
375 1762 509 1808 proeliis
531 1763 680 1797 militem
701 1773 832 1808 pugnce
850 1764 1095 1804 committeret,
1122 1766 1171 1805 et,

13 1855 14 1859 ,
68 1823 269 1870 obponendo
292 1835 328 1858 se
354 1824 612 1866 tantummodo,
634 1829 781 1859 conatus
799 1824 1014 1860 Hannibalis
1032 1826 1171 1872 inpedi-

14 1897 15 1901 ’
67 1891 147 1922 ret:
177 1887 231 1922 M.
251 1886 432 1922 Minucius
458 1888 628 1934 magister
649 1889 819 1936 equitum,
838 1886 950 1936 ferox
967 1893 1002 1924 et
1022 1894 1172 1925 temera-

14 1947 15 1969 ³
65 1952 154 1992 rius,
175 1951 395 1986 criminando
413 1952 620 1986 dictatorem
641 1955 824 1999 tamquam
850 1963 990 1999 segnem
1015 1956 1048 1988 et
1075 1954 1172 1989 timi-

15 2026 16 2051 :
70 2015 169 2056 dum,
188 2015 315 2063 effecit,
333 2019 374 2050 ut
387 2016 515 2062 populi
524 2013 626 2060 jussu
645 2020 844 2062 aequaretur
859 2018 891 2051 ei
905 2028 983 2052 cum
997 2017 1173 2052 dictatore

16 2079 17 2093 ³
65 2079 253 2125 imperium
269 2094 282 2121 ‚·
310 2079 490 2126 divisoque
514 2080 682 2121 exercitu,
709 2092 815 2127 quum
840 2081 961 2128 iniquo
988 2081 1062 2115 loco
1088 2092 1173 2115 con·

16 2131 18 2171 ἶ
53 2141 219 2190 flixisset,
250 2146 284 2177 et
311 2144 348 2177 in
370 2144 524 2178 maximo
553 2144 752 2178 discrimine
780 2144 931 2190 legiones
955 2142 1026 2189 ejus
1044 2148 1171 2186 essent,

67 2207 330 2252 superveniente
359 2218 436 2241 cum
461 2208 615 2242 exercita
643 2206 749 2242 Fabio
778 2207 942 2242 Maximo
969 2208 1171 2242 discrimine

70 2268 237 2305 liberatus
255 2274 328 2306 est:
356 2282 424 2317 quo
443 2270 604 2318 beneficio
622 2272 734 2311 victus
753 2276 870 2306 castra
890 2283 966 2306 cum
982 2283 1021 2306 eo
1030 2269 1168 2315 junxit,

71 2336 105 2367 et
123 2339 267 2381 patrem
286 2345 364 2369 eum
393 2335 563 2370 salutavit
577 2350 589 2377 ‚-
616 2335 778 2383 idemque
796 2334 924 2383 facere
948 2335 1077 2370 milites
1087 2331 1169 2379 jus-

580 2396 614 2431 L
635 2397 658 2432 5
1098 2401 1101 2404 ’
