1527 2661
274 158 356 212 518
735 170 779 198 Τ.
806 170 940 198 L1V11

77 264 171 296 .U.C.
190 261 355 307 541.Age
372 264 510 301 contra,
532 269 609 306 quoe
626 260 681 294 illi
699 260 826 308 infeste
845 263 881 297 in
899 274 961 297 nos
968 261 1145 310 fecerint,
1165 265 1333 312 repetite:
1353 270 1394 302 ut
1433 297 1439 299 „

80 309 120 339 Α.
137 308 173 339 C.
190 313 262 338 211.

277 337 318 360 ex
338 336 392 366 eo,
414 325 500 371 quid
515 325 674 371 speretis,
696 324 867 361 habeatis.
928 327 1046 367 Quum
1065 328 1174 364 bostis
1194 329 1396 377 alienigena

276 390 313 424 in
335 389 448 424 Italia
468 392 567 429 esset,
586 392 620 423 et
637 389 824 424 Hannibal
842 389 962 432 hostis,
980 396 1015 426 et
1034 397 1161 428 cuncta
1180 393 1270 428 bello
1288 394 1395 429 arde-

274 456 368 494 rent,
386 453 519 487 omissis
536 452 706 494 omnibus,
721 454 847 488 omisso
868 454 942 501 ipso
959 454 1177 496 Hannibale,
1191 456 1294 492 ambo
1310 468 1393 492 con-

272 517 367 553 sules
385 520 421 551 et
440 517 511 551 duo
530 517 732 552 consulares
750 519 925 553 exercitus
943 519 992 553 ad
1010 518 1170 566 Capuam
1189 520 1394 567 obpugnan-

274 581 360 616 dam
381 581 564 616 miserunt.
612 582 780 617 Alterum
808 594 940 618 annu-m
966 583 1257 619 circum-vallatos
1280 585 1394 621 inclu-

272 657 396 693 sosque
414 657 475 681 nos
482 645 592 692 fame
611 651 810 688 macerant,
828 651 863 682 et
879 648 945 694 ipsi
960 647 1139 683 nobiscum
1152 648 1284 684 ultima
1298 650 1395 696 peri-

273 710 357 746 cula
386 721 429 745 ac
454 712 682 757 gravissimos
711 710 845 746 labores
872 713 1041 759 perpessi,
1061 713 1159 747 circa
1186 713 1324 748 vallum
1352 726 1396 749 ac

262 774 385 823 fossas
403 787 493 823 saepe
513 776 699 817 trucidati,
721 781 756 811 et
773 787 888 823 prope
906 777 956 812 acl
974 781 1172 812 extremum
1190 778 1316 813 castris
1333 790 1393 814 ex-

272 841 338 875 uti.
387 840 460 875 Sed
487 841 611 875 omitto
641 840 741 876 ha’c:
769 846 868 876 vetus
896 846 1004 888 atque
1030 842 1168 877 usitata
1191 853 1246 877 res
1271 847 1335 885 est,
1357 844 1394 878 in

272 903 511 951 obpugnanda
527 904 678 940 bostium
695 905 778 940 urbe
794 905 928 940 labores
943 917 985 940 ac
996 906 1162 952 pericula
1177 907 1280 953 pati:
1300 907 1394 943 illud

271 968 335 1003 irae
355 973 463 1015 atque
483 969 557 1003 odii
576 968 800 1004 exsecrabilis
823 969 994 1004 indicium
1013 973 1076 1004 est.
1132 969 1320 1005 Hannibal
1338 972 1393 1006 in-

268 1032 432 1080 gentibus
458 1034 569 1079 copiis
593 1033 755 1079 peditum
778 1034 1004 1080 equitumque
1023 1037 1143 1068 castra
1161 1033 1393 1081 obpugnavit,

272 1101 307 1132 et
326 1108 367 1130 er
382 1101 490 1143 parte
510 1097 628 1143 cepit:
660 1100 762 1131 tanto
776 1097 941 1143 periculo
959 1096 1051 1131 nihil
1068 1097 1157 1132 moti
1169 1102 1254 1132 sunt
1272 1098 1316 1133 ab
1334 1099 1393 1134 ob-

271 1161 416 1195 sidione.
463 1158 656 1207 Profectus
675 1164 773 1195 trans
798 1159 1028 1202 Vulturnum,
1046 1161 1200 1208 perussit
1221 1160 1393 1198 Calenum

271 1235 399 1270 agrum
418 1239 429 1258 .·
458 1223 550 1258 nihil
576 1228 680 1259 tanta
705 1224 881 1259 sociorum
909 1224 1010 1259 clade
1031 1224 1174 1259 avocati
1191 1230 1285 1261 sunt.
1333 1226 1395 1261 Aa

270 1288 383 1334 ipsam
413 1287 536 1322 urbem
566 1287 722 1322 Romam
751 1286 884 1336 infesta
911 1289 1015 1335 signa
1032 1286 1135 1335 ferri
1154 1286 1288 1334 jussit:
1316 1301 1393 1326 eam

270 1363 408 1401 quoque
439 1358 684 1401 tempestatem
714 1355 943 1389 inminentem
977 1359 1194 1401 spreverunt.
1263 1356 1393 1392 Trans-

268 1431 408 1467 gressus
433 1421 620 1462 Anienem,
654 1421 724 1455 tria
752 1420 869 1455 millia
895 1431 1067 1467 passuum,
1095 1420 1138 1455 ab
1165 1421 1251 1456 urbe
1274 1426 1393 1458 castra

267 1485 417 1531 posuit:
443 1488 623 1531 postremo
650 1485 698 1518 ad
719 1484 849 1520 maenia
872 1485 948 1530 ipsa
970 1487 1004 1518 et
1025 1484 1074 1519 ad
1094 1488 1218 1531 portas
1234 1487 1391 1523 accessit.

271 1549 427 1585 Romam
459 1560 496 1584 se
527 1550 756 1584 ademturum
786 1550 847 1591 eis,
878 1550 947 1584 nisi
977 1550 1182 1585 omitterent
1213 1549 1388 1598 Capuam,

271 1613 425 1648 ostendit
441 1629 452 1648 .·
481 1624 551 1648 uon
571 1614 773 1648 omiserunt.
812 1613 918 1648 Feras
937 1613 1076 1656 bestias,
1098 1625 1187 1648 coeco
1205 1615 1330 1662 inpetu
1348 1628 1392 1651 ac

268 1677 366 1712 rabie
386 1679 596 1719 concitatas,
617 1679 648 1712 si
667 1678 715 1713 ad
735 1677 865 1713 cubilia
883 1682 918 1712 et
936 1678 1073 1713 catulos
1092 1669 1214 1714 earum
1233 1679 1286 1714 ire
1306 1691 1391 1726 per-

265 1754 344 1789 gas,
366 1742 416 1776 ad
435 1753 535 1789 opem
559 1743 632 1777 suis
648 1740 846 1791 ferendam
873 1748 1024 1778 avertas.
1073 1742 1255 1778 Romanos
1273 1743 1391 1779 Roma

268 1808 508 1849 circumsessa,
548 1805 724 1854 conjuges,
769 1807 883 1849 liberi,
923 1819 1074 1855 quorum
1106 1809 1274 1855 ploratus
1308 1809 1391 1845 hinc

262 1882 378 1918 prope
397 1871 693 1914 exaudiebantur,
715 1884 800 1914 arce,
819 1871 915 1920 soei,
937 1871 1059 1907 Deam
1084 1872 1245 1916 delubra,
1268 1874 1388 1921 sepul-

266 1948 330 1970 cra
347 1934 522 1982 majorum
545 1940 720 1971 temerata
738 1949 781 1972 ac
802 1938 952 1978 violata,
975 1949 997 1971 a
1019 1936 1144 1984 Capua
1163 1949 1232 1972 non
1251 1943 1389 1974 averte·

265 2004 379 2035 runt:
412 2004 515 2035 tanta
537 2001 690 2035 aviditas
712 2001 880 2048 supplicii
899 2001 1099 2048 expetendi,
1122 2005 1225 2036 tanta
1242 2003 1388 2049 sangui-

263 2063 320 2098 nis
343 2065 457 2099 nostri
486 2063 677 2100 hauriendi
707 2069 757 2100 est
785 2066 873 2100 sitis.
932 2065 1009 2100 Nec
1039 2063 1176 2110 injuria
1198 2063 1362 2113 forsitan
1375 2082 1387 2102 .-

262 2139 326 2162 nos
345 2139 482 2176 quoque
501 2129 595 2164 idem
603 2127 828 2176 fecissemus,
849 2131 878 2164 si
900 2128 1153 2178 (latafortuna
1173 2134 1270 2165 esset.
1306 2129 1385 2165 Ita-

263 2203 332 2239 que
349 2193 494 2240 quando
520 2193 627 2228 aliter
652 2193 741 2229 Diis
766 2194 1015 2230 inmortalibus
1041 2195 1156 2230 visum
1183 2198 1246 2236 est,
1275 2206 1384 2241 quum

261 2261 412 2292 mortem
441 2269 484 2293 ne
507 2270 671 2294 recusare
694 2260 833 2306 quidem
856 2258 1000 2295 debeam
1012 2275 1025 2302 ,-
1055 2260 1234 2295 cruciatus
1260 2263 1382 2294 contu·

260 2321 466 2370 meliusque,
488 2334 577 2372 quas
593 2328 714 2372 sperat
737 2323 856 2368 hostis,
877 2324 963 2360 ditm
989 2323 1088 2367 liber,
1109 2324 1194 2359 dum
1219 2324 1289 2359 mei
1312 2335 1382 2371 po-
