1527 2661
377 233 530 261 LIBER
553 233 686 262 XXIL'
718 234 823 262 CAP.
847 235 952 263 xlv.
1127 234 1206 276 245

104 320 332 368 peragrando
359 323 544 357 cacumina
570 323 750 370 saltusque
768 322 823 359 M.
847 322 976 358 Furius
1001 324 1158 370 recipere
1185 335 1208 358 a
1224 315 1313 389 [Ii-g
1329 319 1405 393 {⁵1³5

112 384 227 419 Gallis
254 383 373 420 urbem
399 384 576 427 voluisset,
598 398 666 434 quo
692 386 748 421 liic
775 398 884 422 novus
905 386 1077 422 Camillus
1098 386 1213 433 (nobis
1256 381 1263 389 ⁸
1306 380 1314 388 ⁴
1395 377 1404 387 ⁶

108 449 261 484 dictator
278 449 401 485 unicus
427 451 465 485 in
493 450 592 485 rebus
619 450 771 499 adfectis
790 452 969 499 quaesitus)
992 452 1142 487 Italiam
1170 452 1216 487 ab

106 512 312 548 Hannibale
344 524 551 561 recuperare
576 521 699 562 parat,
739 516 928 551 Gallorum
956 515 1074 551 Roma
1105 520 1190 551 esset
1203 531 1215 551 .-

107 588 216 623 quam
240 588 373 619 vereor,
401 590 456 619 ne,
476 580 527 613 sic
555 579 799 615 cunctantibus
826 580 936 622 nobis,
957 579 1155 615 Hannibali
1173 592 1216 615 ac

113 639 228 674 Poenis
261 641 361 675 toties
396 643 610 677 servaverint
636 641 787 688 majores
821 644 956 678 nostri:
983 644 1044 678 sed
1071 644 1139 685 vir,
1173 654 1217 678 ac

107 715 187 739 vere
206 703 404 745 Romanus,
425 717 493 751 quo
512 707 580 747 die,
602 707 812 742 dictatorem
838 718 917 742 eum
943 719 984 742 ex
1002 708 1218 742 auctoritate

109 766 265 802 Patrum
291 765 464 814 jussuque
487 769 616 815 populi
641 770 787 811 dictum,
823 769 924 805 Veios
955 771 1120 805 adlatum
1151 774 1216 812 est,

109 842 218 877 quum
237 835 322 865 esset
345 832 434 866 satis
459 833 573 867 altum
591 832 815 874 Janiculum,
834 833 893 868 ubi
910 833 1030 868 sedens
1049 845 1218 881 prospec-

108 898 202 929 taret
230 894 376 936 hostem,
398 896 574 931 descendit
603 897 638 931 in
657 908 819 943 oequum:
846 901 952 943 atque
978 897 1040 932 illo
1067 898 1142 944 ipso
1162 898 1219 932 die

109 958 228 993 media
247 959 284 993 in
303 958 400 1000 urbe,
421 971 493 1006 qua
511 972 603 996 nunc
621 960 723 995 busta
747 961 890 996 Gallica
907 965 1003 1003 sunt,
1023 965 1058 996 et
1072 965 1217 1008 postero

112 1022 170 1056 die
198 1022 289 1057 citra
324 1023 452 1058 Gabios
484 1025 610 1059 cecidit
644 1025 833 1060 Gallorum
866 1026 1029 1072 legiones.
1089 1025 1185 1064 Quid
1197 1025 1219 1060 ,9

106 1089 189 1132 post
223 1086 355 1120 multos
387 1098 509 1128 annos,
545 1099 652 1135 quum
683 1088 731 1122 ad
761 1087 934 1123 Furculas
963 1087 1143 1123 Caudinas
1174 1086 1219 1123 ab

113 1147 276 1183 Samnite
304 1148 400 1184 hoste
417 1151 478 1185 sub
497 1149 627 1198 jugum
653 1153 748 1187 missi
773 1163 904 1193 sumus,
924 1156 1046 1187 utrum
1075 1152 1220 1186 tandem

113 1212 158 1248 L.
180 1214 352 1261 Papirius
372 1214 501 1251 Cursor
513 1215 607 1263 juga
627 1217 768 1252 Samnii
788 1218 1054 1265 perlustrando,
1076 1229 1123 1252 an
1143 1217 1220 1252 Lu-

111 1279 242 1314 ceriam
260 1281 452 1326 prem-endo
480 1282 748 1329 obsidendoque,
770 1286 805 1317 et
830 1282 1028 1318 lacessendo
1051 1283 1221 1318 victorem

113 1340 259 1384 hostem,
281 1343 464 1390 depulsum
484 1344 528 1379 ab
543 1344 716 1380 Romanis
731 1345 919 1380 cervicibus
927 1343 1057 1392 jugum
1074 1344 1222 1393 superbo

113 1403 269 1440 Samniti
282 1407 438 1453 inposuit
451 1409 472 1441 ,9
499 1407 611 1442 Modo
625 1407 664 1443 C.
681 1407 832 1443 Lutatio
847 1419 924 1455 quae
938 1408 1014 1443 alia
1027 1419 1094 1449 res,
1112 1418 1221 1454 quam

112 1468 272 1504 celeritas
295 1471 483 1506 victoriam
501 1471 632 1507 dedit?
659 1472 753 1518 quod
771 1476 915 1519 postero
934 1473 1003 1513 die,
1025 1483 1131 1518 quam
1156 1471 1220 1505 ho-

110 1534 198 1566 stem
214 1532 315 1574 vidit,
333 1533 476 1568 classem
488 1545 635 1580 gravem
650 1535 910 1577 commeatibus,
928 1535 1125 1582 inpeditam
1138 1545 1220 1569 suo-

113 1598 186 1629 met
201 1596 313 1642 ipsam
328 1596 560 1639 instrumento
575 1601 681 1645 atque
696 1598 891 1644 adparatu,
909 1597 1087 1645 obpressit.
1117 1597 1220 1632 Stul-

114 1657 197 1692 titia
214 1663 278 1700 est,
298 1659 451 1694 sedendo
469 1665 536 1695 aut
552 1662 642 1695 votis
661 1661 830 1696 debellari
849 1662 990 1696 credere
1004 1672 1130 1708 posse:
1159 1672 1222 1695 ar-

111 1721 206 1757 mari
224 1724 344 1769 copias
361 1728 514 1770 oportet,
535 1725 758 1760 deducendas
783 1726 818 1759 in
838 1736 989 1770 aequum,
1009 1728 1051 1758 ut
1068 1724 1123 1759 vir
1142 1735 1222 1759 cum

113 1786 190 1819 viro
208 1786 459 1830 congrediaris.
515 1788 693 1822 Audendo
718 1792 826 1834 atque
849 1787 986 1833 agendo
1011 1798 1066 1822 res
1086 1786 1220 1821 Roma-

113 1860 162 1883 na
180 1851 299 1891 crevit,
329 1862 399 1885 non
418 1850 472 1885 his
497 1851 657 1897 segnibus
676 1853 840 1893 consiliis,
862 1863 940 1898 quae
967 1853 1085 1887 timidi
1113 1856 1221 1887 cauta

114 1917 251 1948 vocant.
308 1911 403 1948 Haec
422 1912 524 1948 velut
541 1915 785 1950 concionanti
800 1914 974 1950 Minucio
990 1914 1219 1950 circumfun-

115 1973 274 2010 debatur
291 1974 530 2011 tribunorum
550 1977 791 2025 equitumque
807 1977 1070 2014 Romanorum
1089 1977 1220 2013 multi-

114 2037 222 2080 tudo,
243 2044 280 2073 et
300 2038 346 2073 ad
372 2051 478 2075 aures
499 2052 649 2088 quoque
674 2040 837 2077 militum
854 2041 955 2078 dicta
973 2041 1115 2077 ferocia
1140 2039 1221 2076 vol·

115 2100 320 2137 vehantur:
353 2115 410 2145 ae,
432 2103 462 2138 si
491 2103 663 2139 militaris
694 2105 859 2153 suffragii
889 2117 946 2140 res
981 2111 1093 2147 esset,
1123 2103 1222 2140 haud

114 2163 226 2199 dubie
246 2164 431 2207 ferebant,
451 2164 664 2202 Minucium
684 2166 803 2203 Fabio
823 2168 908 2203 duci
928 2167 1161 2217 praelaturos.

167 2226 255 2263 XV.
284 2227 423 2263 Fabius
443 2229 596 2278 pariter,
618 2230 657 2264 in
677 2242 764 2265 suos
785 2230 885 2267 haud
904 2231 1027 2266 minus
1048 2243 1161 2278 quam
1181 2230 1220 2266 iu
1237 2247 1350 2276 Fabius
1368 2249 1399 2277 jn

114 2289 240 2325 hostes
262 2290 444 2333 intentus,
463 2292 565 2342 prius
586 2292 633 2328 ab
651 2292 724 2328 illis
742 2294 924 2330 invictum
942 2295 1108 2329 animum
1124 2307 1221 2342 prae-
1235 2291 1438 2348 cunctatione

118 2360 214 2390 stat:
247 2367 472 2405 quamquam
501 2357 619 2407 probe
652 2359 737 2400 scit,
767 2371 846 2395 non
874 2360 914 2395 in
939 2359 1070 2397 castris
1100 2359 1216 2395 modo
1235 2338 1358 2371 pem‘ss'

622 2419 709 2458 M3
