1527 2661
389 218 545 247 LIBER
568 218 675 246 xxl.
708 218 814 247 CAP.
841 218 910 247 IV.
1121 218 1197 263 157

90 304 181 352 quin
200 308 490 356 praerogativam
509 307 726 351 militarem,
747 321 822 356 qua
841 307 1033 357 extemplo
1047 306 1200 358 juvenis

90 368 288 406 Hannibal
320 372 360 408 in
393 372 614 421 praetorium
641 371 801 415 delatus,
836 373 1116 422 imperatorque
1142 374 1201 409 in·
1214 377 1250 408 Ei
1267 378 1409 426 succedit

91 434 197 481 genti
233 436 405 473 omnium
441 435 606 473 clamore
644 442 758 485 atque
795 437 956 473 adsensu
993 436 1203 487 adpellatus
1216 420 1392 451 Hann¹b³¹‘

91 503 185 540 erat,
207 498 314 535 favor
341 501 454 537 etiam
482 500 601 550 plebis
623 508 853 549 sequeretur.
910 500 1026 537 Hunc
1052 501 1208 538 vixdum

92 560 273 610 puberem
300 563 519 601 Hasdrubal
549 564 666 600 literis
691 565 737 600 ad
761 577 800 600 se
826 565 1069 601 arcessierat:
1103 571 1207 601 acta-

93 638 166 674 que
185 639 242 662 res
270 629 384 664 etiam
404 630 444 665 in
470 636 603 665 senatu
622 629 760 673 fuerat,
782 630 955 666 Barcinis
982 629 1208 673 nitentibus,

95 696 138 725 ut
163 690 402 728 adsuesceret
427 692 572 728 militiae
593 692 801 736 Hannibal,
826 700 939 742 atque
965 694 1005 729 in
1032 699 1209 743 paternas

91 754 306 790 succederet
321 768 424 805 opes.
472 756 630 799 Hanno,
649 756 802 793 alterius
819 757 998 793 factionis
1018 758 1210 807 princeps,

91 817 144 854 Et
171 831 307 867 aequum
334 822 522 868 postulare
553 823 708 864 videtur,
743 822 880 870 inquit,
913 822 1124 857 Hasdrubal
1134 838 1147 865 ,·
1176 827 1213 857 et

93 894 158 930 ego
178 887 297 919 tamen
315 897 383 920 non
403 897 536 927 censeo,
558 886 653 933 quod
668 887 777 933 petit,
801 885 1039 921 tribuendum.
1082 885 1211 924 Quum

96 946 347 984 admiratione
376 955 456 985 tam
490 949 665 999 ancipitis
701 951 899 985 sententiae
933 949 970 984 in
1005 961 1044 985 se
1077 961 1209 985 omnes

97 1012 359 1055 convertisset,
381 1013 527 1049 Florem
553 1015 684 1055 cetatis,
705 1013 842 1062 inquit,
863 1013 1087 1055 Hasdrubal,
1109 1025 1212 1060 quern

94 1076 170 1123 ipse
194 1080 298 1125 patri
322 1078 539 1114 Hannibalis
565 1077 769 1126 fruendum
802 1079 969 1126 praebuit,
999 1077 1100 1123 justo
1127 1076 1213 1123 jure

97 1151 177 1176 eum
206 1153 230 1176 a
252 1142 339 1190 filio
367 1143 481 1190 repeti
514 1147 654 1177 censet:
684 1154 747 1177 nos
777 1147 893 1177 tamen
923 1143 1069 1177 minime
1098 1142 1210 1184 decet,

88 1202 313 1249 juventutem
332 1212 489 1242 nostram
505 1219 573 1254 pro
588 1208 742 1242 militari
760 1208 963 1242 rudimento
982 1205 1214 1254 adsuefacere

99 1269 239 1305 libidini
260 1276 469 1318 praetorum.
531 1272 590 1306 An
621 1271 685 1306 hoc
715 1272 890 1312 timemus,
921 1282 966 1305 ne
992 1270 1216 1305 Hamilcaris

86 1333 193 1383 filius
223 1336 328 1370 nimis
357 1347 434 1371 sero
471 1337 625 1382 imperia
656 1335 837 1370 inmodica
866 1339 901 1369 et
934 1335 1035 1380 regni
1070 1334 1213 1381 paterni

6 1323 11 1340 „,
0 953 11 1298 Αω--ρ-πᾼᾼ

97 1400 248 1446 speciem
271 1401 426 1435 videat?
453 1404 502 1441 et,
523 1398 620 1445 cujus
644 1401 738 1446 regis
752 1410 883 1445 genero
910 1398 1118 1433 hereditarii
1143 1399 1217 1433 sint

13 1465 16 1479 4

95 1463 215 1498 relicti
233 1465 406 1499 exercitus
426 1465 552 1505 nostri,
574 1462 646 1510 ejus
657 1464 744 1512 filio
767 1475 899 1511 parum
924 1468 1066 1498 mature
1083 1464 1216 1498 servia-

96 1528 209 1562 mus?
236 1527 329 1574 Ego,
360 1529 467 1563 istum
486 1526 655 1574 juvenem
685 1528 782 1562 domi
808 1527 1012 1568 tenendum,
1039 1526 1101 1562 sub
1127 1526 1216 1572 legi-

104 1590 178 1633 bus,
197 1593 258 1627 sed
276 1592 545 1639 magistratibus
565 1593 763 1627 doc-endum
782 1592 898 1627 vivere
916 1603 1015 1638 aequo
1033 1589 1118 1636 jure
1137 1603 1217 1626 cum

103 1657 240 1698 ceteris,
268 1668 411 1692 censeo:
439 1669 484 1692 ne
503 1657 714 1704 quandoque
735 1667 870 1704 parvus
895 1655 952 1690 hic
980 1657 1070 1702 ignis
1096 1657 1216 1691 incen-

103 1720 202 1755 dium
221 1721 342 1768 ingens
360 1722 556 1756 exsuscitet.

157 1782 225 1819 1V.
255 1782 386 1826 Pauci,
417 1796 461 1819 ac
480 1783 598 1819 ferme
629 1783 794 1832 optimus
826 1783 997 1831 quisque,
1030 1782 1217 1818 Hannoni

103 1844 435 1881 adsentiebantur:
469 1846 532 1882 sed
562 1848 621 1892 (ut
645 1845 866 1895 plerumque
892 1845 951 1892 fit)
977 1845 1099 1894 major
1129 1858 1214 1895 pars

102 1908 296 1945 meliorem
333 1910 434 1946 vicit.
489 1909 631 1945 Missus
668 1909 866 1945 Hannibal
910 1910 948 1944 in
985 1909 1213 1958 Hispaniam
1228 1918 1422 1950 Hannibalis

1227 1963 1313 1992 dotes
1331 1970 1361 1992 et
1376 1964 1426 1993 in-

103 1975 225 2026 primo
252 1976 380 2011 statim
407 1975 570 2011 adventu
590 1987 742 2010 omnem
769 1975 976 2009 exercitum
997 1975 1036 2009 in
1063 1987 1102 2009 se
1122 1987 1211 2010 con·
1227 2006 1372 2044 genium'

100 2040 223 2076 vertit.
280 2039 537 2075 Hamilcarem
556 2038 738 2089 juvenem
765 2038 952 2073 redditum
979 2038 1051 2073 sibi
1071 2045 1214 2075 veteres

99 2103 239 2139 milites
266 2103 439 2149 credere3
471 2104 643 2139 eumdem
671 2103 838 2151 vigorem
865 2103 903 2137 in
925 2102 1044 2145 vultu,
1063 2103 1215 2151 vimque

102 2168 141 2204 in
157 2167 290 2211 oculis,
307 2167 480 2204 habitum
501 2168 591 2211 oris,
609 2167 913 2215 lineamentaque
932 2167 1068 2201 intueri
1087 2181 1094 2201 ε
1127 2167 1213 2203 dein

102 2231 208 2268 brevi
227 2232 364 2275 effecit,
386 2239 427 2268 ut
447 2239 553 2282 pater
573 2233 610 2268 in
632 2245 671 2267 se
692 2232 889 2267 minimum
912 2236 1145 2266 momentum
1168 2231 1214 2267 ad

103 2296 271 2333 favorem
298 2297 578 2332 conciliandum
605 2302 715 2332 esset.
772 2295 990 2343 Numquam
1019 2295 1215 2341 ingenium

103 2360 201 2397 idem
230 2361 278 2397 ad
305 2373 363 2397 res
393 2362 678 2404 diversissimas,
708 2360 916 2411 parendum
948 2365 1061 2408 atque
1095 2359 1214 2409 impes
