1527 2661
355 192 508 220 LIBER
535 190 652 218 XXV.
686 189 792 217 CAP.
816 189 1043 217 XXXVIII.
1169 190 1249 230 491

137 277 262 315 fendi:
295 279 405 315 simul
424 284 502 322 aut,
524 279 555 314 si
581 278 821 314 successisset
840 267 988 326 coeptiS,
1011 284 1246 327 recepturum
1262 289 1303 319 u,
1318 290 1353 320 c,
1369 298 1440 321 5⁴0.

135 354 176 378 se
195 343 362 380 adflictas
383 355 465 387 res;
499 350 577 385 aut,
595 343 626 377 si
645 341 774 392 pulsus
795 347 907 383 esset,
922 348 1050 376 tamen
1069 341 1168 378 ultro
1188 343 1246 379 in·
1259 333 1298 362 A·
1312 333 1346 363 C·
1364 340 1438 364 ²¹²·

133 406 289 443 ferendo
310 420 426 450 arma,
448 413 683 444 contemtum
703 407 757 441 sui
781 406 1005 442 demturum.

188 470 426 507 XXXVIII.
447 471 507 507 Ne
527 477 654 507 tamen
669 469 794 506 subita
810 482 866 505 res
887 477 925 505 et
944 478 1150 506 nocturnus
1171 477 1247 506 ter-

133 546 196 570 ror
225 536 338 571 etiam
364 548 441 571 non
473 548 547 571 suae
574 534 737 571 fortunae
767 534 967 570 consilium
993 533 1244 584 perturbaret,

133 597 391 648 adloquendos
412 599 741 647 adhortandosque
764 598 837 634 sibi
856 597 993 633 milites
1014 604 1130 641 ratuS,
1153 611 1242 634 con-

133 661 243 697 cione
273 663 455 699 advocata
486 664 540 699 ita
572 663 776 698 disseruit:
823 662 885 697 Vel
912 674 993 698 mea
1020 673 1113 709 erga
1135 664 1245 710 impe-
1258 666 1335 704 Ejus
1349 668 1449 715 oratio

131 730 269 762 ratores
298 732 434 763 nostros
465 729 561 763 vivos
592 731 815 774 mortuosque
847 727 976 773 pietas,
1010 725 1066 761 vel
1093 738 1247 773 praesens
1257 710 1295 740 ad
1312 710 1440 741 “¹¹¹³OE

131 792 289 826 omnium
313 789 486 833 nostram,
510 791 654 831 milites,
674 789 835 838 fortuna
850 789 968 838 fidem
994 790 1101 824 cuivis
1117 788 1247 838 facere

126 859 257 901 potest,
277 855 366 890 mihi
395 855 458 890 hoc
486 856 688 903 imperium,
709 859 749 889 ut
777 854 938 901 amplum
957 851 1098 898 judicio
1115 859 1244 898 vestro,

129 919 183 953 ita
201 930 240 954 re
258 920 336 965 ipsa
351 931 463 966 grave
481 930 523 954 ac
536 919 729 953 sollicitum
749 929 830 952 esse.
863 917 942 956 Quo
961 917 1054 952 enim
1075 921 1244 965 tempore,

128 982 198 1017 nisi
215 986 328 1018 metus
353 995 535 1019 moerorem
555 982 848 1031 obstupaeffaceret,
870 982 928 1017 vix
946 982 999 1016 ita
1017 994 1157 1030 compos
1176 984 1245 1018 mei

127 1057 247 1088 essem,
267 1051 308 1082 ut
336 1047 459 1095 aliqua
487 1048 618 1083 solatia
647 1048 803 1083 invenire
822 1058 916 1094 <egro
938 1047 1058 1082 animo
1082 1059 1243 1094 possem,-

127 1122 232 1156 cogor
267 1116 420 1147 vestram
448 1113 605 1147 omnium
633 1113 745 1147 vicem
776 1112 888 1158 (quod
916 1110 1170 1158 difficillimum
1206 1113 1245 1148 in

127 1174 226 1209 luctu
245 1174 312 1220 est)
334 1186 426 1210 unus
446 1176 624 1211 consulere
641 1191 652 1210 .-
681 1179 715 1210 et
735 1186 778 1210 ne
798 1179 872 1209 tum
887 1174 1042 1222 quidem,
1063 1174 1134 1216 ubi,
1156 1187 1243 1222 quo-

125 1251 211 1274 nam
229 1240 332 1275 modo
352 1239 415 1275 lias
433 1241 602 1287 reliquias
617 1241 771 1275 duorum
785 1240 1001 1274 exercituum
1013 1241 1144 1287 patriae
1160 1252 1243 1276 con-

123 1315 263 1338 servare
295 1306 441 1351 possim,
472 1305 702 1352 cogitandum
730 1309 793 1346 est,
825 1309 984 1339 avertere
1012 1305 1171 1340 animum
1200 1305 1244 1340 ab

123 1368 274 1403 adsiduo
293 1380 437 1404 moerore
453 1369 548 1403 libet.
585 1369 722 1404 Praesto
738 1373 789 1403 est
804 1369 898 1403 enim
914 1367 1042 1403 acerba
1056 1370 1242 1411 memoria,

121 1436 158 1466 et
177 1431 361 1479 Scipiones
381 1444 435 1468 me
461 1433 562 1468 ambo
580 1434 655 1468 (lies
673 1437 857 1480 noctesque
876 1434 969 1468 curis
995 1434 1245 1481 insomniisque

119 1497 277 1543 agitant,
304 1501 338 1532 et
364 1498 520 1532 excitant
544 1509 636 1545 saepe
659 1509 804 1540 somno‚·
833 1509 900 1532 neu
924 1509 973 1539 se,
1001 1509 1069 1532 neu
1097 1499 1245 1533 invictos

118 1571 187 1607 per
205 1565 284 1595 octo
313 1572 425 1596 annos
443 1562 479 1595 in
509 1560 561 1595 liis
582 1562 685 1596 terris
713 1562 842 1596 milites
863 1572 955 1602 suoS‚
986 1562 1242 1596 commilitones

121 1629 266 1666 vestros,
286 1637 355 1660 neu
381 1625 635 1672 rempublicam
660 1627 786 1673 patiar
807 1626 973 1667 inultam,
994 1629 1029 1660 et
1045 1637 1147 1660 suam
1167 1626 1238 1660 dis-

121 1688 294 1735 ciplinam
312 1701 445 1736 suaque
470 1691 635 1724 instituta
652 1691 750 1736 sequi
768 1687 918 1734 jubent:
946 1693 994 1729 et,
1015 1693 1055 1723 ut
1081 1690 1239 1736 imperiis

119 1754 278 1788 vivorum
302 1765 402 1788 nemo
423 1754 638 1789 obedientior
658 1765 712 1788 me
730 1765 801 1789 uno
816 1753 951 1801 suerit,
973 1755 1025 1789 ita
1040 1758 1122 1800 post
1140 1766 1236 1789 mor-

119 1821 189 1851 tem
217 1829 330 1858 suam,
352 1817 446 1864 quod
465 1829 603 1865 quaque
625 1819 659 1851 in
679 1829 716 1852 re
734 1816 903 1865 facturos
922 1818 1003 1852 illos
1019 1815 1138 1865 fuisse
1155 1829 1234 1853 ma-

115 1881 210 1916 xime
235 1893 406 1923 censeam,
428 1882 465 1916 id
483 1883 658 1929 optimum
677 1883 814 1918 (lucere.
877 1882 942 1916 Vos
958 1893 1094 1929 quoque
1111 1883 1231 1926 velim,

117 1947 262 1989 milites,
293 1958 361 1981 non
391 1947 556 1982 lamentis
585 1948 808 1995 lacrimisque
837 1952 1020 1995 tamquam
1047 1949 1234 1983 exstinctos

110 2012 290 2059 prosequi,
315 2012 455 2056 (vivunt
479 2013 665 2059 vigentque
679 2010 791 2060 fama
817 2011 1150 2058 rerumgestarum)
1171 2013 1233 2048 sed

115 2076 397 2122 quotiescumque
424 2075 585 2111 obcurret
611 2077 783 2111 memoria
810 2077 969 2117 illorum,
990 2077 1088 2111 velut
1113 2078 1145 2111 si
1163 2077 1231 2111 ad-

70 2181 75 2191 Α
112 2138 296 2174 hortantes
308 2140 516 2186 signumque
531 2140 654 2175 (lantes
668 2140 818 2175 videatis
831 2152 899 2182 eos,
915 2142 969 2175 ita
983 2140 1111 2188 proelia
1129 2141 1228 2175 inire.

114 2202 188 2238 Nec
206 2202 283 2238 alia
299 2201 462 2250 projecto
479 2205 622 2251 species,
644 2204 804 2239 hesterno
825 2205 884 2240 die
903 2205 1014 2240 oculis
1033 2205 1228 2252 animisque

111 2266 235 2301 vestris
262 2265 397 2307 oblata,
427 2267 652 2302 memorabile
679 2268 772 2303 illud
800 2269 915 2304 edidit
941 2268 1131 2315 proelium:
1159 2280 1228 2315 quo

112 2331 361 2367 documentum
378 2332 523 2367 dedistis
553 2331 716 2374 hostibus,
738 2345 807 2369 non
827 2345 906 2369 cum
925 2332 1147 2381 ‚Scipionibus
1166 2345 1225 2368 est-

628 2394 707 2431 Y6
