1527 2661
222 457 285 509 T.
325 457 535 510 LIVII
585 458 999 511 PATAVINI

432 606 625 643 LIBER
660 606 799 644 XXII.

431 752 785 780 ..ss-

124 876 205 914 AM
230 889 294 913 ver
319 876 533 927 adpetebat,
560 889 676 926 quum
704 875 900 913 Hannibal
929 890 975 914 ex
1003 878 1169 917 hibernis
1183 887 1361 918 U.C.5=35.

141 941 273 983 movit,
295 946 331 976 et
349 940 601 989 nequidquam
622 946 710 976 ante
730 947 887 976 conatus
907 943 1171 980 transcendere
1183 933 1222 962 Α·
1236 931 1272 961 C·
1290 937 1365 965 217.

65 1005 308 1055 Apenninum
328 1003 572 1039 intolerandis
602 1003 821 1052 frigoribus,
850 1010 888 1040 et
914 1017 998 1041 cum
1026 1006 1169 1055 ingenti
1186 983 1349 1014 Hannibal

1185 1034 1292 1057 movet
1308 1036 1349 1056 ex

66 1068 232 1119 periculo
258 1074 425 1104 moratus
453 1081 495 1104 ac
522 1076 636 1104 metu.
695 1067 809 1111 Galli,
830 1081 923 1117 quos
949 1071 1082 1119 praedae
1102 1085 1171 1122 po·
1186 1071 1339 1100 hibernis.

66 1133 376 1183 pulationumque
396 1132 611 1168 conciverat
631 1144 729 1182 spes,
746 1139 943 1181 postquam
964 1147 1033 1184 pro
1053 1148 1112 1178 eo,
1131 1142 1173 1172 ut

67 1197 137 1245 ipsi
157 1208 203 1231 ex
221 1195 345 1230 alieno
365 1207 457 1243 agro
483 1201 657 1244 raperent
685 1202 929 1244 agerentque,
950 1209 1034 1233 suas
1054 1204 1172 1235 terras

69 1259 194 1294 sedem
211 1258 301 1294 belli
326 1270 420 1299 esse,
447 1259 638 1307 premique
667 1260 860 1308 utriusque
887 1261 1003 1310 partis
1033 1263 1175 1299 exerci—

69 1329 175 1358 tuum
194 1322 360 1357 hibernis
381 1322 553 1357 viderunt
568 1338 577 1366 3
609 1328 802 1358 verterunt
828 1329 929 1359 retro
949 1325 995 1360 ad
1024 1325 1175 1362 Hanni-

68 1385 190 1421 balem
219 1385 265 1421 ab
294 1384 479 1420 Romanis
513 1385 624 1421 odia:
665 1386 879 1435 petitusque
909 1400 1007 1437 saepe
1035 1391 1175 1438 princi-

67 1461 156 1499 pum
179 1448 337 1490 insidiis,
367 1448 534 1497 ipsorum
564 1448 662 1483 inter
689 1461 727 1483 se
755 1448 899 1492 fraude,
931 1451 1059 1487 eadem
1084 1452 1175 1489 levi-

69 1519 159 1555 tate,
177 1526 249 1561 qua
270 1518 552 1554 consenserant,
571 1525 794 1549 consensum
814 1514 1076 1560 indicantium,
1097 1531 1174 1554 ser—

70 1583 175 1612 vatus
203 1583 302 1620 erat3
342 1582 392 1617 et,
420 1577 602 1611 mutando
628 1590 728 1613 nunc
754 1584 908 1622 vestem,
935 1593 1036 1617 nunc
1065 1588 1174 1631 tegu-

70 1646 196 1677 menta
223 1640 369 1688 capitiS,
400 1652 524 1674 errore
554 1640 667 1675 etiam
697 1653 776 1677 sese
806 1642 852 1678 ab
881 1644 1024 1679 insidiis
1052 1647 1176 1681 muni-

71 1708 162 1738 erat.
220 1703 396 1737 Ceterum
418 1703 479 1737 hic
499 1715 648 1751 quoque
668 1704 700 1738 ei
721 1704 835 1740 timor
854 1718 984 1742 caussa
1004 1707 1077 1743 fuit
1097 1721 1175 1745 ma-

16 1793 17 1812 3
70 1766 189 1800 tui-ius
210 1765 383 1800 movendi
403 1777 449 1799 ex
473 1764 653 1801 hibernis.
709 1766 781 1802 Per
806 1767 901 1803 idem
927 1775 1073 1820 tempus
1105 1772 1175 1809 Cn.

16 1815 17 1822 ἵ
73 1828 249 1864 Servilius
279 1828 411 1863 consul
438 1827 572 1864 Romae
595 1829 724 1865 Idibus
744 1830 893 1867 Martiis
914 1835 1175 1881 magistratum

72 1892 168 1927 iniit.
216 1891 274 1927 lbi
295 1904 409 1940 quum
429 1892 473 1927 de
492 1892 683 1942 republica
701 1894 902 1939 retulisset,
923 1898 1176 1948 redintegrata

72 1956 110 1990 in
141 1956 183 1992 C.
202 1955 428 1991 Flaminium
447 1956 587 1992 invidia
606 1964 672 1993 est.
729 1959 836 1994 Duos
859 1972 896 1995 se
920 1964 1078 1999 consules
1102 1977 1176 2000 cre·
1192 1975 1339 2005 Guerelae

71 2031 158 2061 asse,
185 2032 293 2055 unum
319 2019 469 2055 habere:
501 2022 594 2067 quod
620 2023 712 2056 enim
737 2023 793 2057 illi
812 2022 952 2069 justum
977 2027 1175 2074 imperimn,
1191 2017 1354 2090 Romaino-

19 2089 20 2093 ’
71 2084 166 2130 quod
184 2085 381 2131 auspicium
400 2096 469 2119 esse
479 2085 499 2119 5>
528 2085 765 2131 Magistratus
784 2088 822 2122 id
845 2100 868 2122 α
889 2089 1005 2131 domo,
1027 2092 1179 2137 publicis
1190 2070 1363 2134 ἷῑιῖἑηῃὼῗῐο,

20 2151 21 2178 3
69 2148 287 2194 privatisque
311 2147 507 2194 penatibus,
529 2147 671 2183 Latinis
687 2147 798 2196 seriis
821 2152 922 2193 ccctis,
950 2156 1041 2188 sacri
1069 2157 1121 2190 cio
1140 2158 1177 2191 in

21 2223 22 2262 ζ
71 2215 188 2245 monte
212 2209 386 2258 perfecto,
407 2212 496 2245 votis
520 2212 588 2245 rite
614 2212 651 2245 z'n
677 2211 854 2259 Capitolio
878 2219 1103 2263 nuncupatis,
1122 2231 1177 2254 se-

74 2285 152 2308 cum
170 2273 297 2321 ferre:
324 2286 388 2310 nec
409 2276 590 2322 privatum
615 2277 775 2323 auspicia
792 2280 902 2325 sequi,
925 2291 986 2315 nec
1002 2283 1076 2316 sine
1094 2295 1175 2318 aus-

70 2337 172 2382 pictis
193 2337 393 2386 prqfectwn
423 2340 456 2374 in
483 2344 624 2374 ert-temo
644 2352 685 2375 ea
709 2342 783 2376 solo
804 2354 893 2377 nova
912 2348 1019 2391 atque
1038 2346 1175 2393 integra

583 2402 658 2438 LG
