1527 2661
118 254 159 284 U.
173 253 209 283 C.
226 261 297 285 542.

117 299 158 327 Α.
173 297 208 327 C.
224 305 298 330 210.

122 1793 274 1824 Edictum

121 1845 202 1866 coss.
219 1838 258 1866 de

121 1879 297 1919 remigibus

120 1923 244 1953 dandis.

310 151 393 205 548
770 166 816 192 T.
842 166 974 194 Livii

314 254 381 288 tini
401 255 552 289 nominis
574 259 683 290 esset:
713 267 797 291 neve
826 257 904 303 quis
929 268 1063 299 eorum,
1092 259 1153 305 qui
1180 258 1314 307 Capuae
1329 258 1431 308 suis-

310 322 401 359 sent,
418 319 500 354 dnm
518 324 634 367 portae
652 320 780 355 clausa?
799 325 923 363 essent,
941 322 976 356 in
998 322 1082 358 urbe
1101 335 1232 370 agrove
1249 323 1433 373 Campano

312 384 411 418 intra
445 388 579 419 certam
608 385 703 420 diem
735 390 907 421 maneret.
966 387 1093 428 Locus,
1126 387 1185 423 ubi
1218 387 1433 431 habitarent,

314 453 414 483 trans
438 448 604 491 Tiberim,
627 451 688 497 qui
718 462 788 485 non
817 452 1036 498 contingeret
1068 452 1234 495 Tiberim,
1263 454 1412 489 daretur
1424 469 1436 489 .-

313 515 373 559 qui
400 524 461 548 nec
491 513 634 561 Capuae,
660 526 722 549 nec
750 516 787 550 in
813 515 898 550 urbe
927 515 1128 563 Campana,
1151 528 1228 564 quae
1253 529 1276 552 a
1301 518 1437 565 populo

315 576 481 612 Romano
511 577 708 626 defecisset,
737 591 803 626 per
830 579 963 615 bellum
981 579 1156 627 fuissent,
1176 592 1233 616 eos
1252 582 1301 616 cis
1318 581 1436 617 Lirim

316 652 458 676 amnem
488 641 642 677 Romam
673 655 814 688 versus;
849 645 909 691 qui
939 646 986 679 cul
1020 644 1202 680 Romanos
1231 646 1437 681 transissent

309 707 425 752 prius,
448 719 553 754 quam
580 707 768 743 Hannibal
792 708 954 756 Capuam
981 710 1127 751 veniret,
1149 710 1197 744 cis
1220 709 1437 746 Vulturnum

313 772 536 813 emovendos,
562 778 809 807 censuerunt:
842 784 887 807 ne
916 774 990 820 quis
1018 784 1139 808 eorum
1163 774 1316 821 propius
1336 785 1436 809 mare

313 836 512 881 quindecim
542 836 696 871 millibus
721 848 893 884 passuum
918 849 1047 884 agrum
1072 838 1303 886 aedificiumve
1329 838 1436 875 habe-

312 903 378 934 ret.
412 898 483 939 Qui
502 911 623 935 eorum
644 905 743 935 trans
765 900 917 935 Tiberim
938 903 1047 936 emoti
1065 906 1189 944 essent,
1206 913 1249 937 ne
1268 903 1336 949 ipsi
1352 914 1433 950 pos-

314 964 423 998 terive
449 975 571 999 eorum
599 965 740 1012 uspiam
765 970 942 1012 pararent
966 966 1186 1008 haberentve,
1207 967 1275 1002 nisi
1294 968 1331 1002 in
1355 967 1434 1002 Vei-

313 1031 406 1069 ente,
427 1032 492 1063 aut
512 1027 674 1069 Sutrino,
696 1029 916 1076 Nepesinove
931 1041 1019 1076 agro
1033 1046 1043 1065 .·
1065 1030 1151 1065 dum
1169 1042 1214 1065 ne
1232 1031 1289 1065 cui
1308 1028 1436 1076 major,

314 1103 423 1138 quam
443 1093 706 1140 quinquaginta
716 1091 903 1140 jugerum,
925 1096 1006 1141 agri
1024 1095 1151 1130 modus
1169 1099 1266 1130 esset.
1325 1094 1440 1131 Sena-

315 1160 431 1191 torum
452 1157 624 1199 omnium,
642 1154 770 1205 quique
788 1159 1022 1204 magistratus
1043 1158 1189 1206 Capuae,
1206 1158 1350 1201 Atellae,
1370 1158 1441 1194 Ca-

314 1219 412 1255 latia>
428 1221 626 1267 gessissent,
647 1220 737 1256 bona
762 1222 880 1256 venire
908 1221 1054 1269 Capuae,
1075 1220 1296 1271 jusserunt:
1330 1222 1441 1258 libera

313 1296 479 1332 corpora,
508 1297 586 1332 quae
611 1286 824 1321 venumdari
848 1286 1054 1333 placuerat,
1077 1286 1232 1322 Romam
1259 1287 1370 1329 mitti,
1397 1299 1440 1322 ac

314 1348 439 1385 Romae
470 1351 600 1385 venire.
658 1350 788 1398 Signa,
821 1355 962 1386 statuas
994 1362 1122 1393 aeneas,
1154 1363 1232 1399 quae
1259 1355 1368 1399 capta
1397 1352 1441 1386 de

314 1412 471 1449 hostibus
485 1414 703 1458 dicerentur,
722 1426 800 1462 quoe
816 1426 937 1450 eorum
953 1427 1058 1450 sacra
1077 1427 1119 1450 ac
1135 1414 1296 1463 profana
1313 1419 1437 1458 essent,

315 1478 363 1513 ad
377 1479 589 1527 pontificum
609 1480 800 1526 collegium
821 1477 1047 1528 rejecerunt.
1105 1477 1167 1515 Ob
1186 1478 1268 1515 haec
1288 1478 1441 1515 decreta

316 1542 531 1578 moestiores
552 1541 764 1591 aliquanto,
785 1554 898 1591 quam
918 1541 1085 1578 Romam
1105 1549 1301 1585 venerant,
1324 1542 1438 1578 Cam-

316 1618 436 1656 panos
467 1606 715 1643 dimiserunt:
756 1619 827 1643 nec
849 1605 933 1656 jam
962 1607 1011 1646 Q.
1031 1606 1156 1643 Fulvii
1186 1607 1371 1642 saevitiam
1399 1607 1439 1642 in

317 1682 412 1713 sese,
435 1670 499 1706 sed
523 1671 765 1719 iniquitatem
790 1670 919 1706 Defim
939 1677 1052 1720 atque
1072 1669 1342 1706 exsecrabilem
1361 1669 1441 1706 for-

316 1741 449 1770 tunam
472 1747 577 1770 suam
597 1734 836 1770 incusabant.

371 1798 546 1835 XXXV.
576 1797 755 1834 Dimissis
783 1797 918 1834 Siculis
948 1797 1243 1848 Campanisque,
1272 1797 1437 1834 delectus

315 1862 493 1899 habitus:
526 1863 669 1912 scripto
697 1861 832 1898 deinde
859 1862 1043 1904 exercitii,
1068 1861 1112 1897 de
1139 1861 1325 1909 remigum
1351 1874 1439 1911 sup-

316 1927 511 1977 plemento
541 1929 604 1976 agi
633 1934 828 1977 coeptum:
862 1927 901 1961 in
927 1938 1041 1974 quam
1070 1938 1149 1961 rem
1177 1938 1292 1974 quum
1318 1938 1441 1974 neque

317 1992 514 2028 hominum
536 1992 642 2034 satis,
662 2004 747 2034 nec,
770 2003 816 2026 ex
836 2003 911 2040 qua
930 1996 1167 2040 pararentur,
1190 1989 1439 2039 stipendium-

317 2069 389 2105 que
410 2057 638 2106 acciperent,
660 2056 830 2106 pecuniae
854 2055 1060 2104 quidquam
1086 2067 1130 2089 ea
1155 2060 1381 2103 tempestate
1401 2055 1439 2088 in

316 2122 472 2174 publico
492 2130 604 2166 esset,
623 2123 821 2159 edixerunt
837 2120 1025 2162 consules,
1043 2126 1085 2155 ut
1102 2118 1238 2168 privati
1259 2130 1304 2154 ex
1324 2130 1437 2153 censu

318 2187 604 2236 ordinibusque,
626 2187 725 2223 sicut
750 2194 876 2228 antea,
902 2186 1063 2233 remiges
1094 2184 1226 2219 darent
1257 2195 1341 2218 cum
1371 2183 1439 2218 sti-

317 2251 456 2303 pendio
483 2251 709 2300 cibariisque
737 2251 878 2287 dierum
907 2251 1078 2298 triginta.
1136 2249 1198 2285 Ad
1217 2248 1254 2284 id
1273 2248 1438 2284 edictum

318 2321 446 2352 tantus
474 2314 646 2352 fremitus
678 2315 890 2358 hominum,
912 2320 1021 2351 tanta
1046 2313 1260 2362 indignatio
1288 2311 1374 2355 suit,
1397 2319 1437 2348 ut

1494 235 1527 260 ¹32³:

1466 292 1470 324 ³
