1527 2661
70 251 113 281 U.
125 249 162 280 C.
181 258 254 281 4⁵2.

71 294 112 324 A.
124 293 161 323 C.
179 300 253 325 300.

266 146 319 198 84
724 160 769 189 T.
795 159 931 191 mvn

321 247 433 284 VIII.
465 247 564 289 Quid
591 254 711 285 autem
730 263 794 298 ego
821 253 872 287 sic
890 252 1006 287 adhuc
1025 253 1094 299 egi,
1117 256 1300 300 tamquam
1327 251 1384 288 in-

269 316 370 359 tegra
397 313 445 348 sit
464 324 588 348 caussa
603 315 841 361 patriciorum
862 317 905 350 de
922 317 1141 359 sacerdotiis,
1163 322 1198 352 et
1215 329 1285 352 non
1301 314 1385 362 jam

268 377 307 412 in
321 378 537 424 possessione
560 379 666 413 unius
692 380 904 426 amplissimi
931 381 1039 416 simus
1055 382 1278 417 sacerdotii?
1305 380 1386 415 De-

268 443 435 478 cemviros
449 443 560 478 sacris
568 442 773 491 faciundis,
791 446 991 480 carminum
1006 445 1152 493 Sibyllae
1165 458 1208 481 ac
1215 444 1388 494 fatorum

264 508 394 554 populi
423 506 526 553 hujus
553 509 775 556 interpretes,
797 510 977 545 antistites
1004 511 1142 546 eosdem
1159 509 1389 558 Apollinaris

265 573 359 624 sacri
378 573 729 622 ceremoniarumque
747 574 917 616 aliarum,
933 574 1089 622 plebeios
1106 575 1276 610 videmus.
1309 574 1388 609 Nec

268 640 345 671 tum
370 638 536 684 patriciis
562 638 641 674 ulla
670 636 803 684 injuria
820 637 933 687 facta
961 643 1025 681 est,
1056 651 1166 687 quum
1190 639 1390 675 duumviris

266 701 378 735 sacris
385 699 576 748 faciundis
601 701 758 748 adjectus
786 707 836 738 est
850 707 1001 751 propter
1016 703 1169 751 plebeios
1197 714 1364 738 numerus
1376 717 1389 738 .-

269 770 304 800 et
324 778 417 802 nunc
440 768 611 811 tribunus,
631 770 686 804 vir
702 768 819 817 fortis
837 782 880 805 ac
903 774 1079 812 strenuus,
1100 771 1254 818 quinque
1273 781 1388 816 augu-

267 842 347 867 rum
377 832 468 874 loca,
499 837 652 880 quatuor
675 834 886 882 pontificum
918 832 1062 880 adjecit,
1093 835 1129 869 in
1158 845 1236 881 quae
1258 833 1394 881 plebeii

266 898 497 933 nominentur
507 914 520 941 ,·
549 909 620 932 non
640 902 682 933 ut
699 909 772 940 vos,
791 899 902 946 Appi,
924 903 1039 933 vestro
1057 899 1132 933 loco
1148 898 1307 946 pellant,
1327 897 1391 933 sed

266 967 309 998 ‘ut
337 962 505 1010 adju-vent
531 974 592 998 vos
628 962 784 998 homines
808 962 939 1010 plebeii
968 963 1095 998 divinis
1124 973 1261 1010 quoque
1288 961 1390 997 rebus

264 1027 515 1076 procurandis,
545 1027 636 1062 sicut
665 1028 701 1062 in
730 1027 854 1061 ceteris
883 1026 1048 1062 humanis
1062 1038 1132 1073 pro
1155 1030 1264 1073 parte
1291 1025 1390 1061 virili

269 1089 455 1137 adjuvant.
503 1090 592 1126 Noli
620 1090 830 1132 erubescere,
860 1090 974 1138 Appi,
1005 1090 1180 1136 collegam
1208 1090 1246 1124 in
1272 1100 1390 1124 sacer·

270 1156 368 1191 ‹iotio
397 1154 535 1196 habere,
557 1166 661 1201 quem
680 1155 714 1189 in
735 1166 896 1196 censura,
918 1166 1020 1201 quem
1045 1155 1083 1188 in
1112 1153 1296 1188 consulatu
1317 1153 1390 1188 col-

270 1220 387 1266 legam
416 1219 543 1254 habere
569 1219 744 1266 potuisti:
775 1216 874 1264 cujus
903 1222 977 1253 tam
1006 1218 1194 1253 dictatoris
1221 1218 1391 1264 magister

269 1285 442 1331 equitum,
474 1294 583 1330 quam
610 1283 777 1329 magistri
805 1283 965 1329 equitum
994 1283 1152 1317 dictator
1181 1293 1252 1317 esse
1274 1286 1388 1329 potes.

271 1347 443 1383 Sabinum
474 1347 664 1388 adi-enam,
690 1347 893 1394 principem
925 1345 1122 1382 nobilitatis
1158 1349 1293 1387 vestrae,
1330 1357 1391 1380 seu

270 1413 400 1447 Attum
421 1410 605 1452 Clausum,
625 1421 685 1445 seu
704 1410 775 1457 Ap.
795 1409 986 1445 Claudium
1011 1410 1193 1451 mavultis,
1213 1410 1271 1444 illi
1296 1410 1405 1444 anti··

271 1476 331 1523 qui
346 1476 497 1522 patricii
515 1476 552 1509 in
567 1486 671 1509 suum
690 1486 875 1509 numerum
894 1478 1119 1521 acceperunt.
1151 1473 1207 1508 Ne
1215 1472 1392 1521 fastidie-

272 1542 322 1575 ris
341 1552 404 1575 nos
424 1541 459 1574 in
477 1539 702 1574 sacerdotum
721 1551 908 1574 numerum
928 1539 1088 1585 accipere
1100 1553 1112 1574 :
1141 1537 1257 1573 multa
1275 1537 1391 1573 nobis—

275 1617 354 1640 cum
374 1605 503 1639 decora
531 1602 755 1651 adferimus:
786 1605 893 1638 immo
922 1604 1043 1638 omnia
1068 1603 1207 1644 eadem,
1228 1614 1306 1649 quae
1334 1613 1394 1637 vos

273 1667 440 1717 superbos
457 1666 640 1715 fecerunt.
691 1667 735 1703 L.
754 1666 899 1702 Sextius
919 1668 1060 1714 primus
1080 1667 1124 1702 cle
1149 1666 1251 1714 plebe
1271 1666 1394 1701 consul

274 1737 324 1768 est
338 1731 482 1780 factus.
519 1731 556 1766 C.
574 1731 734 1766 Licinius
753 1731 856 1766 Stolo
872 1732 1009 1778 primus
1030 1731 1198 1777 magister
1215 1731 1389 1778 equitum,

276 1797 315 1833 C.
346 1797 508 1832 Marcius
537 1795 684 1831 Rutilus
708 1798 848 1844 primus
883 1801 918 1831 et
946 1797 1101 1831 dictator
1129 1799 1164 1830 et
1193 1806 1325 1837 censor,
1349 1795 1393 1835 Q.

276 1863 456 1899 Publilius
485 1862 594 1897 Philo
626 1863 766 1909 primus
790 1867 937 1909 prcetor,
985 1863 1135 1909 Semper
1166 1863 1238 1896 ista
1269 1862 1395 1897 audita

275 1932 359 1963 sunt
386 1928 523 1968 eaa'em,
542 1938 648 1973 penes
675 1938 735 1961 ‘vos
763 1928 923 1974 auspicia
952 1938 1034 1967 esse,
1062 1938 1122 1961 vos
1148 1926 1239 1961 solos
1254 1930 1396 1973 gentem

277 1992 417 2034 habere,
438 2003 498 2026 vos
525 1992 617 2026 solos
635 1988 776 2035 justum
804 1992 994 2038 imperium
1023 1996 1057 2025 et
1082 1991 1280 2037 auspicium
1299 1990 1397 2024 domi

277 2057 494 2104 militiaeque.
547 2055 670 2103 AEque
696 2055 815 2090 adbuc
835 2068 1045 2103 prosperum
1063 2055 1239 2103 plebeium
1258 2066 1300 2089 ac
1325 2066 1395 2102 pa-

278 2122 418 2157 tricium
429 2120 526 2169 fuit,
536 2133 716 2168 porroque
730 2122 810 2156 erit.
841 2120 899 2155 En
915 2132 1085 2168 umquam
1093 2119 1218 2167 fando
1235 2119 1397 2161 audistis,

275 2188 450 2235 patricios
477 2187 594 2233 primo
613 2197 682 2220 esse
700 2184 840 2233 factos,
871 2198 942 2220 non
962 2186 1005 2220 de
1034 2185 1118 2220 coelo
1138 2185 1316 2225 demissos,
1336 2184 1398 2218 sed

279 2253 340 2299 qui
354 2255 498 2298 patrem
528 2251 618 2285 ciere
632 2254 788 2297 possent,
812 2250 849 2284 id
878 2253 942 2291 est,
965 2249 1056 2284 nihil
1083 2249 1182 2283 ultra
1203 2259 1311 2294 quam
1340 2248 1394 2281 in-

276 2327 409 2361 genuos
422 2316 442 2350 ,τ’
473 2314 659 2350 Consulem
678 2313 756 2360 jam
774 2318 918 2361 patrem
938 2315 1029 2349 ciere
1044 2325 1201 2361 possum,
1223 2322 1399 2358 avumque
