1527 2661
297 183 383 238 346
745 196 793 225 ·r.
818 196 953 227 mvn

145 314 152 321 .
165 291 200 322 C.
217 298 290 328 ⁵37·
302 285 486 321 venirent.
542 283 743 327 Praetores,
764 298 923 333 quorum
937 284 1154 335 jurisdictio
1174 291 1268 328 erat,
1287 284 1408 322 tribu-

143 357 150 364 ·
165 335 201 365 C·
215 342 290 366 ²¹⁵⁶
302 349 405 385 nalia
423 349 470 385 ad
489 349 677 385 Piscinam
698 349 887 398 publicam
914 357 1144 400 posuerunt:
1177 363 1222 386 eo
1241 350 1410 386 vadimo-

302 414 366 450 nia
387 413 467 450 fieri
489 412 709 463 jusserunt:
741 413 867 462 ibique
897 427 942 450 eo
962 427 1063 450 anno
1085 414 1150 464 jus
1171 415 1313 450 dictum
1342 423 1412 450 est.

304 479 461 515 Interim
499 478 794 527 Karthaginem,
832 479 932 515 unde
963 479 1083 528 Mago
1113 479 1229 516 frater
1258 479 1410 516 Hanni-

303 542 400 578 balis
420 542 619 578 duodecim
644 541 763 578 millia
787 541 972 592 peditum,
999 548 1038 578 et
1062 542 1164 578 mille
1183 543 1410 592 quingentos

303 606 463 655 equites,
484 606 617 654 viginti
644 605 880 655 elephantos,
901 605 1003 641 mille
1029 605 1176 654 argenti
1202 604 1347 642 talenta
1372 606 1411 641 in

303 668 455 705 Italiam
475 670 760 705 transmissurus
788 675 881 712 erat,
903 682 988 705 cum
1014 669 1187 718 praesidio
1214 669 1413 717 sexaginta

302 733 455 770 navium
471 733 684 782 longarum,
701 734 859 769 nuncius
877 732 1057 775 adfertur,
1074 733 1113 768 in
1129 732 1318 782 Hispania
1333 746 1412 769 rem

302 797 400 834 male
421 804 579 846 gestam,
601 810 806 846 omnesque
825 797 943 833 ferme
962 796 1042 847 ejus
1062 798 1265 846 provinciae
1291 810 1413 848 popu-

111 867 273 897 Vocantur
303 863 360 900 los
393 865 441 900 ad
472 863 669 899 Romanos
697 863 889 899 defecisse.
945 863 1080 905 Erant,
1111 863 1175 911 qui
1203 863 1413 912 RIagonem

110 910 196 940 Poeni
216 912 249 941 in

111 954 289 983 Sardiniam

109 996 147 1026 ab
165 996 291 1038 Hamp—
303 997 515 1027 averterent
529 1007 538 1035 3
560 1003 674 1039 quum
688 990 868 1025 Sardiniae
882 989 1103 1038 recipiendae
1117 991 1314 1039 repentina
1329 1003 1412 1041 spes

304 941 389 964 cum
405 927 522 963 classe
542 940 585 963 ea
601 927 807 976 copiisque,
826 927 965 962 omissa
984 925 1109 968 ltalia,
1126 927 1163 961 in
1185 926 1413 976 Hispaniam

109 1040 219 1071 sicora.
303 1054 466 1091 adfulsit.
516 1055 675 1090 Parvum
696 1054 740 1089 ibi
765 1055 954 1088 erercitum
975 1053 1179 1089 Romanum
1198 1066 1291 1090 esse:
1318 1061 1414 1091 vete-

301 1131 375 1154 rem
401 1123 589 1166 prcetorem
624 1118 706 1152 iride
734 1118 779 1152 A.
804 1117 1004 1152 Cornelium
1038 1119 1228 1163 provinciae
1255 1121 1413 1166 peritum

304 1183 483 1224 decedere,
514 1194 643 1217 novum
666 1182 871 1229 erspectari.
918 1181 979 1215 Ad
998 1180 1074 1222 hoc,
1091 1180 1208 1229 fessos
1227 1180 1309 1227 jam
1335 1185 1414 1218 ani—

303 1259 378 1282 mos
404 1246 599 1281 Sardorum
631 1256 700 1280 esse
729 1245 968 1280 diuturnitate
996 1245 1162 1291 imperii:
1191 1249 1225 1279 et
1251 1247 1414 1292 proximo

304 1311 346 1345 iz's
365 1321 458 1344 anno
478 1309 599 1344 acerbe
627 1313 734 1355 atque
753 1320 860 1343 avare
881 1309 1105 1355 imperatum.
1142 1308 1253 1343 Gravi
1281 1310 1413 1346 tributo

301 1380 336 1410 et
351 1375 551 1410 conlatione
565 1375 687 1421 iniqua
691 1372 873 1422 frumenti
885 1385 1021 1420 pressos
1034 1389 1046 1407 .·
1065 1373 1157 1408 nihil
1168 1374 1281 1409 deesse
1295 1376 1412 1418 aliud,

301 1451 407 1486 quam
423 1443 616 1479 auctorem,
634 1439 683 1473 ad
697 1450 797 1485 quem
815 1438 1012 1486 deficerent.
1067 1436 1162 1472 Haec
1179 1436 1412 1475 clandestina

299 1500 441 1549 legatio
460 1514 526 1551 per
552 1501 738 1550 principes
765 1501 880 1536 missa
899 1507 1002 1545 erat3
1035 1500 1196 1535 maxime
1223 1513 1304 1536 eam
1332 1514 1410 1538 rem

300 1565 479 1601 moliente
517 1564 783 1613 Hampsicora,
815 1564 876 1612 qui
915 1570 994 1599 tum
1033 1564 1258 1599 auctoritate
1296 1572 1410 1614 atque

300 1628 435 1677 opibus
456 1628 569 1676 longe
599 1628 739 1677 primus
764 1634 854 1663 erat.
912 1627 984 1662 His
1015 1627 1162 1662 nunciis
1190 1639 1307 1676 prope
1333 1641 1411 1664 uno

299 1699 470 1742 tempore
485 1691 641 1733 turbati,
661 1693 863 1740 erectique,
884 1691 1090 1739 Magonem
1109 1704 1192 1726 cum
1209 1691 1326 1727 classe
1343 1704 1411 1729 sua

301 1757 493 1805 copiisque
511 1756 546 1790 in
564 1755 791 1805 Hispaniam
806 1756 964 1791 mittunt
980 1770 987 1790 ε
1021 1755 1059 1789 in
1077 1754 1288 1790 Sardiniam
1305 1755 1408 1792 Has-

301 1819 494 1855 drubalem
521 1819 690 1868 deligunt
711 1819 865 1855 ducem:
900 1826 937 1854 et
968 1825 1117 1853 tantum
1137 1818 1254 1853 ferme
1281 1821 1411 1869 copia-

301 1897 397 1926 rum,
419 1891 601 1932 quantum
620 1884 796 1931 Magoni,
814 1884 1032 1919 decernunt.
1090 1882 1141 1917 Et
1161 1882 1296 1918 Romae
1318 1897 1410 1920 con-

302 1947 414 1989 sules,
435 1948 634 1982 transactis
662 1947 787 1989 rebus,
809 1960 890 1995 quae
918 1947 954 1982 in
984 1946 1074 1981 urbe
1103 1946 1257 1993 agendae
1288 1955 1411 1991 erant,

300 2011 505 2047 movebant
520 2010 599 2061 jam
617 2023 696 2046 sese
712 2011 757 2047 ad
775 2011 926 2047 bellum.
974 2011 1034 2046 Ti.
1053 2011 1295 2060 Sempronius
1312 2012 1410 2047 mili-

299 2076 401 2112 tibus
430 2076 646 2111 Sinuessam
669 2076 767 2111 diem
798 2075 844 2111 ad
873 2074 1173 2111 conveniendum
1201 2076 1340 2121 edixit,
1375 2083 1412 2112 et

300 2141 347 2180 Q.
361 2140 516 2183 Fabius,
535 2139 710 2176 consulto
730 2141 832 2190 prius
849 2148 997 2183 senatu,
1020 2146 1061 2175 ut
1075 2139 1265 2175 frumenta
1280 2153 1411 2177 omnes

300 2217 346 2240 ex
365 2204 480 2253 agris,
502 2210 589 2239 ante
606 2203 798 2239 Kalendas
816 2204 950 2239 Junias
971 2203 1124 2253 primas,
1143 2203 1180 2238 in
1199 2203 1308 2239 urbes
1329 2217 1411 2240 mu-

299 2270 398 2305 nitas
420 2269 687 2305 conveherent.
746 2270 818 2310 Qui
836 2282 903 2305 non
923 2270 1118 2310 invexisset,
1141 2266 1214 2313 ejus
1231 2280 1266 2303 se
1285 2281 1413 2316 agrum

294 2335 570 2382 populatu-rum,
599 2346 715 2370 servos
741 2334 802 2370 sub
829 2334 931 2370 Jmsta
959 2334 1197 2375 venditurum,
1226 2333 1331 2369 villas
1361 2335 1413 2368 in-
