1527 2661
352 164 509 193 mnan
533 161 677 191 xx1v.
713 161 821 190 est.
844 161 964 190 xul.
1136 148 1219 203 385

104 265 217 304 super
236 254 407 303 Capuam
427 251 616 289 consedit:
643 250 743 294 inde,
763 249 939 286 Numidis
960 248 1219 300 Hispanisque

101 318 148 355 ad
168 318 381 368 praesidium
400 315 514 353 simul
533 322 745 352 castrorum
766 314 877 351 simul
895 314 1036 364 Capuae
1062 312 1218 357 relictis,

100 396 185 420 cum
205 389 331 419 cetero
348 382 516 418 exercitu
533 381 579 417 ad
596 380 719 416 lacum
735 379 879 415 Averni
894 391 961 429 per
975 378 1138 428 speciem
1159 390 1218 414 sa-

99 446 304 489 crificandi,
326 459 365 482 re
394 447 476 495 ipsa
496 452 538 480 ut
565 450 734 480 tentaret
753 442 951 486 Puteolos,
972 441 1148 491 quodque
1167 440 1221 478 ibi

99 511 263 561 praesidii
283 516 377 552 erat,
399 508 603 545 descendit.
659 507 871 550 Maximus,
888 512 1089 557 postquam
1109 505 1219 542 Han-

99 575 265 612 nibalem
285 575 397 625 Arpis
418 573 647 624 profectum,
669 579 707 608 et
726 572 873 621 regredi
895 573 934 608 in
955 571 1219 621 Campaniam,

100 639 356 683 adlatum-est,
377 652 446 675 nec
466 639 525 675 die
546 650 615 674 nec
635 643 750 673 nocte
769 637 985 673 intermisso
1004 636 1152 679 itinere,
1174 636 1222 673 ad

100 704 306 741 exercitum
327 704 422 740 redit
441 719 448 739 :
480 710 517 739 et
535 703 597 739 Ti.
611 702 827 738 Gracchum
846 701 893 737 ab
914 701 1078 737 Luceria
1095 700 1220 737 Bene-

100 774 253 804 ventum
284 768 412 817 copias
442 767 659 809 admovere,
690 765 739 805 Q.
759 765 919 801 Fabium
948 770 1148 814 praetorem
1171 765 1220 812 (is

100 831 197 868 filius
217 831 382 868 consulis
404 832 501 879 erat)
524 831 726 867 Luceriam
745 829 921 865 Graccho
941 829 1141 865 succedere
1153 827 1219 878 ju-

101 895 178 932 bet.
236 895 281 933 In
303 896 471 933 Siciliam
491 896 623 932 eodem
643 902 814 945 tempore
834 893 910 930 duo
930 899 1111 943 praetores
1130 905 1220 943 pro-

99 959 204 1004 fecti,
234 960 278 997 P.
299 960 498 997 Cornelius
520 960 567 997 ad
587 959 809 1001 exercitum,
832 956 1035 1000 Otacilius,
1056 957 1120 1006 qui
1140 969 1220 993 ma-

99 1023 235 1061 ritimae
255 1037 331 1061 01·ae
351 1025 481 1074 reique
499 1023 625 1060 navali
644 1027 823 1073 praeesset
839 1037 848 1067 ;
882 1027 920 1057 et
940 1021 1055 1056 ceteri
1076 1021 1114 1056 in
1135 1032 1221 1056 suas

103 1087 260 1136 quisque
279 1088 493 1138 provincias
523 1086 704 1138 profecti:
738 1092 789 1128 et,
813 1083 948 1133 quibus
975 1090 1222 1134 prorogatum

102 1151 302 1201 imperium
329 1157 423 1194 erat,
452 1151 616 1194 easdem,
639 1161 729 1199 quas
757 1149 882 1199 priore
907 1160 1024 1191 anne,
1047 1148 1220 1197 regiones

100 1214 362 1252 obtinuerunt.

156 1278 274 1316 XIII.
309 1280 370 1316 Ad
400 1278 677 1321 Hannibalem,
707 1291 823 1327 quum
852 1278 898 1314 ad
927 1277 1051 1314 lacum
1079 1277 1220 1313 Averni

102 1349 214 1386 esset,
234 1343 401 1392 quinque
421 1341 568 1379 nobiles
581 1341 742 1393 juvenes
763 1341 810 1378 ab
831 1341 1000 1378 Tarento
1020 1347 1217 1383 venerunt,

103 1408 240 1456 partim
275 1407 322 1443 ad
351 1407 617 1443 Trasimenum
646 1405 784 1449 lacum,
815 1406 953 1456 partim
986 1405 1032 1441 ad
1066 1406 1216 1442 Cannas

102 1471 217 1520 capti,
248 1472 465 1520 dimissique
495 1472 628 1508 domos
659 1483 743 1507 cum
767 1471 898 1506 eadem
925 1471 1119 1513 comitate,
1147 1483 1222 1519 qua

100 1547 186 1570 usus
207 1535 382 1571 adversus
407 1547 537 1571 onmes
562 1534 829 1570 Romanorum
852 1534 977 1570 socios
998 1533 1139 1570 Poenus
1159 1533 1220 1570 fu-

100 1606 192 1635 erat.
228 1598 276 1641 li,
293 1612 462 1635 memores
480 1600 726 1649 beneficiorum
745 1598 819 1645 ejus
836 1600 1033 1647 perpulisse
1051 1610 1221 1646 magnam

97 1668 238 1709 partem
255 1675 292 1699 se
306 1663 509 1710 juventutis
533 1665 748 1705 Tarentinae,
769 1662 952 1705 referunt,
973 1667 1013 1699 ut
1032 1663 1219 1699 Hanniba-

99 1726 141 1762 lis
159 1728 358 1762 amicitiam
374 1740 417 1763 ac
434 1730 654 1769 societatem,
669 1739 776 1775 quam
789 1727 918 1775 populi
935 1726 1104 1769 Romani,
1124 1727 1216 1762 mal-

100 1791 173 1826 lent
185 1807 197 1833 ;
227 1792 431 1838 legatosque
456 1791 500 1827 ab
524 1794 596 1828 suis
618 1793 739 1828 missos
755 1804 884 1839 rogare
902 1792 1158 1835 Hannibalem,
1180 1798 1219 1829 ut

99 1857 289 1891 &ercitum
313 1858 460 1903 propius
484 1857 678 1892 Tarentum
697 1858 899 1893 admoveat.
947 1857 990 1892 Si
1006 1858 1110 1904 signa
1129 1855 1215 1903 ejus,

97 1920 128 1953 si,
151 1923 270 1954 castra
299 1925 482 1969 conspecta
508 1933 530 1955 a
564 1921 720 1956 Tarento
744 1922 830 1963 sint,
858 1921 956 1957 haud
975 1921 1086 1957 ullam
1106 1923 1215 1957 inter-

97 1993 270 2019 cessuram
290 1996 440 2027 moram,
462 1986 546 2032 quin
564 1985 647 2020 urbs
665 1986 831 2021 dedatur.
891 1986 933 2021 In
955 1990 1135 2033 potestate
1150 1984 1215 2032 ju-

96 2048 236 2083 niorum
257 2047 411 2096 plebem,
435 2051 473 2084 in
498 2061 608 2084 manu
635 2049 748 2098 plebis
774 2062 849 2086 rem
874 2051 1108 2086 Tarentinam
1132 2063 1214 2092 esse,

99 2110 295 2148 Hannibal
322 2112 572 2149 conlaudatos
604 2125 682 2156 eos,
708 2120 966 2163 oneratosque
996 2114 1213 2163 ingentibus

96 2176 304 2224 promissis,
323 2177 477 2213 domum
493 2177 540 2213 ad
560 2184 687 2227 coepta
705 2178 930 2214 maturanda
950 2179 1068 2214 redire
1079 2178 1210 2227 jubet:

98 2252 136 2275 se
165 2240 203 2275 in
233 2246 405 2290 tempore
435 2241 654 2278 adfuturum
684 2254 776 2279 esse.
834 2241 921 2278 Hac
952 2256 1036 2279 cum
1066 2255 1131 2293 spe
1158 2243 1213 2280 di-

82 2304 201 2342 .missi
232 2304 443 2344 Tarentini.
511 2306 640 2358 Ipsum
675 2306 809 2355 ingens
841 2306 979 2356 cupido
1011 2308 1214 2343 incesserat

166 2368 263 2405 VoL.
284 2369 335 2404 ΙΙ,
662 2371 688 2406 S

1232 250 1325 283 U.C.
1343 257 1417 283 53⁸,

1229 297 1269 326 A.
1284 295 1323 326 C.
1339 301 1414 327 214.

1234 1278 1339 1318 Legati
1351 1278 1415 1308 Ta-

1232 1322 1346 1351 rentini
1364 1322 1403 1351 ad

1234 1364 1400 1394 Hanniba-

1230 1407 1308 1438 lem.
