1527 2661
303 248 456 277 LIBER
481 245 588 278 xxr.
622 244 728 274 CAP.
753 230 892 274 xmvss
1066 243 1143 275 201

44 337 134 384 quiS,
156 338 282 373 demtis
297 339 419 384 signis,
442 336 568 373 Paeuos
583 333 831 382 Romanosque
850 334 953 369 hodie
970 334 1145 375 ostendat,
1159 329 1247 403 {ss
1266 334 1339 402 ⁵3²

43 401 291 447 ignoraturum
314 405 447 437 certum
474 400 594 441 habeo,
613 400 730 435 utrius
755 399 926 434 exercitus
943 399 989 433 sit
1014 397 1146 432 consul.
1190 396 1197 404 '
1241 394 1248 402 '
1266 380 1283 402 ⁹
1332 394 1338 401 ’

45 464 129 499 Νοη
157 476 221 512 ego
250 465 341 501 illud
366 465 472 512 parvi
491 465 638 506 aestimo,
667 463 810 505 milites,
831 463 925 510 quod
945 473 1046 497 nemo
1072 472 1146 496 ves-

45 530 139 563 trum
157 534 220 570 est,
242 527 339 573 cujus
362 539 432 563 non
457 532 540 563 ante
559 527 676 562 oculos
694 528 766 574 ipse
783 538 874 573 saepe
897 525 1054 561 militare
1078 524 1146 559 ali-

43 593 137 638 quod
167 593 336 627 ediderim
362 590 537 639 facinus,·
568 591 625 626 cui
659 602 730 625 non
768 591 862 625 idem
893 601 969 636 ego,
1006 589 1149 624 virtutis

42 659 220 701 spectator
248 668 291 690 ac
320 656 428 696 testis,
447 658 575 690 notata
605 653 817 701 temporibus
839 653 990 700 locisque
1017 652 1151 701 referre

43 730 108 754 sua
133 721 262 766 possim
282 720 420 754 decora.
479 719 567 753 Cum
587 719 745 753 Zazcdatis
763 729 786 752 a
814 729 869 752 me
892 717 1021 752 millies
1039 718 1149 752 dona-

46 783 170 830 tisque,
191 784 356 818 alumnus
381 784 481 830 prius
500 783 656 816 omnium
681 785 847 822 vestrum,
868 793 976 828 quam
995 782 1150 828 impera-

44 850 112 887 tor,
128 848 319 893 procedam
347 848 423 882 acie
451 847 616 881 adversus
644 847 782 892 ignotos
804 847 894 880 inter
921 857 956 880 se
982 846 1150 891 ignoran-

43 914 168 957 tesque.

97 972 242 1010 XLIV.
275 975 502 1022 Quocumque
527 974 730 1009 circumtuli
748 974 878 1014 oculos,
896 973 1007 1020 plena
1032 974 1152 1007 omnia

45 1038 145 1072 video
164 1039 363 1074 animorum
383 1051 425 1074 ac
447 1039 582 1074 roboris
593 1055 605 1081 ‚·
633 1043 838 1073 veteranum
859 1038 1028 1084 peditem,
1047 1048 1152 1084 gene-

0 1124 1 1146 3
44 1102 302 1137 rosissimarum
327 1104 489 1149 gentium
521 1103 655 1149 equites
680 1101 850 1150 frenatos
878 1105 912 1136 et
940 1099 1151 1148 infrenatos,

0 1151 1 1155 Ἰ
45 1176 105 1199 vos
128 1165 237 1199 socios
251 1165 481 1213 fidelissimos
498 1164 796 1213 fortissimosque,
826 1176 886 1199 vos
914 1163 1153 1210 Karthagini-

1 1257 2 1263 ,
46 1239 153 1270 enses,
184 1240 291 1275 quum
319 1230 360 1264 ob
391 1230 564 1276 patriam,
599 1234 674 1264 tum
710 1229 751 1264 ob
783 1230 877 1264 iram
902 1227 1154 1274 justissimam,

44 1297 278 1340 pugnaturos.
337 1293 530 1342 Inferimus
559 1294 702 1336 bellum,
733 1293 939 1342 infestisque
963 1295 1072 1341 signis
1094 1294 1157 1329 de-

0 1392 1 1396 ,
46 1357 244 1392 scendimus
264 1358 300 1392 in
314 1357 476 1398 Italiam,
499 1362 599 1392 tanto
615 1358 788 1393 audacius
796 1356 1003 1406 fortiusque
1011 1369 1154 1404 pugna—

3 1421 4 1428 *
49 1421 134 1461 turi,
165 1425 298 1467 quanto
325 1420 440 1466 major
466 1433 555 1468 spes,
586 1420 700 1466 major
729 1426 779 1456 est
807 1423 946 1456 animus
974 1420 1158 1469 inferentis

4 1490 5 1496 ¹
46 1485 131 1525 vim,
169 1496 276 1531 quam
311 1487 474 1520 arcentis
531 1486 705 1520 Accendit
736 1491 911 1533 praeterea
949 1487 1083 1520 animos
1118 1490 1158 1521 et

5 1555 6 1558 ’
46 1549 208 1583 stimulat
233 1549 347 1590 dolor,
367 1548 513 1595 injuria,
535 1550 755 1596 indignitas:
784 1551 833 1585 ad
857 1550 1070 1597 supplicium
1097 1550 1158 1585 de·

6 1612 7 1615 ’
45 1619 284 1660 poposcerunt
306 1626 362 1650 me
381 1616 502 1650 ducem
524 1617 698 1662 primum,
722 1617 845 1650 deinde
868 1627 928 1650 vos
947 1626 1076 1657 omneS,
1098 1616 1159 1662 qui

51 1677 252 1724 Saguntum
288 1680 573 1727 obpugnassetis:
608 1681 746 1715 deditos
783 1681 918 1714 ultimis
947 1679 1160 1714 cruciatibus

51 1739 232 1788 adfecturi
246 1741 413 1789 ficerunt.
474 1743 726 1778 Crudelissima
746 1755 788 1778 ac
812 1743 1059 1790 superbissima
1075 1755 1161 1790 gens

8 1844 9 1847 Ἴ
51 1815 115 1838 sua
140 1806 258 1839 omnia
286 1806 408 1852 suique
437 1805 577 1840 arbitrii
601 1805 728 1853 facit:
756 1817 835 1840 cum
864 1805 986 1852 quibus
1014 1805 1158 1847 bellum,

9 1852 10 1863 γ
53 1880 132 1902 cum
168 1868 311 1914 quibus.
328 1881 453 1916 pacem
493 1869 692 1911 habeamus,
730 1881 766 1904 se
806 1870 951 1904 modum
995 1871 1161 1917 inponere

10 1979 11 1984 Ἰ
53 1943 190 1978 (equum
219 1938 357 1967 censet:
387 1933 637 1968 circumscribit
664 1933 883 1980 includitque
910 1945 974 1968 nos
1003 1936 1161 1969 terminis

52 1997 225 2030 montium
231 1996 505 2045 fluminumque,
528 2009 612 2044 quos
629 2009 674 2032 ne
700 1997 930 2032 excedamus:
958 2010 1070 2044 neque
1088 2010 1157 2039 eos,

12 2063 13 2075 ³
53 2070 138 2106 quos
154 2060 295 2101 statuit,
315 2062 480 2096 terminos
499 2061 666 2097 observat.
724 2061 780 2096 Ne
799 2063 980 2096 transieris
995 2061 1133 2097 Iberum
1148 2079 1159 2097 .-

49 2133 95 2157 ne
119 2123 203 2169 quid
229 2124 282 2158 rei
311 2123 373 2159 tibi
399 2125 447 2159 sit
474 2137 552 2160 cum
582 2125 799 2172 Saguntinis.
856 2128 915 2162 Ad
944 2127 1084 2162 Iberum
1113 2133 1163 2162 est

54 2185 280 2232 Saguntum:
309 2199 482 2235 nusquam
503 2193 537 2223 tc
554 2191 705 2236 vestigio
726 2192 883 2226 moveris.
939 2191 1078 2226 Parum
1098 2196 1162 2233 est,

56 2249 148 2294 quod
166 2252 368 2286 veterrimas
385 2250 586 2298 prouincias
604 2264 699 2287 meas
715 2252 879 2288 Siciliam
899 2257 932 2288 et
953 2253 1160 2288 Sardiniam

57 2312 208 2347 adimis:
238 2316 346 2349 etiam
366 2315 562 2363 Hispanias
576 2318 597 2350 ‚9
623 2321 657 2351 et
678 2317 762 2351 inde
781 2329 923 2357 cessero,
945 2318 979 2351 in
999 2316 1165 2364 Africam

59 2378 289 2412 transcendes.
354 2379 588 2415 Transcendes
609 2385 743 2422 autem,
766 2381 843 2416 dico
858 2382 877 2415 ‚9
905 2381 991 2416 duos
1010 2382 1163 2416 consules

573 2442 611 2478 K
634 2444 653 2478 5
