<?xml version="1.0" encoding="UTF-8"?>
<!DOCTYPE html PUBLIC "-//W3C//DTD XHTML 1.0 Transitional//EN"
    "http://www.w3.org/TR/xhtml1/DTD/xhtml1-transitional.dtd">
<html xmlns="http://www.w3.org/1999/xhtml" xml:lang="en" lang="en">
 <head>
  <title>
</title>
<meta http-equiv="Content-Type" content="text/html;charset=utf-8" />
  <meta name='ocr-system' content='tesseract 3.04.00' />
  <meta name='ocr-capabilities' content='ocr_page ocr_carea ocr_par ocr_line ocrx_word'/>
</head>
<body>
  <div class='ocr_page' id='page_1' title='image "./historiarumquaes02livyuoft/historiarumquaes02livyuoft_0394.png"; bbox 0 0 1527 2661; ppageno 0'>
   <div class='ocr_carea' id='block_1_1' title="bbox 113 107 1527 1094">
    <p class='ocr_par' dir='ltr' id='par_1_1' title="bbox 330 107 995 164">
     <span class='ocr_line' id='line_1_1' title="bbox 330 107 995 164; baseline 0.002 -15"><span class='ocrx_word' id='word_1_1' title='bbox 330 107 416 164; x_wconf 79' lang='lat'>384</span> <span class='ocrx_word' id='word_1_2' title='bbox 789 121 834 150; x_wconf 73' lang='lat' dir='ltr'>tr.</span> <span class='ocrx_word' id='word_1_3' title='bbox 860 121 995 151; x_wconf 80' lang='lat' dir='ltr'>Livu</span> 
     </span>
    </p>

    <p class='ocr_par' dir='ltr' id='par_1_2' title="bbox 135 209 1450 452">
     <span class='ocr_line' id='line_1_2' title="bbox 138 209 1450 263; baseline 0.002 -15"><span class='ocrx_word' id='word_1_4' title='bbox 138 209 564 249; x_wconf 58' lang='lat' dir='ltr'>stowe-scribendae:</span> <span class='ocrx_word' id='word_1_5' title='bbox 615 224 676 248; x_wconf 87' lang='lat' dir='ltr'>eas</span> <span class='ocrx_word' id='word_1_6' title='bbox 715 211 839 261; x_wconf 88' lang='lat' dir='ltr'>primo</span> <span class='ocrx_word' id='word_1_7' title='bbox 876 225 1027 262; x_wconf 83' lang='lat' dir='ltr'>quoque</span> <span class='ocrx_word' id='word_1_8' title='bbox 1066 218 1241 263; x_wconf 86' lang='lat' dir='ltr'>tempore</span> <span class='ocrx_word' id='word_1_9' title='bbox 1278 213 1450 251; x_wconf 85' lang='lat' dir='ltr'>consules</span> 
     </span>
     <span class='ocr_line' id='line_1_3' title="bbox 135 253 1450 326; baseline 0 -13"><span class='ocrx_word' id='word_1_10' title='bbox 135 253 227 283; x_wconf 74' lang='lat' dir='ltr'>A.C.</span> <span class='ocrx_word' id='word_1_11' title='bbox 245 260 494 313; x_wconf 74' lang='lat' dir='ltr'>214&#39;scribere</span> <span class='ocrx_word' id='word_1_12' title='bbox 517 275 630 326; x_wconf 85' lang='lat' dir='ltr'>jussi,</span> <span class='ocrx_word' id='word_1_13' title='bbox 658 282 696 311; x_wconf 88' lang='lat' dir='ltr'>et</span> <span class='ocrx_word' id='word_1_14' title='bbox 717 275 873 312; x_wconf 88' lang='lat' dir='ltr'>classem</span> <span class='ocrx_word' id='word_1_15' title='bbox 904 289 1056 326; x_wconf 88' lang='lat' dir='ltr'>parare:</span> <span class='ocrx_word' id='word_1_16' title='bbox 1089 284 1130 313; x_wconf 93' lang='lat' dir='ltr'>ut</span> <span class='ocrx_word' id='word_1_17' title='bbox 1157 290 1242 314; x_wconf 91' lang='lat' dir='ltr'>cum</span> <span class='ocrx_word' id='word_1_18' title='bbox 1262 278 1315 313; x_wconf 87' lang='lat' dir='ltr'>eis</span> <span class='ocrx_word' id='word_1_19' title='bbox 1345 278 1450 314; x_wconf 84' lang='lat' dir='ltr'>navi-</span> 
     </span>
     <span class='ocr_line' id='line_1_4' title="bbox 329 339 1450 390; baseline -0.001 -12"><span class='ocrx_word' id='word_1_20' title='bbox 329 342 414 383; x_wconf 87' lang='lat' dir='ltr'>bus,</span> <span class='ocrx_word' id='word_1_21' title='bbox 435 353 517 389; x_wconf 86' lang='lat' dir='ltr'>quae</span> <span class='ocrx_word' id='word_1_22' title='bbox 546 353 616 390; x_wconf 88' lang='lat' dir='ltr'>pro</span> <span class='ocrx_word' id='word_1_23' title='bbox 637 339 824 375; x_wconf 85' lang='lat' dir='ltr'>Calabriae</span> <span class='ocrx_word' id='word_1_24' title='bbox 852 339 1030 376; x_wconf 89' lang='lat' dir='ltr'>litoribus</span> <span class='ocrx_word' id='word_1_25' title='bbox 1055 342 1095 377; x_wconf 91' lang='lat' dir='ltr'>in</span> <span class='ocrx_word' id='word_1_26' title='bbox 1115 342 1282 377; x_wconf 88' lang='lat' dir='ltr'>statione</span> <span class='ocrx_word' id='word_1_27' title='bbox 1310 347 1450 384; x_wconf 87' lang='lat' dir='ltr'>essent,</span> 
     </span>
     <span class='ocr_line' id='line_1_5' title="bbox 330 402 1450 452; baseline -0.002 -11"><span class='ocrx_word' id='word_1_28' title='bbox 330 410 483 441; x_wconf 87' lang='lat' dir='ltr'>centum</span> <span class='ocrx_word' id='word_1_29' title='bbox 513 403 793 452; x_wconf 85' lang='lat' dir='ltr'>quinquaginta</span> <span class='ocrx_word' id='word_1_30' title='bbox 821 402 1022 451; x_wconf 81' lang='lat' dir='ltr'>longarum</span> <span class='ocrx_word' id='word_1_31' title='bbox 1055 405 1209 440; x_wconf 85' lang='lat' dir='ltr'>navium</span> <span class='ocrx_word' id='word_1_32' title='bbox 1241 404 1369 442; x_wconf 82' lang='lat' dir='ltr'>classis</span> <span class='ocrx_word' id='word_1_33' title='bbox 1403 416 1450 440; x_wconf 92' lang='lat' dir='ltr'>eo</span> 
     </span>
    </p>

    <p class='ocr_par' dir='ltr' id='par_1_3' title="bbox 330 455 1527 517">
     <span class='ocr_line' id='line_1_6' title="bbox 330 455 1527 517; baseline 0.001 -14"><span class='ocrx_word' id='word_1_34' title='bbox 330 480 431 504; x_wconf 89' lang='lat' dir='ltr'>anno</span> <span class='ocrx_word' id='word_1_35' title='bbox 461 466 688 517; x_wconf 84' lang='lat' dir='ltr'><strong>expleretur.</strong></span> <span class='ocrx_word' id='word_1_36' title='bbox 744 465 909 502; x_wconf 88' lang='lat' dir='ltr'>Delectu</span> <span class='ocrx_word' id='word_1_37' title='bbox 934 466 1082 510; x_wconf 88' lang='lat' dir='ltr'>habito,</span> <span class='ocrx_word' id='word_1_38' title='bbox 1104 474 1143 503; x_wconf 87' lang='lat' dir='ltr'>et</span> <span class='ocrx_word' id='word_1_39' title='bbox 1165 474 1318 504; x_wconf 88' lang='lat' dir='ltr'>centum</span> <span class='ocrx_word' id='word_1_40' title='bbox 1342 468 1450 504; x_wconf 84' lang='lat' dir='ltr'>navi-</span> <span class='ocrx_word' id='word_1_41' title='bbox 1522 455 1527 513; x_wconf 58' lang='lat' dir='ltr'>i</span> 
     </span>
    </p>

    <p class='ocr_par' dir='ltr' id='par_1_4' title="bbox 328 531 1449 575">
     <span class='ocr_line' id='line_1_7' title="bbox 328 531 1449 575; baseline 0 -6"><span class='ocrx_word' id='word_1_42' title='bbox 328 533 399 569; x_wconf 93' lang='lat' dir='ltr'>bus</span> <span class='ocrx_word' id='word_1_43' title='bbox 432 533 540 568; x_wconf 88' lang='lat' dir='ltr'>novis</span> <span class='ocrx_word' id='word_1_44' title='bbox 575 532 759 575; x_wconf 82' lang='lat' dir='ltr'>deductis,</span> <span class='ocrx_word' id='word_1_45' title='bbox 791 532 840 570; x_wconf 86' lang='lat' dir='ltr'>Q.</span> <span class='ocrx_word' id='word_1_46' title='bbox 870 531 1010 568; x_wconf 86' lang='lat' dir='ltr'>Fabius</span> <span class='ocrx_word' id='word_1_47' title='bbox 1044 533 1200 569; x_wconf 80' lang='lat' dir='ltr'>comitia</span> <span class='ocrx_word' id='word_1_48' title='bbox 1229 533 1449 569; x_wconf 85' lang='lat' dir='ltr'>censoribus</span> 
     </span>
    </p>

    <p class='ocr_par' dir='ltr' id='par_1_5' title="bbox 113 595 1453 646">
     <span class='ocr_line' id='line_1_8' title="bbox 113 595 1453 646; baseline 0 -13"><span class='ocrx_word' id='word_1_49' title='bbox 113 610 266 641; x_wconf 82' lang='lat' dir='ltr'>Censores</span> <span class='ocrx_word' id='word_1_50' title='bbox 331 597 500 633; x_wconf 80' lang='lat' dir='ltr'>creandis</span> <span class='ocrx_word' id='word_1_51' title='bbox 532 595 688 632; x_wconf 83' lang='lat' dir='ltr'>habuit:</span> <span class='ocrx_word' id='word_1_52' title='bbox 732 596 849 632; x_wconf 86' lang='lat' dir='ltr'>creati</span> <span class='ocrx_word' id='word_1_53' title='bbox 878 595 936 632; x_wconf 87' lang='lat' dir='ltr'>M.</span> <span class='ocrx_word' id='word_1_54' title='bbox 962 596 1102 633; x_wconf 79' lang='lat' dir='ltr'>Atilius</span> <span class='ocrx_word' id='word_1_55' title='bbox 1135 596 1306 646; x_wconf 87' lang='lat' dir='ltr'>Regulus</span> <span class='ocrx_word' id='word_1_56' title='bbox 1336 603 1375 633; x_wconf 89' lang='lat' dir='ltr'>et</span> <span class='ocrx_word' id='word_1_57' title='bbox 1405 597 1453 638; x_wconf 84' lang='lat' dir='ltr'>P.</span> 
     </span>
    </p>

    <p class='ocr_par' dir='ltr' id='par_1_6' title="bbox 114 653 1451 726">
     <span class='ocr_line' id='line_1_9' title="bbox 114 653 1451 726; baseline 0.001 -29"><span class='ocrx_word' id='word_1_58' title='bbox 114 653 307 726; x_wconf 47' lang='grc' dir='ltr'>ἓῖἐὶῗξὲξν</span> <span class='ocrx_word' id='word_1_59' title='bbox 329 661 464 697; x_wconf 82' lang='lat' dir='ltr'>Furius</span> <span class='ocrx_word' id='word_1_60' title='bbox 485 660 629 696; x_wconf 84' lang='lat' dir='ltr'>Philus.</span> <span class='ocrx_word' id='word_1_61' title='bbox 676 660 806 699; x_wconf 87' lang='lat' dir='ltr'>Quum</span> <span class='ocrx_word' id='word_1_62' title='bbox 832 660 1127 697; x_wconf 86' lang='lat' dir='ltr'>increbresceret</span> <span class='ocrx_word' id='word_1_63' title='bbox 1146 673 1289 705; x_wconf 87' lang='lat' dir='ltr'>rumor,</span> <span class='ocrx_word' id='word_1_64' title='bbox 1308 660 1451 698; x_wconf 86' lang='lat' dir='ltr'>bellum</span> 
     </span>
    </p>

    <p class='ocr_par' dir='ltr' id='par_1_7' title="bbox 141 715 1450 776">
     <span class='ocr_line' id='line_1_10' title="bbox 141 715 1450 776; baseline 0 -14"><span class='ocrx_word' id='word_1_65' title='bbox 141 717 149 726; x_wconf 59' lang='lat'>⁸</span> <span class='ocrx_word' id='word_1_66' title='bbox 283 715 290 723; x_wconf 58' lang='lat'><em>⁰</em></span> <span class='ocrx_word' id='word_1_67' title='bbox 329 727 369 762; x_wconf 89' lang='lat' dir='ltr'>in</span> <span class='ocrx_word' id='word_1_68' title='bbox 397 725 525 762; x_wconf 79' lang='lat' dir='ltr'>Sicilia</span> <span class='ocrx_word' id='word_1_69' title='bbox 551 737 648 768; x_wconf 89' lang='lat' dir='ltr'>esse,</span> <span class='ocrx_word' id='word_1_70' title='bbox 668 724 713 761; x_wconf 89' lang='lat' dir='ltr'>T.</span> <span class='ocrx_word' id='word_1_71' title='bbox 735 724 922 761; x_wconf 82' lang='lat' dir='ltr'>Otacilius</span> <span class='ocrx_word' id='word_1_72' title='bbox 943 738 988 761; x_wconf 92' lang='lat' dir='ltr'>eo</span> <span class='ocrx_word' id='word_1_73' title='bbox 1015 738 1101 761; x_wconf 89' lang='lat' dir='ltr'>cum</span> <span class='ocrx_word' id='word_1_74' title='bbox 1123 725 1242 762; x_wconf 86' lang='lat' dir='ltr'>classe</span> <span class='ocrx_word' id='word_1_75' title='bbox 1261 725 1450 776; x_wconf 87' lang='lat' dir='ltr'>proficisci</span> 
     </span>
    </p>

    <p class='ocr_par' dir='ltr' id='par_1_8' title="bbox 322 788 1449 840">
     <span class='ocr_line' id='line_1_11' title="bbox 322 788 1449 840; baseline -0.002 -13"><span class='ocrx_word' id='word_1_76' title='bbox 322 789 452 840; x_wconf 82' lang='lat' dir='ltr'>jussus</span> <span class='ocrx_word' id='word_1_77' title='bbox 483 795 550 824; x_wconf 85' lang='lat' dir='ltr'>est.</span> <span class='ocrx_word' id='word_1_78' title='bbox 599 789 727 827; x_wconf 86' lang='lat' dir='ltr'>Quum</span> <span class='ocrx_word' id='word_1_79' title='bbox 757 788 932 824; x_wconf 87' lang='lat' dir='ltr'>deessent</span> <span class='ocrx_word' id='word_1_80' title='bbox 957 795 1097 832; x_wconf 82' lang='lat' dir='ltr'>nantae,</span> <span class='ocrx_word' id='word_1_81' title='bbox 1126 789 1300 825; x_wconf 89' lang='lat' dir='ltr'>consules</span> <span class='ocrx_word' id='word_1_82' title='bbox 1324 802 1370 825; x_wconf 87' lang='lat' dir='ltr'>ex</span> <span class='ocrx_word' id='word_1_83' title='bbox 1390 801 1449 825; x_wconf 86' lang='lat' dir='ltr'>se-</span> 
     </span>
    </p>

    <p class='ocr_par' dir='ltr' id='par_1_9' title="bbox 328 852 1449 900">
     <span class='ocr_line' id='line_1_12' title="bbox 328 852 1449 900; baseline -0.001 -10"><span class='ocrx_word' id='word_1_84' title='bbox 328 852 620 890; x_wconf 84' lang='lat' dir='ltr'>natusconsulto</span> <span class='ocrx_word' id='word_1_85' title='bbox 641 853 853 895; x_wconf 81' lang='lat' dir='ltr'>edixerunt,</span> <span class='ocrx_word' id='word_1_86' title='bbox 875 858 928 895; x_wconf 80' lang='lat' dir='ltr'>ut,</span> <span class='ocrx_word' id='word_1_87' title='bbox 951 855 1023 900; x_wconf 81' lang='lat' dir='ltr'>qui,</span> <span class='ocrx_word' id='word_1_88' title='bbox 1048 853 1092 889; x_wconf 95' lang='lat' dir='ltr'>L.</span> <span class='ocrx_word' id='word_1_89' title='bbox 1114 854 1282 896; x_wconf 72' lang='lat' dir='ltr'>AEmilio,</span> <span class='ocrx_word' id='word_1_90' title='bbox 1307 853 1344 889; x_wconf 92' lang='lat' dir='ltr'>C.</span> <span class='ocrx_word' id='word_1_91' title='bbox 1362 854 1449 889; x_wconf 72' lang='lat' dir='ltr'>fla-</span> 
     </span>
    </p>

    <p class='ocr_par' dir='ltr' id='par_1_10' title="bbox 328 917 1449 964">
     <span class='ocr_line' id='line_1_13' title="bbox 328 917 1449 964; baseline 0 -11"><span class='ocrx_word' id='word_1_92' title='bbox 328 919 441 953; x_wconf 81' lang='lat' dir='ltr'>minio</span> <span class='ocrx_word' id='word_1_93' title='bbox 467 917 676 958; x_wconf 77' lang='lat' dir='ltr'>censoribus,</span> <span class='ocrx_word' id='word_1_94' title='bbox 704 917 860 951; x_wconf 78' lang='lat' dir='ltr'>millibus</span> <span class='ocrx_word' id='word_1_95' title='bbox 885 918 965 952; x_wconf 79' lang='lat' dir='ltr'>ceris</span> <span class='ocrx_word' id='word_1_96' title='bbox 991 918 1252 964; x_wconf 73' lang='lat' dir='ltr'>quinquaginta</span> <span class='ocrx_word' id='word_1_97' title='bbox 1282 919 1354 964; x_wconf 83' lang='lat' dir='ltr'>ipse</span> <span class='ocrx_word' id='word_1_98' title='bbox 1383 922 1449 954; x_wconf 78' lang='lat' dir='ltr'>aut</span> 
     </span>
    </p>

    <p class='ocr_par' dir='ltr' id='par_1_11' title="bbox 325 979 1527 1030">
     <span class='ocr_line' id='line_1_14' title="bbox 325 979 1527 1030; baseline -0.002 -12"><span class='ocrx_word' id='word_1_99' title='bbox 325 987 434 1030; x_wconf 77' lang='lat' dir='ltr'>pater</span> <span class='ocrx_word' id='word_1_100' title='bbox 459 980 532 1027; x_wconf 81' lang='lat' dir='ltr'>ejus</span> <span class='ocrx_word' id='word_1_101' title='bbox 558 993 677 1016; x_wconf 76' lang='lat' dir='ltr'>census</span> <span class='ocrx_word' id='word_1_102' title='bbox 694 979 843 1029; x_wconf 79' lang='lat' dir='ltr'>fuisset,</span> <span class='ocrx_word' id='word_1_103' title='bbox 871 992 980 1027; x_wconf 81' lang='lat' dir='ltr'>usque</span> <span class='ocrx_word' id='word_1_104' title='bbox 998 981 1046 1015; x_wconf 84' lang='lat' dir='ltr'>ad</span> <span class='ocrx_word' id='word_1_105' title='bbox 1071 985 1211 1016; x_wconf 78' lang='lat' dir='ltr'>centum</span> <span class='ocrx_word' id='word_1_106' title='bbox 1233 981 1364 1024; x_wconf 79' lang='lat' dir='ltr'>millia,</span> <span class='ocrx_word' id='word_1_107' title='bbox 1385 985 1451 1016; x_wconf 79' lang='lat' dir='ltr'>aut</span> <span class='ocrx_word' id='word_1_108' title='bbox 1522 986 1527 1024; x_wconf 69' lang='lat'><em>5</em></span> 
     </span>
    </p>

    <p class='ocr_par' dir='ltr' id='par_1_12' title="bbox 329 1043 1451 1094">
     <span class='ocr_line' id='line_1_15' title="bbox 329 1043 1451 1094; baseline -0.001 -12"><span class='ocrx_word' id='word_1_109' title='bbox 329 1048 385 1082; x_wconf 85' lang='lat' dir='ltr'>cui</span> <span class='ocrx_word' id='word_1_110' title='bbox 403 1050 528 1094; x_wconf 77' lang='lat' dir='ltr'>postea</span> <span class='ocrx_word' id='word_1_111' title='bbox 549 1057 603 1080; x_wconf 82' lang='lat' dir='ltr'>res</span> <span class='ocrx_word' id='word_1_112' title='bbox 623 1049 726 1079; x_wconf 77' lang='lat' dir='ltr'>tanta</span> <span class='ocrx_word' id='word_1_113' title='bbox 745 1049 832 1079; x_wconf 79' lang='lat' dir='ltr'>esset</span> <span class='ocrx_word' id='word_1_114' title='bbox 848 1043 974 1092; x_wconf 77' lang='lat' dir='ltr'>facta,</span> <span class='ocrx_word' id='word_1_115' title='bbox 995 1049 1146 1080; x_wconf 80' lang='lat' dir='ltr'>nautam</span> <span class='ocrx_word' id='word_1_116' title='bbox 1165 1057 1275 1080; x_wconf 80' lang='lat' dir='ltr'>unum</span> <span class='ocrx_word' id='word_1_117' title='bbox 1294 1057 1373 1081; x_wconf 78' lang='lat' dir='ltr'>cum</span> <span class='ocrx_word' id='word_1_118' title='bbox 1391 1057 1451 1081; x_wconf 74' lang='lat' dir='ltr'>sex</span> 
     </span>
    </p>
   </div>
   <div class='ocr_carea' id='block_1_2' title="bbox 111 1109 1447 1192">
    <p class='ocr_par' dir='ltr' id='par_1_13' title="bbox 111 1109 1447 1192">
     <span class='ocr_line' id='line_1_16' title="bbox 112 1109 1447 1158; baseline -0.001 -10"><span class='ocrx_word' id='word_1_119' title='bbox 112 1109 230 1158; x_wconf 60' lang='lat' dir='ltr'>Najdtfl?</span> <span class='ocrx_word' id='word_1_120' title='bbox 242 1109 304 1148; x_wconf 81' lang='lat' dir='ltr'>pri·</span> <span class='ocrx_word' id='word_1_121' title='bbox 327 1113 498 1147; x_wconf 79' lang='lat' dir='ltr'>mensium</span> <span class='ocrx_word' id='word_1_122' title='bbox 531 1111 711 1158; x_wconf 73' lang='lat' dir='ltr'>stipendio</span> <span class='ocrx_word' id='word_1_123' title='bbox 745 1111 876 1145; x_wconf 66' lang='lat' dir='ltr'>claret:</span> <span class='ocrx_word' id='word_1_124' title='bbox 913 1111 973 1156; x_wconf 81' lang='lat' dir='ltr'>qui</span> <span class='ocrx_word' id='word_1_125' title='bbox 1004 1122 1115 1157; x_wconf 81' lang='lat' dir='ltr'>supra</span> <span class='ocrx_word' id='word_1_126' title='bbox 1148 1115 1288 1146; x_wconf 77' lang='lat' dir='ltr'>eentum</span> <span class='ocrx_word' id='word_1_127' title='bbox 1315 1111 1447 1153; x_wconf 80' lang='lat' dir='ltr'>millia,</span> 
     </span>
     <span class='ocr_line' id='line_1_17' title="bbox 111 1160 316 1192; baseline 0 -10"><span class='ocrx_word' id='word_1_128' title='bbox 111 1160 190 1183; x_wconf 75' lang='lat' dir='ltr'>vatis</span> <span class='ocrx_word' id='word_1_129' title='bbox 215 1162 316 1192; x_wconf 73' lang='lat' dir='ltr'>impe-</span> 
     </span>
    </p>
   </div>
   <div class='ocr_carea' id='block_1_3' title="bbox 113 1175 1449 1225">
    <p class='ocr_par' dir='ltr' id='par_1_14' title="bbox 113 1175 1449 1225">
     <span class='ocr_line' id='line_1_18' title="bbox 113 1175 1449 1225; baseline -0.001 -13"><span class='ocrx_word' id='word_1_130' title='bbox 113 1196 180 1225; x_wconf 80' lang='lat' dir='ltr'>rati.</span> <span class='ocrx_word' id='word_1_131' title='bbox 328 1188 437 1224; x_wconf 79' lang='lat' dir='ltr'>usque</span> <span class='ocrx_word' id='word_1_132' title='bbox 470 1177 517 1211; x_wconf 81' lang='lat' dir='ltr'>ad</span> <span class='ocrx_word' id='word_1_133' title='bbox 552 1179 708 1211; x_wconf 71' lang='lat' dir='ltr'>trecenta</span> <span class='ocrx_word' id='word_1_134' title='bbox 737 1175 869 1216; x_wconf 78' lang='lat' dir='ltr'>millia,</span> <span class='ocrx_word' id='word_1_135' title='bbox 902 1179 972 1209; x_wconf 84' lang='lat' dir='ltr'>tres</span> <span class='ocrx_word' id='word_1_136' title='bbox 1001 1179 1132 1210; x_wconf 77' lang='lat' dir='ltr'>nautas</span> <span class='ocrx_word' id='word_1_137' title='bbox 1164 1187 1244 1210; x_wconf 79' lang='lat' dir='ltr'>cum</span> <span class='ocrx_word' id='word_1_138' title='bbox 1272 1176 1449 1223; x_wconf 75' lang='lat' dir='ltr'>stipendio</span> 
     </span>
    </p>
   </div>
   <div class='ocr_carea' id='block_1_4' title="bbox 326 1239 1525 1416">
    <p class='ocr_par' dir='ltr' id='par_1_15' title="bbox 326 1239 1525 1416">
     <span class='ocr_line' id='line_1_19' title="bbox 327 1239 1446 1288; baseline -0.002 -12"><span class='ocrx_word' id='word_1_139' title='bbox 327 1252 466 1276; x_wconf 70' lang='lat' dir='ltr'>mutuo:</span> <span class='ocrx_word' id='word_1_140' title='bbox 496 1241 557 1288; x_wconf 80' lang='lat' dir='ltr'>qni</span> <span class='ocrx_word' id='word_1_141' title='bbox 574 1252 685 1287; x_wconf 78' lang='lat' dir='ltr'>snpra</span> <span class='ocrx_word' id='word_1_142' title='bbox 706 1243 862 1275; x_wconf 77' lang='lat' dir='ltr'>trecenta</span> <span class='ocrx_word' id='word_1_143' title='bbox 880 1239 1012 1281; x_wconf 66' lang='lat' dir='ltr'>millia,</span> <span class='ocrx_word' id='word_1_144' title='bbox 1032 1251 1141 1287; x_wconf 78' lang='lat' dir='ltr'>usque</span> <span class='ocrx_word' id='word_1_145' title='bbox 1159 1240 1207 1275; x_wconf 70' lang='lat' dir='ltr'>acl</span> <span class='ocrx_word' id='word_1_146' title='bbox 1226 1240 1337 1275; x_wconf 80' lang='lat' dir='ltr'>decies</span> <span class='ocrx_word' id='word_1_147' title='bbox 1354 1240 1446 1281; x_wconf 76' lang='lat' dir='ltr'>ceris,</span> 
     </span>
     <span class='ocr_line' id='line_1_20' title="bbox 326 1304 1447 1353; baseline -0.003 -12"><span class='ocrx_word' id='word_1_148' title='bbox 326 1308 479 1353; x_wconf 78' lang='lat' dir='ltr'>quinque</span> <span class='ocrx_word' id='word_1_149' title='bbox 503 1309 660 1341; x_wconf 74' lang='lat' dir='ltr'>nautas:</span> <span class='ocrx_word' id='word_1_150' title='bbox 689 1306 750 1352; x_wconf 77' lang='lat' dir='ltr'>qui</span> <span class='ocrx_word' id='word_1_151' title='bbox 777 1316 888 1351; x_wconf 82' lang='lat' dir='ltr'>supra</span> <span class='ocrx_word' id='word_1_152' title='bbox 916 1304 1042 1346; x_wconf 78' lang='lat' dir='ltr'>decies,</span> <span class='ocrx_word' id='word_1_153' title='bbox 1072 1309 1233 1351; x_wconf 77' lang='lat' dir='ltr'>septem:</span> <span class='ocrx_word' id='word_1_154' title='bbox 1268 1308 1447 1339; x_wconf 76' lang='lat' dir='ltr'>senatores</span> 
     </span>
     <span class='ocr_line' id='line_1_21' title="bbox 326 1367 1525 1416; baseline -0.003 -11"><span class='ocrx_word' id='word_1_155' title='bbox 326 1375 405 1406; x_wconf 88' lang='lat' dir='ltr'>octo</span> <span class='ocrx_word' id='word_1_156' title='bbox 436 1375 566 1405; x_wconf 77' lang='lat' dir='ltr'>nautas</span> <span class='ocrx_word' id='word_1_157' title='bbox 599 1381 679 1404; x_wconf 72' lang='lat' dir='ltr'>cuni</span> <span class='ocrx_word' id='word_1_158' title='bbox 711 1380 830 1404; x_wconf 79' lang='lat' dir='ltr'>annuo</span> <span class='ocrx_word' id='word_1_159' title='bbox 865 1369 1044 1416; x_wconf 79' lang='lat' dir='ltr'>stipendio</span> <span class='ocrx_word' id='word_1_160' title='bbox 1080 1369 1218 1404; x_wconf 80' lang='lat' dir='ltr'>darent.</span> <span class='ocrx_word' id='word_1_161' title='bbox 1274 1367 1337 1402; x_wconf 80' lang='lat' dir='ltr'>Ex</span> <span class='ocrx_word' id='word_1_162' title='bbox 1372 1367 1447 1402; x_wconf 87' lang='lat' dir='ltr'>hoc</span> <span class='ocrx_word' id='word_1_163' title='bbox 1522 1379 1525 1396; x_wconf 81' lang='lat'><em>¹</em></span> 
     </span>
    </p>
   </div>
   <div class='ocr_carea' id='block_1_5' title="bbox 108 1431 1443 2315">
    <p class='ocr_par' dir='ltr' id='par_1_16' title="bbox 324 1431 1443 1729">
     <span class='ocr_line' id='line_1_22' title="bbox 326 1431 1442 1480; baseline -0.003 -11"><span class='ocrx_word' id='word_1_164' title='bbox 326 1433 451 1469; x_wconf 83' lang='lat' dir='ltr'>edicto</span> <span class='ocrx_word' id='word_1_165' title='bbox 475 1433 553 1468; x_wconf 84' lang='lat' dir='ltr'>dati</span> <span class='ocrx_word' id='word_1_166' title='bbox 581 1438 722 1475; x_wconf 80' lang='lat' dir='ltr'>nautae,</span> <span class='ocrx_word' id='word_1_167' title='bbox 751 1432 887 1468; x_wconf 85' lang='lat' dir='ltr'>armati</span> <span class='ocrx_word' id='word_1_168' title='bbox 916 1432 1167 1480; x_wconf 82' lang='lat' dir='ltr'>instructique</span> <span class='ocrx_word' id='word_1_169' title='bbox 1193 1431 1240 1467; x_wconf 86' lang='lat' dir='ltr'>ab</span> <span class='ocrx_word' id='word_1_170' title='bbox 1265 1431 1442 1473; x_wconf 58' lang='lat' dir='ltr'>dominis.</span> 
     </span>
     <span class='ocr_line' id='line_1_23' title="bbox 325 1494 1443 1544; baseline -0.002 -12"><span class='ocrx_word' id='word_1_171' title='bbox 325 1509 411 1532; x_wconf 87' lang='lat' dir='ltr'>curn</span> <span class='ocrx_word' id='word_1_172' title='bbox 432 1497 589 1544; x_wconf 80' lang='lat' dir='ltr'>triginta</span> <span class='ocrx_word' id='word_1_173' title='bbox 609 1496 754 1532; x_wconf 87' lang='lat' dir='ltr'>dierum</span> <span class='ocrx_word' id='word_1_174' title='bbox 775 1496 893 1531; x_wconf 87' lang='lat' dir='ltr'>coctis</span> <span class='ocrx_word' id='word_1_175' title='bbox 915 1495 1065 1531; x_wconf 84' lang='lat' dir='ltr'>cibariis</span> <span class='ocrx_word' id='word_1_176' title='bbox 1081 1508 1195 1531; x_wconf 87' lang='lat' dir='ltr'>naves</span> <span class='ocrx_word' id='word_1_177' title='bbox 1212 1494 1443 1530; x_wconf 85' lang='lat' dir='ltr'>conscende-</span> 
     </span>
     <span class='ocr_line' id='line_1_24' title="bbox 325 1558 1443 1609; baseline -0.001 -14"><span class='ocrx_word' id='word_1_178' title='bbox 325 1566 426 1596; x_wconf 88' lang='lat' dir='ltr'>runt.</span> <span class='ocrx_word' id='word_1_179' title='bbox 483 1559 582 1595; x_wconf 88' lang='lat' dir='ltr'>Tum</span> <span class='ocrx_word' id='word_1_180' title='bbox 611 1560 775 1609; x_wconf 87' lang='lat' dir='ltr'>primum</span> <span class='ocrx_word' id='word_1_181' title='bbox 798 1566 855 1595; x_wconf 87' lang='lat' dir='ltr'>est</span> <span class='ocrx_word' id='word_1_182' title='bbox 873 1558 1031 1602; x_wconf 86' lang='lat' dir='ltr'>factum,</span> <span class='ocrx_word' id='word_1_183' title='bbox 1052 1566 1094 1595; x_wconf 83' lang='lat' dir='ltr'>ut</span> <span class='ocrx_word' id='word_1_184' title='bbox 1118 1559 1245 1595; x_wconf 85' lang='lat' dir='ltr'>classis</span> <span class='ocrx_word' id='word_1_185' title='bbox 1265 1558 1443 1594; x_wconf 79' lang='lat' dir='ltr'>Romana</span> 
     </span>
     <span class='ocr_line' id='line_1_25' title="bbox 325 1621 1441 1673; baseline 0 -15"><span class='ocrx_word' id='word_1_186' title='bbox 325 1624 437 1659; x_wconf 87' lang='lat' dir='ltr'>sociis</span> <span class='ocrx_word' id='word_1_187' title='bbox 467 1622 664 1659; x_wconf 84' lang='lat' dir='ltr'>navalibus</span> <span class='ocrx_word' id='word_1_188' title='bbox 698 1624 846 1673; x_wconf 83' lang='lat' dir='ltr'>privata</span> <span class='ocrx_word' id='word_1_189' title='bbox 873 1624 1033 1672; x_wconf 87' lang='lat' dir='ltr'>inpensa</span> <span class='ocrx_word' id='word_1_190' title='bbox 1061 1623 1202 1673; x_wconf 88' lang='lat' dir='ltr'>paratis</span> <span class='ocrx_word' id='word_1_191' title='bbox 1234 1621 1441 1673; x_wconf 79' lang='lat' dir='ltr'>complere-</span> 
     </span>
     <span class='ocr_line' id='line_1_26' title="bbox 324 1696 1192 1729; baseline -0.001 -6"><span class='ocrx_word' id='word_1_192' title='bbox 324 1696 398 1724; x_wconf 82' lang='lat' dir='ltr'>tur.</span> <span class='ocrx_word' id='word_1_193' title='bbox 1185 1724 1192 1729; x_wconf 63' lang='grc'>,</span> 
     </span>
    </p>

    <p class='ocr_par' dir='ltr' id='par_1_17' title="bbox 108 1749 1443 1806">
     <span class='ocr_line' id='line_1_27' title="bbox 108 1749 1443 1806; baseline -0.001 -18"><span class='ocrx_word' id='word_1_194' title='bbox 108 1754 279 1806; x_wconf 48' lang='grc' dir='ltr'>Ἱζετῐέηῑψ</span> <span class='ocrx_word' id='word_1_195' title='bbox 378 1751 474 1788; x_wconf 89' lang='lat' dir='ltr'>XII.</span> <span class='ocrx_word' id='word_1_196' title='bbox 505 1751 582 1788; x_wconf 90' lang='lat' dir='ltr'>Hic</span> <span class='ocrx_word' id='word_1_197' title='bbox 610 1749 734 1800; x_wconf 86' lang='lat' dir='ltr'>major</span> <span class='ocrx_word' id='word_1_198' title='bbox 762 1750 876 1787; x_wconf 84' lang='lat' dir='ltr'>solito</span> <span class='ocrx_word' id='word_1_199' title='bbox 906 1752 1107 1801; x_wconf 80' lang='lat' dir='ltr'>adparatus</span> <span class='ocrx_word' id='word_1_200' title='bbox 1133 1752 1321 1801; x_wconf 86' lang='lat' dir='ltr'>praecipue</span> <span class='ocrx_word' id='word_1_201' title='bbox 1350 1763 1443 1787; x_wconf 85' lang='lat' dir='ltr'>con·</span> 
     </span>
    </p>

    <p class='ocr_par' dir='ltr' id='par_1_18' title="bbox 109 1799 1442 2315">
     <span class='ocr_line' id='line_1_28' title="bbox 109 1799 1442 1868; baseline -0.004 -13"><span class='ocrx_word' id='word_1_202' title='bbox 109 1799 278 1836; x_wconf 63' lang='lat' dir='ltr'>tampam.</span> <span class='ocrx_word' id='word_1_203' title='bbox 324 1819 459 1855; x_wconf 86' lang='lat' dir='ltr'>terruit</span> <span class='ocrx_word' id='word_1_204' title='bbox 489 1819 720 1868; x_wconf 85' lang='lat' dir='ltr'>Campanos,</span> <span class='ocrx_word' id='word_1_205' title='bbox 747 1830 795 1853; x_wconf 87' lang='lat' dir='ltr'>ne</span> <span class='ocrx_word' id='word_1_206' title='bbox 825 1817 872 1853; x_wconf 85' lang='lat' dir='ltr'>ab</span> <span class='ocrx_word' id='word_1_207' title='bbox 902 1817 1101 1852; x_wconf 83' lang='lat' dir='ltr'>obsidione</span> <span class='ocrx_word' id='word_1_208' title='bbox 1132 1817 1271 1865; x_wconf 82' lang='lat' dir='ltr'>Capuae</span> <span class='ocrx_word' id='word_1_209' title='bbox 1300 1814 1442 1851; x_wconf 83' lang='lat' dir='ltr'>bellum</span> 
     </span>
     <span class='ocr_line' id='line_1_29' title="bbox 322 1877 1442 1931; baseline -0.004 -14"><span class='ocrx_word' id='word_1_210' title='bbox 322 1881 402 1931; x_wconf 83' lang='lat' dir='ltr'>ejus</span> <span class='ocrx_word' id='word_1_211' title='bbox 441 1882 528 1917; x_wconf 84' lang='lat' dir='ltr'>anni</span> <span class='ocrx_word' id='word_1_212' title='bbox 567 1881 736 1917; x_wconf 84' lang='lat' dir='ltr'>Romani</span> <span class='ocrx_word' id='word_1_213' title='bbox 772 1881 1010 1930; x_wconf 76' lang='lat' dir='ltr'>inciperent:</span> <span class='ocrx_word' id='word_1_214' title='bbox 1057 1880 1185 1928; x_wconf 84' lang='lat' dir='ltr'>itaque</span> <span class='ocrx_word' id='word_1_215' title='bbox 1216 1878 1361 1927; x_wconf 87' lang='lat' dir='ltr'>legatos</span> <span class='ocrx_word' id='word_1_216' title='bbox 1395 1877 1442 1914; x_wconf 81' lang='lat' dir='ltr'>ad</span> 
     </span>
     <span class='ocr_line' id='line_1_30' title="bbox 321 1942 1438 1992; baseline -0.004 -11"><span class='ocrx_word' id='word_1_217' title='bbox 321 1944 580 1982; x_wconf 81' lang='lat' dir='ltr'>Hannibalem</span> <span class='ocrx_word' id='word_1_218' title='bbox 598 1951 746 1980; x_wconf 84' lang='lat' dir='ltr'>oratum</span> <span class='ocrx_word' id='word_1_219' title='bbox 762 1945 959 1986; x_wconf 83' lang='lat' dir='ltr'>miserunt,</span> <span class='ocrx_word' id='word_1_220' title='bbox 980 1949 1023 1979; x_wconf 86' lang='lat' dir='ltr'>ut</span> <span class='ocrx_word' id='word_1_221' title='bbox 1044 1943 1213 1992; x_wconf 81' lang='lat' dir='ltr'>Capuam</span> <span class='ocrx_word' id='word_1_222' title='bbox 1234 1942 1438 1978; x_wconf 74' lang='lat' dir='ltr'>exercitum</span> 
     </span>
     <span class='ocr_line' id='line_1_31' title="bbox 322 2006 1438 2056; baseline -0.004 -11"><span class='ocrx_word' id='word_1_223' title='bbox 322 2010 557 2045; x_wconf 84' lang='lat' dir='ltr'>admoveret:</span> <span class='ocrx_word' id='word_1_224' title='bbox 589 2010 637 2044; x_wconf 76' lang='lat' dir='ltr'>ad</span> <span class='ocrx_word' id='word_1_225' title='bbox 655 2021 734 2044; x_wconf 79' lang='lat' dir='ltr'>eam</span> <span class='ocrx_word' id='word_1_226' title='bbox 753 2009 1028 2056; x_wconf 68' lang='lat' dir='ltr'>obpugnandam</span> <span class='ocrx_word' id='word_1_227' title='bbox 1043 2020 1149 2043; x_wconf 80' lang='lat' dir='ltr'>novos</span> <span class='ocrx_word' id='word_1_228' title='bbox 1168 2008 1340 2043; x_wconf 74' lang='lat' dir='ltr'>exercitus</span> <span class='ocrx_word' id='word_1_229' title='bbox 1352 2006 1438 2040; x_wconf 72' lang='lat' dir='ltr'>scri-</span> 
     </span>
     <span class='ocr_line' id='line_1_32' title="bbox 320 2070 1439 2120; baseline -0.004 -12"><span class='ocrx_word' id='word_1_230' title='bbox 320 2074 354 2109; x_wconf 75' lang='lat' dir='ltr'>bi</span> <span class='ocrx_word' id='word_1_231' title='bbox 374 2073 518 2115; x_wconf 82' lang='lat' dir='ltr'>Romoe,·</span> <span class='ocrx_word' id='word_1_232' title='bbox 543 2085 606 2108; x_wconf 86' lang='lat' dir='ltr'>nec</span> <span class='ocrx_word' id='word_1_233' title='bbox 624 2073 733 2108; x_wconf 79' lang='lat' dir='ltr'>ullius</span> <span class='ocrx_word' id='word_1_234' title='bbox 750 2073 846 2107; x_wconf 82' lang='lat' dir='ltr'>urbis</span> <span class='ocrx_word' id='word_1_235' title='bbox 866 2071 1058 2120; x_wconf 77' lang='lat' dir='ltr'>defectioni</span> <span class='ocrx_word' id='word_1_236' title='bbox 1076 2073 1189 2118; x_wconf 82' lang='lat' dir='ltr'>magis</span> <span class='ocrx_word' id='word_1_237' title='bbox 1208 2070 1362 2119; x_wconf 82' lang='lat' dir='ltr'>infensos</span> <span class='ocrx_word' id='word_1_238' title='bbox 1381 2080 1439 2104; x_wconf 88' lang='lat' dir='ltr'>eo·</span> 
     </span>
     <span class='ocr_line' id='line_1_33' title="bbox 319 2133 1436 2184; baseline -0.004 -12"><span class='ocrx_word' id='word_1_239' title='bbox 319 2149 400 2173; x_wconf 80' lang='lat' dir='ltr'>rum</span> <span class='ocrx_word' id='word_1_240' title='bbox 429 2137 566 2172; x_wconf 82' lang='lat' dir='ltr'>animos</span> <span class='ocrx_word' id='word_1_241' title='bbox 593 2147 673 2172; x_wconf 81' lang='lat' dir='ltr'>esse.</span> <span class='ocrx_word' id='word_1_242' title='bbox 731 2135 776 2171; x_wconf 90' lang='lat' dir='ltr'>Id</span> <span class='ocrx_word' id='word_1_243' title='bbox 800 2137 889 2184; x_wconf 87' lang='lat' dir='ltr'>quia</span> <span class='ocrx_word' id='word_1_244' title='bbox 916 2142 996 2172; x_wconf 79' lang='lat' dir='ltr'>tam</span> <span class='ocrx_word' id='word_1_245' title='bbox 1024 2135 1159 2184; x_wconf 85' lang='lat' dir='ltr'>trepidi</span> <span class='ocrx_word' id='word_1_246' title='bbox 1189 2133 1436 2176; x_wconf 83' lang='lat' dir='ltr'>nunciabant,</span> 
     </span>
     <span class='ocr_line' id='line_1_34' title="bbox 320 2196 1433 2249; baseline -0.003 -14"><span class='ocrx_word' id='word_1_247' title='bbox 320 2199 585 2236; x_wconf 81' lang='lat' dir='ltr'>maturandum</span> <span class='ocrx_word' id='word_1_248' title='bbox 605 2198 802 2235; x_wconf 76' lang='lat' dir='ltr'>Hannibal</span> <span class='ocrx_word' id='word_1_249' title='bbox 822 2205 939 2242; x_wconf 80' lang='lat' dir='ltr'>ratus,</span> <span class='ocrx_word' id='word_1_250' title='bbox 956 2212 1002 2235; x_wconf 88' lang='lat' dir='ltr'>ne</span> <span class='ocrx_word' id='word_1_251' title='bbox 1022 2199 1271 2249; x_wconf 81' lang='lat' dir='ltr'>praevenirent</span> <span class='ocrx_word' id='word_1_252' title='bbox 1289 2196 1433 2232; x_wconf 78' lang='lat' dir='ltr'>Roma-</span> 
     </span>
     <span class='ocr_line' id='line_1_35' title="bbox 322 2261 1434 2315; baseline -0.003 -16"><span class='ocrx_word' id='word_1_253' title='bbox 322 2265 374 2308; x_wconf 76' lang='lat' dir='ltr'>ni,</span> <span class='ocrx_word' id='word_1_254' title='bbox 404 2264 597 2315; x_wconf 84' lang='lat' dir='ltr'>profectus</span> <span class='ocrx_word' id='word_1_255' title='bbox 626 2264 754 2314; x_wconf 86' lang='lat' dir='ltr'>Arpis,</span> <span class='ocrx_word' id='word_1_256' title='bbox 785 2264 832 2300; x_wconf 88' lang='lat' dir='ltr'>ad</span> <span class='ocrx_word' id='word_1_257' title='bbox 860 2264 991 2300; x_wconf 81' lang='lat' dir='ltr'>Tifata</span> <span class='ocrx_word' id='word_1_258' title='bbox 1016 2264 1056 2300; x_wconf 87' lang='lat' dir='ltr'>in</span> <span class='ocrx_word' id='word_1_259' title='bbox 1084 2261 1273 2300; x_wconf 83' lang='lat' dir='ltr'>veteribus</span> <span class='ocrx_word' id='word_1_260' title='bbox 1302 2261 1434 2299; x_wconf 62' lang='lat' dir='ltr'>castris</span> 
     </span>
    </p>
   </div>
   <div class='ocr_carea' id='block_1_6' title="bbox 0 2540 1527 2661">
    <p class='ocr_par' dir='ltr' id='par_1_19' title="bbox 0 2540 1527 2661">
     <span class='ocr_line' id='line_1_36' title="bbox 0 2540 1527 2661; baseline -0.002 3"><span class='ocrx_word' id='word_1_261' title='bbox 0 2540 1527 2661; x_wconf 38' lang='grc' dir='ltr'>Μ-*ψ-ῧ--Λ</span> 
     </span>
    </p>
   </div>
  </div>
 </body>
</html>
