1527 2661
378 203 530 233 mez
556 202 675 230 xxv.
709 199 814 229 cAP.
839 199 993 228 xvffl.
1156 187 1237 242 463

128 294 230 343 quod
257 307 355 343 aeger
383 293 515 330 Romae
542 291 640 342 apud
661 290 877 340 Crispinum
896 287 1037 324 Badius
1069 294 1156 323 ante
1176 288 1238 324 de·
1255 289 1294 319 U.
1309 287 1344 318 C
1361 296 1435 319 5⁴0.

128 360 332 395 fectionem
353 359 586 407 Campanam
606 353 812 392 liberaliter
836 352 1069 400 comiterque
1089 358 1239 387 curatus
1251 333 1290 365 A·
1304 332 1340 362 Ω·
1355 339 1428 362 Ἧ””

128 423 264 459 fuerat.
310 423 410 459 Tum
426 421 583 463 Badius,
599 430 819 470 progressus
836 423 925 454 ante
941 417 1139 460 stationes,
1158 429 1241 465 quae

127 499 198 537 pro
226 493 340 537 porta
370 486 536 529 stabant,
568 485 695 522 vocari
726 482 942 533 Crispinum
968 480 1108 531 jussit:
1141 480 1243 530 quod

128 551 192 587 ubi
213 558 270 588 est
289 552 468 602 Crispino
493 550 729 590 nunciatum,
750 553 853 583 ratus
877 545 1121 595 conloquium
1148 545 1243 581 ami-

129 628 216 652 cum
231 628 279 652 ac
297 616 482 652 familiare
502 615 632 664 quaeri,
653 619 831 649 manente
851 611 1047 653 memoria,
1069 611 1183 647 etiam
1203 610 1243 647 in

127 679 286 716 discidio
305 679 544 730 publicorum
564 675 764 720 foederum,
785 676 921 726 privati
940 674 1054 725 juriS,
1074 673 1243 724 paullum

129 755 150 778 a
164 743 296 780 ceteris
313 743 509 793 processit,
556 742 766 791 Postquam
782 741 820 775 in
834 746 1079 789 conspectum
1093 750 1242 781 venere,

129 807 289 842 Provoco
326 812 373 849 te,
403 806 542 855 inquit,
572 807 621 841 ad
653 817 829 854 pugnam,
863 803 1036 851 Crispine,
1073 801 1240 838 Badius:

126 871 401 907 conscendamus
426 883 544 919 equos,
571 870 807 918 submotisque
831 869 927 911 aliis,
953 872 1032 904 uter
1054 868 1144 903 bello
1169 879 1244 903 me-

127 935 199 971 lior
222 937 282 979 sit,
303 936 544 972 decernamus.
600 934 662 970 Ad
688 947 733 970 ea
760 933 970 983 CrispinuS,
997 944 1060 968 nec
1082 932 1161 975 sibi,
1181 944 1247 968 nec

127 1000 199 1042 illi,
220 1000 288 1043 ait,
309 1000 424 1036 hostes
440 1001 567 1043 deesse,
589 1001 624 1035 in
640 999 764 1048 quibus
781 999 951 1034 virtutem
966 997 1177 1033 ostendant:
1194 1009 1243 1039 se,

127 1065 268 1100 etiamsi
298 1066 337 1101 in
372 1066 448 1100 acie
477 1064 657 1106 obcurrat,
689 1064 967 1104 declinaturum,
997 1074 1041 1098 ne
1075 1061 1246 1110 hospitali

129 1129 222 1164 ccede
243 1129 408 1164 dextram
435 1129 570 1165 violet:
598 1138 876 1176 conversusque
909 1125 1052 1162 abibat.
1109 1124 1244 1161 Enim-

129 1203 220 1229 vero
238 1191 402 1229 ferocius
421 1198 504 1229 tum
524 1192 740 1242 Campanus
757 1191 951 1241 increpare
967 1188 1167 1226 mollitiem
1185 1189 1244 1238 ig-

127 1256 367 1306 naviamque,
395 1262 433 1292 et
459 1268 499 1292 se
518 1256 633 1305 digna
659 1254 799 1306 probra
823 1255 863 1290 in
889 1255 1080 1291 insontem
1098 1252 1244 1304 jacere,

128 1320 343 1369 hospitalem
372 1321 505 1358 hostem
530 1320 738 1370 adpellans,
763 1320 1060 1368 simulantemque
1082 1331 1244 1368 parcere,

128 1386 188 1420 cui
204 1387 295 1421 sciat
312 1398 440 1434 parem
457 1398 494 1422 se
511 1398 581 1422 non
600 1397 670 1421 esse
683 1402 695 1422 .·
722 1387 753 1422 si
774 1398 910 1434 parum
925 1385 1078 1433 publicis
1090 1384 1245 1433 foederi—

126 1449 192 1485 bus
208 1452 324 1498 ruptis
342 1452 496 1487 diremta
508 1452 614 1487 simul
630 1456 667 1486 et
682 1452 829 1499 privata
839 1450 930 1496 jura
948 1461 1017 1486 esse
1031 1454 1151 1498 putet,
1169 1450 1246 1485 Ba-

128 1514 229 1549 dium
251 1513 474 1563 Campanum
498 1515 538 1550 T.
555 1514 720 1555 Quinctio
742 1514 904 1562 Crispino
923 1513 1088 1550 Romano
1102 1514 1245 1562 pulum,

129 1578 264 1614 duobus
295 1579 501 1615 exercitibus
532 1579 767 1622 audientibus,
798 1581 1005 1615 renunciare
1042 1579 1246 1627 hospitium.

129 1643 236 1679 Nihil
259 1644 324 1679 sibi
350 1657 428 1680 cum
454 1656 494 1679 eo
521 1645 775 1685 consociatum,
801 1644 895 1679 nihil
908 1642 1131 1691 foederatum
1157 1643 1248 1678 hosti.

129 1719 211 1742 cum
230 1708 340 1750 hoste,
362 1707 459 1754 cujus
474 1710 635 1755 putrium
655 1721 698 1744 ac
713 1712 861 1756 penates
883 1708 1042 1756 publicos
1063 1709 1246 1755 privatos-

129 1784 196 1819 que
214 1772 456 1820 obpugnatum
481 1774 642 1808 venisset.
689 1773 731 1808 Sa·
750 1774 805 1808 vir
831 1777 931 1815 esset,
959 1774 1245 1820 congrederetur.

127 1833 208 1870 Diu
230 1841 473 1871 cunctantem
501 1835 719 1886 Crispinum
747 1835 944 1885 perpulere
972 1835 1167 1879 turmales,
1196 1848 1245 1872 ne

128 1899 271 1948 inpune
299 1898 480 1935 insultare
501 1900 736 1950 Campanum
763 1907 979 1950 pateretur:
1011 1901 1139 1950 itaque
1158 1909 1244 1937 tan-

128 1969 210 1999 tum
237 1969 420 2006 moratus,
441 1964 529 2000 dum
558 1965 804 2013 imperatores
835 1964 1062 2007 consuleret,
1087 1965 1244 2015 permit-

128 2031 302 2062 terentne
322 2027 393 2062 sibi
417 2033 523 2063 extra
542 2027 712 2063 ordinem
731 2029 768 2064 in
797 2035 1067 2078 provocantem
1094 2029 1243 2065 hostem

127 2103 311 2140 pugnare,
350 2092 532 2141 permissu
570 2105 700 2128 eorum
737 2105 841 2129 arma
879 2094 992 2143 cepit,
1031 2107 1243 2143 equumque

129 2155 364 2198 conscendit,
386 2162 424 2192 et
443 2156 619 2199 Badium,
640 2157 794 2193 nomine
813 2157 1058 2207 compellans,
1081 2158 1127 2194 ad
1147 2171 1243 2208 pug-

130 2230 219 2254 nam
245 2220 428 2255 evocavit.
484 2219 603 2256 Nulla
631 2233 738 2256 mora
765 2234 787 2256 a
811 2221 1008 2271 Campano
1028 2221 1129 2257 facta
1159 2223 1422 2262 est285ngulare

1255 2277 1366 2296 ΕΟΙΉΠ]
1384 2276 1451 2295 Cef-

131 2281 277 2318 infestis
295 2285 399 2332 equis
416 2291 700 2320 concurrerunt.
749 2285 945 2335 Crispinus
966 2298 1078 2335 supra
1093 2292 1240 2322 scutum
1256 2316 1373 2340 tamen.

130 2346 323 2384 sinistrum
344 2349 539 2384 humerum
560 2348 683 2384 Badio
702 2348 812 2385 hasta
832 2350 1034 2393 transfixit,
1057 2363 1240 2399 superque

648 2412 729 2448 X4
