1527 2661
430 183 587 212 LIBER
612 183 682 212 1x.
715 181 822 210 CAP.
844 181 984 211 XLVI·
1188 178 1239 224 73

130 287 226 312 care.
269 273 402 322 Itaque
422 287 468 310 ex
487 272 714 309 auctoritate
740 277 892 308 senatus
913 270 1032 307 latum
1051 270 1099 306 ad
1117 282 1239 320 popu·
1254 275 1292 304 U.
1305 274 1341 304 C.
1357 281 1430 308 449.

128 337 206 374 lum
234 343 304 380 est,
334 350 382 374 ne
411 337 492 386 quis
521 335 705 386 templum
734 347 883 371 aramve
912 333 1057 384 injussu
1087 341 1238 370 senatus
1252 319 1339 349 A'C'
1357 324 1431 349 3⁰³⁶

126 409 191 437 aut
226 401 464 437 tribunorum
498 385 625 451 plebei
671 399 789 450 partis
836 396 990 448 majoris
1037 397 1239 436 dedicaret.

124 465 240 503 Haud
266 465 549 502 memorabilem
578 477 656 501 rem
689 477 756 514 per
784 476 837 507 se,
867 463 941 499 nisi
971 463 1239 500 documentum

122 530 172 566 sit
192 530 365 567 adversus
396 529 610 580 superbiam
638 527 824 565 nobilium
852 527 1009 579 plebeiae
1036 527 1237 571 libertatis,

125 595 298 632 referam.
327 595 388 631 Ad
408 595 593 644 collegam
613 608 754 645 aegrum
774 595 919 632 visendi
934 607 1066 632 caussa
1083 594 1235 632 Flavius

124 672 239 711 quum
255 660 431 702 venisset,
446 672 708 709 consensuque
719 658 905 695 nobilium
921 658 1232 702 adolescentium,

123 723 187 771 qui
216 722 270 759 ibi
296 723 532 767 adsidebant‚
554 723 811 759 adsurrectum
831 723 865 758 ei
890 735 968 759 non
989 729 1100 766 esset,
1122 736 1232 760 curu-

121 785 195 822 lem
224 786 358 822 adferri
389 786 519 823 sellam
551 800 597 823 eo
619 786 750 837 jussit,
789 800 834 824 ac
870 787 957 823 sede
988 787 1145 823 honoris
1175 788 1232 824 sui

121 850 253 887 anxios
273 850 415 886 invidia
434 850 606 887 inimicos
628 851 822 901 spectavit.
860 851 1042 887 'Ceterum
1060 850 1233 888 Flavium

120 915 267 951 dixerat
295 914 439 951 aedilem
464 915 624 951 forensis
647 915 779 959 factio,
800 915 874 966 Ap.
895 914 1044 952 Claudii
1074 928 1232 952 censura

117 979 213 1015 vires
243 985 368 1022 nacta,
390 979 453 1028 qui
482 985 654 1016 senatum
682 980 824 1031 primus
853 977 1117 1015 libertinorum
1146 978 1231 1015 filiis

117 1042 222 1079 lectis
242 1043 527 1092 inquinaverat:
560 1050 597 1080 et
616 1050 819 1095 postquam
840 1056 922 1080 eam
941 1042 1145 1080 lectionem
1163 1056 1230 1079 ne-

116 1119 180 1144 mo
199 1114 319 1144 ratam
333 1107 481 1152 habuit,
496 1120 566 1144 nec
586 1109 623 1144 in
645 1109 749 1144 curia
764 1108 919 1158 adeptus
940 1114 1034 1152 erat,
1052 1120 1142 1156 quas
1162 1120 1228 1158 pe·

115 1171 240 1215 tierat,
256 1184 346 1221 opes
366 1171 551 1218 urbanas;
573 1172 778 1209 humilibus
799 1186 865 1223 per
881 1184 1011 1208 omnes
1030 1170 1151 1208 tribus
1171 1172 1229 1207 di-

117 1235 219 1279 visis,
239 1235 364 1272 forum
384 1242 422 1272 et
441 1249 616 1288 campum
631 1237 829 1288 conrupit:
861 1243 1086 1286 tantumque
1104 1236 1225 1272 Flavii

115 1300 270 1336 comitia
288 1301 523 1350 indignitatis
542 1301 772 1345 habuerunt,
794 1308 835 1338 ut
854 1301 1022 1352 plerique
1038 1300 1224 1338 nobilium

112 1363 270 1401 annulos
292 1377 423 1401 aureos
445 1372 482 1401 et
501 1366 671 1416 phaleras
692 1367 937 1416 deponerent.
981 1366 1042 1402 Ex
1061 1377 1106 1401 eo
1127 1372 1222 1401 tem-

111 1443 202 1481 pore
230 1432 269 1467 in
298 1432 388 1468 duas
417 1439 542 1483 partes
563 1433 734 1469 discessit
756 1433 910 1469 civitas:
944 1431 1045 1469 aliud
1074 1433 1221 1481 integer

110 1494 285 1544 populus,
315 1495 442 1532 fautor
470 1502 508 1532 et
537 1496 659 1533 cultor
691 1496 894 1539 bonorum,
926 1495 1028 1532 aliud
1056 1495 1216 1532 forensis

108 1559 224 1596 factio
253 1560 432 1606 tenebat3
466 1561 585 1597 donec
611 1561 659 1600 Q.
680 1561 819 1597 Fabius
845 1567 883 1596 et
902 1559 944 1596 P.
964 1559 1105 1596 Decius
1126 1572 1214 1596 cen·
1228 1565 1367 1598 Forenfis

104 1636 207 1660 sores
231 1623 346 1661 facti:
378 1632 417 1661 et
444 1625 597 1670 Fabius,
619 1625 729 1662 simul
757 1624 967 1661 concordiae
996 1636 1141 1668 caussa,
1161 1626 1211 1661 si-
1223 1610 1322 1684 ἓξὲξ
1332 1611 1392 1685 ³3¹„

104 1686 183 1724 mul
200 1700 248 1723 ne
274 1688 570 1726 humillimorum
595 1691 634 1727 in
654 1703 768 1727 manu
797 1690 952 1726 comitia
970 1696 1108 1733 essent,
1129 1703 1210 1728 om·
1222 1695 1320 1743 banas
1335 1706 1410 1728 con-

104 1764 190 1787 nem
219 1751 407 1789 forensem
434 1754 584 1791 turbam
616 1762 805 1792 excretam
837 1756 876 1792 in
896 1762 1059 1806 quatuor
1090 1739 1313 1794 tribuslesta·

103 1813 282 1865 conjecit,
315 1815 552 1867 urbanasque
581 1831 641 1855 eas
673 1819 895 1870 adpellavit:
927 1820 1095 1869 adeoque
1128 1834 1210 1859 eam

104 1891 183 1916 rem
209 1886 401 1930 acceptam
419 1883 537 1930 gratis
564 1884 696 1920 animis
715 1884 856 1928 ferunt,
877 1893 918 1921 ut
935 1884 1097 1923 Maximi
1117 1900 1208 1936 cog-

100 1955 254 1986 nomen,
275 1945 375 1993 quod
405 1952 463 1981 tot
483 1947 648 1984 victoriis
669 1961 746 1985 non
775 1957 984 2000 pepererat,
1004 1951 1075 1987 hac
1105 1953 1205 1989 ordi-

95 2018 191 2043 num
218 2010 493 2059 temperatione
524 2019 683 2061 pareret.
730 2013 791 2050 Ab
824 2015 957 2051 eodem
988 2016 1202 2054 institutum

98 2071 247 2115 dicitur,
277 2079 319 2109 ut
350 2075 493 2125 equites
523 2075 652 2113 Idibus
684 2078 939 2118 Quinctilibus
985 2084 1201 2119 transvehe=

92 2141 234 2174 rentur.

149 2376 245 2416 Vox„
267 2378 319 2416 ΙΙ.
629 2386 662 2422 Ε
