1527 2661
77 279 133 308 Ὃ.
148 279 183 308 C.
202 286 272 310 5534.

92 323 128 352 A.
145 322 181 352 C.
200 330 272 354 218.

288 182 369 211 200
737 182 781 211 T.
805 184 937 211 LIVIl

289 281 411 315 eadem
430 279 604 328 fortuna,
636 293 712 329 quoe
739 284 980 318 necessitatem
1010 283 1199 329 pugnandi
1227 284 1396 331 inposuit,

282 344 434 391 praemia
462 344 557 379 vobis
584 356 627 379 ea
653 345 843 380 victoribus
868 347 1052 393 proponit,
1073 346 1196 393 quibus
1223 347 1400 394 ampliora

285 407 440 442 homines
458 419 501 442 ne
528 407 571 442 ab
590 408 677 443 Diis
696 409 838 455 quidem
864 409 1112 444 inmortalibus
1131 413 1256 457 optare
1274 411 1398 446 solent.

285 470 327 506 Si
347 471 512 506 Siciliam·
542 475 680 506 tantum
717 484 760 507 ac
783 471 1008 513 Sardiniam,
1039 473 1245 519 parentibus
1271 475 1400 509 nostris

285 539 437 581 ereptas,
458 538 582 569 nostra
608 536 742 569 virtute
769 536 1016 582 recuperaturi
1045 547 1206 577 essemus,
1227 538 1314 571 satis
1342 541 1397 571 ta-

284 607 364 631 men
383 598 508 644 ampla
523 598 646 644 pretia
665 602 776 633 essent
788 613 800 634 .·
829 599 1006 646 quidquid>
1023 597 1181 633 Romani
1201 603 1252 634 tot
1272 600 1400 634 trium-

280 660 365 707 phis
378 665 529 708 partum
551 666 821 710 congestumque
844 663 1039 710 possident,
1061 664 1100 698 id
1119 675 1221 698 omne
1246 668 1401 699 vestrum

286 735 366 758 cum
385 725 469 771 ipsis
487 725 637 761 dominis
654 724 831 773 futurum
849 730 910 761 est.
969 726 1014 761 In
1034 726 1124 762 hanc
1153 731 1225 762 tam
1246 727 1401 774 opimam

286 794 494 837 mercedem,
512 796 620 842 agite,
641 806 719 830 cum
736 795 823 830 Diis
837 795 920 830 bene
928 793 1138 841 juvantibus
1152 808 1255 831 arma
1271 797 1400 844 capite.

286 858 386 893 Satis
399 858 517 894 adhuc
535 860 573 894 in
591 861 700 895 vastis
714 859 911 895 Lusitaniae
929 859 1190 908 Celtibericeque
1208 860 1398 902 montibus,

281 933 412 968 pecora
438 923 685 966 consectando,
705 923 845 959 nullum
864 924 1140 959 emolumentum
1167 928 1224 959 tot*
1239 923 1400 960 laborum

282 989 595 1036 periculorumque
627 994 824 1024 vestrorum
859 990 1022 1025 vidistis:
1053 994 1190 1036 tempus
1225 992 1275 1023 est
1302 985 1398 1033 jam,

286 1052 455 1099 opulenta
474 1063 534 1087 vos
555 1064 598 1087 ac
617 1051 709 1086 ditia
726 1051 906 1099 stipendia
918 1050 1062 1099 facere,
1084 1055 1118 1086 et
1136 1063 1269 1098 magna
1287 1062 1402 1098 operae

280 1117 401 1163 pretia
419 1118 557 1159 mereri,
576 1120 717 1152 tantum
732 1117 871 1151 itineris
881 1127 948 1163 per
968 1120 1020 1151 tot
1034 1120 1167 1151 montes
1172 1115 1403 1164 fluminaque

285 1184 320 1215 et
347 1184 400 1215 tot
428 1185 589 1216 armatas
615 1185 737 1228 gentes
764 1192 930 1216 emensos,
986 1180 1060 1215 Hic
1087 1179 1183 1215 vobis
1212 1180 1402 1214 terminum

285 1243 445 1280 laborum
461 1244 621 1293 fortuna
641 1246 763 1281 dedit:
793 1244 849 1280 hic
869 1245 1013 1293 dignam
1031 1245 1228 1280 mercedem
1247 1244 1402 1279 emeritis

284 1309 470 1355 stipendiis
503 1309 612 1345 dabit.
669 1309 759 1351 Nec,
792 1321 901 1357 quam
935 1309 1059 1355 magni
1088 1308 1240 1344 nominis
1271 1307 1402 1342 bellum

286 1376 349 1415 est,
381 1377 456 1407 tam
485 1372 668 1420 difficilem
697 1373 940 1408 existimaritis
967 1373 1155 1408 victoriam
1172 1370 1286 1419 fore:
1313 1381 1404 1417 saepe

287 1441 321 1472 et
340 1441 535 1472 contemtus
553 1437 661 1472 hostis
687 1441 869 1472 cruentum
890 1441 1068 1472 certamen
1086 1437 1212 1478 edidit,
1233 1440 1266 1471 et
1285 1434 1405 1470 incliti

281 1502 411 1549 populi
442 1513 609 1549 regesque
641 1501 779 1549 perlevi
814 1506 990 1536 momento
1020 1502 1107 1536 victi
1137 1504 1230 1535 sunt.
1288 1499 1399 1541 Nam,

288 1565 407 1601 demto
427 1565 491 1601 hoc
519 1578 590 1601 uno
608 1564 761 1614 fulgore
779 1567 930 1601 nominis
950 1565 1119 1607 Romani,
1141 1565 1227 1612 quid
1255 1567 1319 1605 est,
1341 1575 1404 1598 cur

288 1629 344 1663 illi
363 1629 458 1664 vobis
486 1630 724 1677 comparandi
742 1630 813 1664 sint
827 1630 847 1663 ,9
881 1629 929 1664 Ut
948 1630 1076 1675 viginti
1104 1638 1277 1663 annorum
1305 1626 1402 1661 mili-

290 1695 377 1729 tiam*
409 1699 560 1730 vestram
582 1708 661 1730 cum
695 1696 762 1730 illa
790 1696 938 1736 virtute,
971 1706 1050 1729 cum
1069 1694 1136 1728 illa
1156 1691 1316 1740 fortuna
1347 1695 1402 1726 ta-

288 1769 410 1802 ceam3
443 1758 486 1793 ab
514 1758 684 1794 Herculis
721 1759 903 1799 columnis,
935 1757 979 1792 ab
1012 1768 1139 1792 oceano
1177 1756 1404 1802 terminisque

288 1822 424 1857 ultimis
444 1827 634 1864 terrarum,
647 1834 714 1870 per
734 1827 785 1857 tot
794 1821 1038 1870 ferocissimos
1052 1821 1240 1868 Hispania²
1257 1824 1291 1854 et
1311 1819 1400 1854 Gal-

289 1887 345 1921 lioe
368 1887 523 1933 populos
551 1888 727 1922 vincentes
756 1886 823 1921 huc
836 1887 1046 1934 pervenistis
1059 1902 1071 1921 .·
1095 1883 1304 1932 pugnabitis
1323 1895 1402 1919 cum

287 1952 441 1986 exercita
466 1952 592 1993 tirone,
614 1952 681 1986 hac
707 1953 785 1998 ipsa
803 1955 924 1985 cestate
951 1962 1049 1992 coeso,
1070 1951 1177 1991 victo,
1199 1950 1400 1984 circumses-

286 2026 323 2049 so
343 2026 365 2049 α
391 2015 518 2055 Gallis,
536 2016 654 2061 ignoto
674 2014 791 2049 adhuc
807 2014 889 2048 duci
907 2025 982 2055 suo,
1004 2013 1251 2059 ignorantique
1265 2012 1398 2046 ducem.

287 2079 346 2113 An
363 2090 430 2120 me,
448 2080 484 2113 in
495 2080 667 2126 praetorio
680 2079 809 2126 patris,
831 2078 1019 2112 clarissimi
1034 2077 1271 2123 imperatoris,
1287 2087 1402 2122 prope

286 2147 428 2183 natum,
450 2146 542 2176 certe
559 2142 739 2183 eductum,
758 2141 966 2176 domitorem
986 2140 1172 2187 Hispaniae
1188 2138 1400 2185 Galliaeque,

287 2207 456 2240 ‘victorem
486 2207 647 2241 eumdem
677 2217 747 2240 non
769 2205 987 2252 Alpinarum
1015 2204 1120 2239 modo
1135 2204 1310 2250 gentium,
1340 2202 1401 2237 sed

286 2270 460 2316 ipsarum,
483 2271 576 2317 quod
600 2270 712 2305 multo
737 2268 854 2314 majus
872 2274 936 2310 est,
958 2268 1121 2316 Alpium,
1142 2278 1223 2302 cum.
1245 2267 1402 2301 semestri

289 2334 354 2368 hoc
390 2332 573 2384 conferam
607 2335 707 2378 duce,
742 2335 916 2370 desertore
947 2333 1117 2369 exercitus
1151 2331 1205 2367 sui
1219 2332 1238 2365 ‚9
1269 2329 1335 2366 Cui
1371 2332 1401 2366 se
