1527 2661
31 315 37 344 st

363 220 515 248 mmm
540 218 674 247 xxxx.
709 217 813 247 cAP.
837 218 956 246 xxv.
1131 213 1212 258 259

111 309 192 345 inde
206 310 373 349 dictator,
390 312 432 343 ut
445 307 622 343 obsidione
638 307 815 349 liberatos,
832 311 933 342 extra
947 306 1082 342 vallum
1099 316 1214 352 egres·
1226 301 1324 374 gg·
1337 307 1411 374 {3³⁵-

108 384 163 408 sos
170 371 315 420 fudisse
333 383 376 406 ac
383 369 535 418 fugasse
554 370 680 407 hostes,
739 370 836 411 Quas
855 370 895 406 ob
913 381 980 412 res,
1000 370 1031 404 si
1049 369 1217 416 antiquus
1259 366 1267 375 '
1312 366 1319 375 '
1381 350 1411 379 7'

109 437 249 471 animus
259 435 355 482 plebi
372 435 543 470 Romame
562 439 659 477 esset,
676 435 864 470 audaciter
877 445 913 470 se
932 435 1091 469 laturum
1099 431 1219 480 fuisse

109 501 153 535 de
177 500 380 546 abrogando
402 499 443 540 Q.
458 499 559 534 Fabii
582 500 732 546 imperio
748 515 760 535 .·
787 511 882 535 nanc
909 499 1086 534 modicam
1111 507 1218 543 roga-

108 564 240 599 tionem
262 563 576 610 promulgaturum
604 563 648 598 cle
674 564 846 610 <equando
870 562 1035 609 magistri
1058 561 1220 608 equitum

106 631 142 664 et
161 627 348 662 dictatoris
361 625 448 672 jun>
460 643 471 662 .·
499 638 561 661 nec
581 631 698 662 tamen
716 639 760 663 ne
783 629 837 663 ita
857 628 998 675 quidem
1012 627 1115 673 prins
1133 625 1218 660 mit-

107 691 252 727 tendum
270 691 318 725 ad
336 692 525 726 exercitum
547 690 588 730 Q.
601 691 764 733 Fabium,
785 701 893 738 quam
912 690 1089 726 consulem
1107 690 1144 724 in
1164 688 1217 724 zo-

107 765 187 790 cum
214 753 252 788 C.
267 754 438 789 Flaminii
462 753 675 801 subfecisset.
709 753 890 790 Dictator
909 751 1157 789 concionibus
1177 763 1216 787 se
1228 738 1393 813 ξέἒίῐζῗίἔε

107 815 304 859 abstinuit,
320 816 359 852 in
376 816 525 852 actione
540 817 696 852 minime
712 816 903 866 popularis
920 832 927 852 ε
959 828 1008 852 ne
1027 816 1066 852 in
1082 820 1215 851 senatu
1228 825 1312 864 apud
1327 831 1416 853 sena„

106 879 256 927 quidem
283 879 373 915 satis
400 880 514 928 aequis
546 879 697 916 auribus
725 879 960 922 audiebatur,
986 884 1077 914 tunc
1101 890 1217 927 quum
1228 874 1313 900 tum.

106 942 257 978 hostem
275 942 398 978 verbis
429 942 642 985 extolleret,
670 942 891 990 bienniique
914 941 1035 978 clades
1065 953 1132 990 per
1160 946 1217 976 te-

105 1006 318 1042 meritatem
338 1013 451 1056 atque
475 1007 715 1043 inscientiam
735 1007 872 1042 ducum
899 1012 1073 1055 acceptas
1100 1004 1217 1040 refer-

104 1074 185 1106 ret:
215 1072 457 1119 magistroque
484 1072 656 1119 equitum,
678 1071 772 1118 qaod
800 1075 925 1106 contra
954 1071 1088 1106 dictam
1115 1080 1218 1104 suum

101 1137 308 1181 pugnasset,
327 1134 504 1169 rationem
519 1134 661 1169 diceret
676 1136 895 1170 reddendam
915 1146 996 1171 esse.
1052 1133 1096 1171 Si
1109 1144 1218 1180 penes

103 1209 139 1233 se
156 1209 294 1233 summa
312 1199 453 1245 imperii
469 1199 674 1245 consiliique
690 1200 750 1240 sit,
769 1199 978 1245 propediem
993 1198 1214 1245 effecturum,

102 1265 143 1297 ut
161 1263 276 1297 sciant
295 1261 462 1304 homines,
484 1261 573 1298 bono
601 1264 812 1310 imperatori
830 1262 929 1298 haud
947 1262 1070 1308 magni
1084 1260 1216 1309 forta·

105 1337 188 1360 nam
206 1327 377 1361 momenti
395 1337 490 1362 esse:
517 1330 670 1361 mentem
683 1327 926 1374 rationemque
942 1325 1130 1361 dominari.
1168 1324 1216 1360 Se

105 1390 141 1425 in
163 1394 318 1437 tempore
336 1394 371 1425 et
391 1390 466 1425 sine
490 1391 687 1437 ignominia
703 1401 857 1426 servasse
880 1391 1086 1430 exercitum,
1107 1398 1216 1435 qnam

101 1454 218 1489 multa
235 1454 354 1489 millia
381 1454 533 1490 hostiam
557 1455 737 1495 occidisse,
762 1452 932 1499 majorem
949 1454 1105 1500 gloriam
1131 1463 1213 1487 esse.

101 1514 228 1565 Hujus
244 1517 390 1564 generis
411 1516 647 1553 orationibus
666 1516 807 1553 frustra
824 1515 980 1558 habitis,
1001 1521 1040 1551 et
1059 1513 1214 1551 consule

104 1585 232 1615 creato
249 1579 306 1616 M.
322 1580 443 1617 Atilio
461 1580 629 1630 Regulo,
651 1595 698 1618 ne
717 1594 881 1632 praesens
899 1581 944 1618 de
958 1579 1047 1630 jure
1066 1580 1212 1630 imperii
1226 1580 1273 1609 M·
1290 1580 1407 1610 Atilius

104 1643 312 1686 dimicaret,
332 1645 451 1694 pridie
479 1658 591 1694 quam
618 1647 830 1694 rogationis
859 1645 1022 1682 ferendae
1049 1645 1127 1680 dies
1148 1643 1213 1680 ad·
1225 1623 1388 1696 {¹35ectOE

103 1712 215 1749 esset,
243 1713 357 1742 nocte
377 1708 424 1744 ad
451 1710 659 1745 exercitum
690 1709 796 1746 abiit.
851 1709 959 1746 Luce
978 1713 1077 1749 orta,
1099 1719 1215 1756 quum

105 1769 225 1819 plebis
246 1770 449 1806 concilium
474 1778 586 1815 esset,
607 1772 727 1820 magis
747 1774 865 1809 tacita
892 1771 1034 1808 invidia
1052 1770 1215 1806 dictato-

105 1834 154 1869 ris
170 1834 350 1882 favorque
365 1835 537 1882 magistri
552 1836 722 1884 equitum
737 1837 884 1872 animos
900 1834 1088 1876 versabat,
1101 1846 1215 1882 quam

103 1897 194 1933 satis
223 1897 413 1934 audebant
432 1899 605 1935 homines
636 1900 682 1936 ad
711 1900 958 1943 suadendum,
980 1899 1081 1948 quod
1100 1897 1214 1946 vulgo

101 1959 289 2010 placebat,
319 1961 493 2010 prodire:
525 1968 576 2005 et,
602 1962 732 1999 favore
762 1969 976 2013 superante,
1008 1960 1213 1998 auctoritas

101 2030 228 2059 tamen
254 2025 446 2072 rogationi
465 2025 603 2063 deerat.
662 2026 770 2063 Unus
800 2027 975 2063 inventus
996 2030 1053 2061 est
1082 2036 1214 2060 suasor

100 2086 194 2135 legis
224 2087 268 2124 C.
297 2088 497 2125 Terentius
527 2089 663 2133 Varm,
695 2092 758 2139 qui
786 2092 912 2141 priore
940 2102 1042 2127 anno
1070 2094 1213 2138 praetor
1225 2085 1396 2115 C-Tefess‘·

101 2150 237 2194 fuerat,
261 2150 347 2187 loco
372 2165 451 2188 non
478 2153 612 2189 humili
642 2153 778 2197 solum,
809 2154 873 2190 sed
902 2154 1016 2190 etiam
1046 2151 1212 2193 sordido,
1226 2135 1286 2158 ‘¹⁰⁵
1304 2128 1399 2158 vam

102 2220 228 2250 ortus:
261 2220 407 2264 patrem
435 2215 577 2252 lanium
597 2216 714 2252 fuisse
733 2216 876 2260 ferunt,
908 2218 1031 2266 ipsum
1060 2214 1213 2250 instito-

102 2288 180 2312 rem
208 2278 356 2320 mercis,
377 2277 530 2328 filioque
558 2279 632 2316 hoc
662 2280 744 2330 ipso
775 2280 812 2316 in
834 2279 984 2317 servilia
1012 2277 1090 2328 ejus
1122 2276 1213 2312 artis

87 2339 313 2386 *ministeria
333 2353 453 2379 usum.
