1527 2661
314 183 399 231 552
777 187 822 214 T.
847 185 981 214 mvn

117 282 211 314 U.C.
229 279 538 322 54⁴2.exercitum,
565 277 667 327 quod
697 278 852 314 minime
879 285 961 314 tum
992 277 1233 328 expediebat,
1259 285 1432 329 poterat:

120 327 211 360 A,C.
227 331 399 387 ²¹⁰⁹nec,
429 342 597 379 deductis
626 342 824 392 praesidiis,
851 343 932 392 spei
960 341 1118 379 liberam
1145 342 1206 379 vel
1230 342 1438 380 obnoxiam

121 409 288 441 Hannibal
314 408 443 444 timori
464 408 653 443 sociorum
682 406 894 455 relinquere
913 406 1037 444 fidem.
1093 406 1266 457 Praeceps
1289 408 1327 443 in
1348 420 1438 444 ava-

119 461 303 528 ζζὲξῗῖῃᾳὲἒ
314 473 441 508 ritiam
458 478 495 508 et
512 472 772 508 crudelitatem
789 472 936 507 animus
953 471 1001 508 ad
1015 470 1227 522 spolianda,
1241 485 1324 521 quae
1339 472 1439 508 tueri

120 542 201 580 quit.
314 536 512 585 nequibat,
534 543 575 571 ut
595 542 742 571 vastata
760 535 862 571 hosti
889 535 1208 584 relinquerentur,
1228 535 1438 572 inclinavit.

316 601 359 637 Id
378 600 522 637 foedum
543 599 757 642 consilium,
779 612 895 647 quum
915 600 1085 650 incepto,
1103 605 1183 636 tum
1203 600 1319 636 etiam
1333 599 1440 636 exitu

315 666 411 701 fuit:
444 677 566 713 neque
596 665 696 700 enim
723 664 878 712 indigna
907 665 1135 713 patientium
1161 665 1276 701 modo
1299 663 1440 700 abalie-

315 728 507 765 nabantur
543 728 673 770 animi,
705 728 769 763 sed
806 734 1018 764 ceterorum
1055 729 1193 765 etiam:
1225 729 1365 779 quippe
1393 727 1448 765 ad*

314 793 440 844 plures
461 793 689 843 exemplum,
711 805 823 841 quam
851 792 1060 836 calamitas,
1081 793 1308 844 pertinebat.
1355 792 1441 829 Nec

315 857 450 894 consul
468 856 667 893 Romanus
687 856 877 892 tentandis
898 856 1069 901 urbibus,
1091 857 1246 894 sicunde
1265 869 1349 908 spes
1370 856 1439 893 ali-

317 935 391 970 qua
411 935 450 958 se
470 921 711 963 ostendisset,
734 920 872 957 deerat.
932 920 1094 972 Salapiae
1122 922 1311 972 principes
1332 928 1441 958 erant

315 986 458 1024 Dasius
475 995 512 1024 et
528 988 693 1024 Blattius
711 1001 718 1023 :
741 987 882 1023 Dasius
901 987 1115 1025 Hannibali
1133 988 1274 1025 amicus
1290 1004 1300 1034 3
1332 987 1440 1024 Blat-

317 1052 407 1095 tius,
429 1058 614 1101 quantum
634 1064 681 1088 ex
698 1057 784 1087 tuto
809 1056 976 1101 poterat,
998 1064 1078 1087 rem
1098 1051 1316 1088 Romanam
1335 1052 1442 1089 fove-

317 1115 398 1159 bat,
420 1123 457 1152 et
475 1128 543 1166 per
562 1114 732 1152 occultos
749 1115 909 1151 nuncios
929 1127 1034 1165 spem
1052 1115 1281 1165 proditionis
1300 1116 1445 1153 fecerat

317 1179 530 1227 Marcello;
564 1181 627 1217 sed
649 1181 730 1216 sine
759 1178 934 1230 adjutore
953 1179 1075 1216 Dasio
1100 1193 1159 1217 res
1178 1176 1343 1230 transigi
1363 1193 1443 1218 non

317 1253 481 1299 poterat.
538 1245 707 1282 Multum
733 1258 777 1281 ac
796 1245 860 1282 diu
886 1251 1102 1288 cunctatus,
1123 1251 1163 1282 et
1189 1252 1271 1282 tum
1291 1258 1443 1295 quoque

319 1313 439 1361 magis
474 1312 604 1361 inopia
633 1310 783 1347 consilii
819 1311 995 1360 potioris,
1026 1323 1139 1360 quam
1177 1323 1243 1361 spe
1272 1310 1442 1355 effectus,

317 1377 481 1413 Dasium
497 1375 711 1426 adpellabat
727 1390 735 1412 ι
769 1382 807 1411 at
826 1374 904 1419 ille,
923 1388 1038 1424 quum
1054 1375 1101 1411 ab
1121 1387 1161 1411 re
1177 1387 1327 1411 aversus
1331 1402 1344 1419 ‚
1360 1381 1443 1411 tum

319 1440 457 1478 aemulo
486 1447 707 1491 potentatus
738 1440 927 1483 inimicus,
957 1453 1037 1476 rem
1066 1439 1278 1477 Hannibali
1308 1440 1442 1491 aperit.

320 1506 515 1542 Arcessito
555 1511 728 1554 utroque,
767 1503 966 1540 Hannibal
1002 1516 1118 1553 quum
1154 1516 1224 1554 pro
1260 1502 1443 1540 tribunali

322 1570 492 1619 quaedam
513 1575 655 1617 ageret,
676 1581 765 1604 mox
785 1568 831 1604 ‹le
850 1567 998 1604 Blattio
1018 1568 1256 1616 cogniturus,
1277 1573 1443 1604 starent-

323 1647 395 1684 que
415 1633 595 1670 submoto
617 1632 761 1683 populo
787 1639 986 1669 accusator
1012 1639 1050 1669 et
1068 1645 1155 1668 reus
1172 1648 1179 1667 :
1211 1631 1378 1669 Blattius
1398 1632 1444 1668 de

324 1698 542 1749 proditione
561 1695 723 1733 Dasium
749 1695 978 1747 adpellabat.
1036 1697 1244 1740 Enimvero,
1264 1695 1342 1738 ille,
1369 1695 1447 1732 vel-

324 1770 366 1799 ut
392 1763 430 1798 in
459 1761 662 1798 manifesta
689 1774 744 1804 re,
773 1761 974 1805 exclamat,
1004 1761 1067 1797 sub
1095 1762 1208 1798 oculis
1232 1760 1451 1797 Hannibalis

323 1840 442 1864 secum
469 1829 514 1863 de
538 1827 747 1875 proditione
775 1828 848 1875 agi.
905 1825 1115 1863 Hannibali
1146 1832 1261 1876 atque
1288 1826 1357 1869 eis,
1384 1825 1449 1875 qui

324 1892 496 1934 aderant,
518 1903 593 1940 quo
614 1891 794 1927 audacior
812 1902 869 1926 res
890 1899 986 1933 erat,
1003 1891 1127 1927 minus
1145 1888 1277 1927 similis
1298 1890 1375 1926 veri
1392 1890 1448 1926 vi·-

325 1969 367 1993 sa
388 1962 467 1992 est:
501 1957 765 1993 oemulatione‘m
782 1955 948 2005 profecto
970 1961 1077 2005 atque
1095 1956 1218 1993 odium
1237 1967 1308 1991 esse
1320 1971 1332 1991 :
1360 1960 1396 1991 et
1413 1955 1452 1991 id

326 2023 456 2057 crimen
477 2020 629 2069 adferri,
652 2022 758 2069 quod,
780 2022 866 2069 quia
885 2025 1006 2057 testem
1026 2020 1156 2056 habere
1167 2031 1239 2056 non
1255 2023 1385 2068 posset,
1405 2020 1450 2055 li-

325 2088 440 2124 berius
453 2088 613 2137 fingenti
629 2089 688 2123 sit.
746 2086 807 2123 Ita
832 2086 920 2123 inde
939 2086 1081 2123 dimissi
1109 2092 1220 2122 sunt:
1252 2097 1323 2122 nec
1341 2083 1451 2121 Blat-

326 2152 401 2187 tius
433 2159 520 2187 ante
550 2151 697 2187 abstitit
719 2158 846 2187 tamen
876 2157 952 2187 tam
984 2149 1117 2187 audaci
1147 2149 1315 2200 incepto,
1336 2161 1449 2198 quam

328 2215 428 2252 idem
465 2215 728 2257 obtundendo,
758 2215 1021 2264 docendoque,
1052 2227 1167 2264 quam
1196 2226 1241 2250 ea
1270 2225 1330 2249 res
1361 2212 1451 2264 ipsis

135 2297 262 2337 Salapia
330 2280 538 2329 patriaeque
558 2278 733 2315 salutaris
755 2285 870 2322 esset,
890 2279 1063 2329 pervicit,
1081 2285 1122 2315 ut
1142 2277 1355 2329 praesidium
1374 2276 1452 2313 Pu-

135 2342 294 2414 ἶῷἓῑὲἓῃο
332 2344 460 2381 uicum
483 2344 699 2394 (quingenti
727 2350 855 2380 autem
874 2343 1053 2381 Numidae
1079 2343 1204 2390 erant)
1228 2341 1453 2392 Salapiaque
