1527 2661
401 479 758 527 EPITOME
803 479 1026 528 LIBRI
1068 480 1265 530 XVIII.

263 774 354 853 Α
376 773 438 810 TI
443 773 509 810 LI
521 773 556 810 U
560 772 590 809 S
609 772 769 821 Regulus
795 775 834 810 in
853 773 985 823 Africa
1012 779 1211 823 serpentem
1234 778 1382 822 porten-

381 844 464 876 tosoe
488 839 750 888 magnitudinis
767 852 847 876 cum
866 852 1001 888 magna
1025 841 1183 876 militum
1203 840 1306 876 clade
1324 851 1384 875 oc-

265 905 366 948 cidit,
388 910 436 947 et,
458 916 567 952 quum
595 904 736 952 aliquot
756 905 894 953 proeliis
922 905 1004 941 bene
1033 906 1200 941 adversus
1218 903 1384 940 Kartha-

260 970 436 1017 ginienses
458 974 664 1017 pugnasset,
692 980 935 1018 successorque
960 971 993 1006 ei
1018 983 1041 1005 a
1064 973 1191 1005 senatu
1215 979 1385 1017 prospere

261 1034 392 1070 bellum
408 1034 546 1081 gerenti
572 1045 643 1069 non
668 1034 884 1077 mitteretur,
905 1035 943 1070 id
969 1036 1085 1083 ipsu-m
1106 1045 1174 1082 per
1193 1033 1316 1068 literas
1333 1032 1383 1068 ad

258 1103 422 1135 senatum
440 1100 565 1134 missas
584 1103 725 1146 questus
743 1103 820 1135 est:
847 1100 884 1134 in
904 1099 1027 1147 quibus
1045 1100 1138 1135 inter
1156 1108 1298 1134 caussas
1311 1108 1380 1145 pe·
1397 1118 1399 1120 -

258 1165 357 1200 tendi
381 1165 587 1200 successoris
612 1168 704 1207 erat,
725 1165 819 1212 quod
845 1165 984 1211 agellus
1009 1162 1083 1209 ejus
1101 1176 1125 1199 a
1149 1162 1379 1199 mercenariis

257 1229 413 1265 desertus
438 1233 536 1264 esset.
586 1229 773 1270 Quaerente
797 1230 926 1265 deinde
939 1228 1113 1277 fortuna,
1139 1232 1183 1264 ut
1206 1238 1380 1275 magnum

257 1295 442 1342 utriusque
467 1305 568 1330 casus
598 1295 797 1342 exemplum
825 1296 862 1330 in
890 1295 1030 1342 Regulo
1059 1293 1285 1342 proderetur,
1316 1303 1398 1327 ar·-

254 1361 377 1395 cessito
389 1372 412 1395 a
426 1359 784 1408 Karthaginiensibus
798 1359 1014 1409 Xanthippo
1026 1358 1395 1395 Lacedaemoniorum=

255 1425 356 1467 duee,
377 1425 492 1461 victus
516 1425 644 1473 proelio
664 1429 701 1460 et
729 1429 856 1472 captus
875 1429 936 1460 est.
985 1423 1056 1459 Res
1074 1423 1202 1458 deinde
1229 1434 1253 1457 a
1272 1422 1375 1457 duci-

254 1488 316 1524 bus
344 1488 520 1525 Romanis
557 1488 715 1524 omnibus
749 1493 844 1524 terra
873 1489 1034 1536 marique
1058 1497 1228 1535 prospere
1253 1489 1374 1533 gestas

254 1552 547 1602 deformaverunt
578 1553 777 1602 naufragia
807 1554 985 1589 classium.
1049 1553 1103 1589 Ti.
1127 1552 1391 1588 Coruncanius

247 1619 386 1665 primus
418 1630 460 1653 ea:
491 1618 594 1666 plebe
626 1617 793 1666 pontifex
826 1619 1004 1653 maximus
1037 1622 1176 1652 creatus
1211 1620 1274 1652 est.
1322 1615 1370 1651 P.

251 1682 483 1730 Sempronius
514 1681 668 1729 Sophus,
703 1682 770 1717 M.‘
806 1682 967 1717 Valerius
992 1681 1176 1717 Maximus
1202 1690 1370 1721 censores,

252 1759 361 1794 quum
397 1751 559 1782 senatum
598 1748 766 1794 legerent,
796 1747 964 1782 tredecim
999 1750 1126 1782 senatu
1160 1748 1347 1780 moverunt
1361 1759 1373 1780 .-

249 1811 399 1846 lustrum
422 1812 669 1852 condiderunt,
692 1823 759 1857 quo
781 1823 883 1846 censa
907 1815 990 1846 sunt
1009 1812 1137 1845 civium
1157 1810 1280 1857 capita
1299 1809 1367 1843 du-

248 1879 353 1910 centa
377 1877 576 1922 nonaginta
602 1879 732 1922 septem
760 1875 890 1917 millia,
918 1876 1143 1922 septingenta
1168 1873 1367 1920 nonaginta

244 1944 391 1987 septem.
439 1940 599 1986 Regulus
625 1941 749 1975 missus
774 1952 797 1974 a
817 1938 1173 1986 Karthaginiensibus
1191 1939 1239 1973 acl
1263 1949 1365 1973 sena—

247 2009 335 2046 tum,
367 2009 406 2040 ut
435 2005 478 2040 cle
502 2017 605 2051 paee,
636 2009 684 2046 et,
704 2006 735 2039 si
763 2016 839 2039 eam
868 2016 941 2040 non
964 2008 1081 2051 posset
1100 2005 1292 2050 inpetrare,
1324 2002 1367 2037 de

245 2070 394 2116 captivis
414 2070 674 2104 commutandis
692 2073 828 2116 ageret,
849 2073 883 2105 et
893 2067 1132 2114 jurejurando
1152 2068 1358 2103 adstrictus.

243 2133 444 2168 rediturum
463 2144 498 2167 se
518 2132 796 2179 Karthaginen1‚
817 2134 847 2167 si
873 2132 1087 2167 commutari
1106 2132 1266 2177 captivos
1292 2143 1359 2165 non

239 2198 456 2244 placuisset5
485 2202 676 2245 utrumque
702 2198 859 2243 negandi
880 2201 1003 2232 auctor
1022 2195 1255 2244 senatuifuit
1272 2212 1282 2231 .·
1312 2200 1359 2237 el,

241 2273 346 2308 qziicm
356 2262 437 2309 fide
456 2263 632 2298 custodita
652 2273 810 2298 reversus
835 2266 933 2302 esset,
954 2262 1130 2309 supplicio
1150 2273 1172 2296 a
1197 2259 1357 2295 Kartha·

238 2326 453 2372 giniensibus
473 2328 515 2363 cle
534 2338 574 2362 eo
593 2331 723 2369 sumto,
742 2326 865 2374 periit.
