1527 2661
338 185 494 216 menn
513 182 658 213 xxvl.
691 180 797 210 cAP.
821 182 888 209 m.
1085 179 1166 224 571

57 278 228 315 recundia
238 294 251 321 ,-
279 280 418 312 servata
439 274 502 310 tibi
519 277 583 315 est,
603 276 644 308 ut
663 272 874 307 inviolatum
896 276 931 307 et
949 272 1097 319 dignum
1115 285 1170 308 me
1182 276 1225 307 U.
1239 275 1274 306 C.
1293 281 1368 306 542„

60 347 162 390 teque
189 343 271 377 dari
298 341 359 377 tibi
379 340 511 375 donum
536 341 663 385 posset.
711 336 820 372 Hanc
837 338 1033 372 mercedem
1060 349 1170 373 unam
1181 321 1221 350 A'
1237 319 1276 351 C·
1292 325 1366 350 2²⁰³

4 427 6 432 ¹
52 417 122 453 pro
145 417 186 441 eo
211 415 353 441 munere
377 404 566 451 paciscor:
594 400 728 436 amicus
753 401 889 447 populo
909 399 1074 436 Romano
1101 401 1147 436 sis
1160 416 1172 436 .-

4 450 5 458 ἵ
54 474 102 512 et,
121 471 152 504 si
178 480 234 505 me
260 470 375 505 virum
395 468 521 504 bonum
546 466 658 502 credis
685 476 768 505 esse,
790 465 910 512 quales
934 469 1075 511 patrem
1101 477 1171 512 pa-

4 525 5 528 *
56 537 247 581 truumque
263 528 380 569 mbaem
391 531 472 579 jam
498 535 581 566 ante
599 530 653 566 hae
666 534 788 576 gentes
806 533 949 571 norant,
969 530 1060 564 scias
1077 530 1171 564 mul-

54 601 106 632 tos
133 599 246 633 nostri
272 598 404 633 similes
431 599 467 633 in
486 598 632 632 civitate
651 595 819 631 Romana
847 606 940 638 esse,·
968 606 1032 630 nec
1057 595 1173 630 ullum

53 660 91 695 in
106 662 209 696 terris
223 663 399 709 populum
418 661 522 697 hodie
541 661 613 696 dici
627 671 741 707 posse,
758 671 861 707 quem
876 661 992 694 minus
1011 659 1075 694 tibi
1092 659 1171 695 hos·

0 767 3 774 Ι
55 728 124 760 tem
145 727 282 773 tuisque
299 738 370 762 esse
387 727 487 767 veli&
504 729 567 760 aut
582 725 737 759 amicum
750 724 867 759 malis.
924 722 1171 765 Adolescens,

0 775 3 782 ¹
52 786 163 823 simul
183 789 327 838 pudore
353 795 392 825 et
411 789 549 838 gaudio
575 787 763 838 perfusus,
784 787 955 822 dextram
983 786 1171 835 Scipionis

51 854 199 894 tenens,
219 852 324 889 Deos
345 864 476 889 omnes
502 852 680 888 invocare
706 850 753 885 ad
772 850 932 898 gratiam
959 849 1013 884 illi
1039 862 1108 899 pro
1134 861 1173 884 se

1 905 2 923 ³
53 913 302 959 referendam,
329 917 511 965 quoniam
538 914 609 950 sibi
636 926 874 961 nequaquam
901 914 991 949 satis
1011 913 1174 950 faculta-

50 976 114 1020 tis,
135 990 205 1026 pro
224 990 294 1013 suo
314 980 443 1013 animo
463 984 578 1022 atque
597 975 696 1008 illius
716 985 805 1021 erga
825 985 864 1008 se
883 978 1035 1019 merito,
1058 984 1173 1014 esset.

51 1039 234 1076 Parentes
272 1040 360 1076 inde
398 1038 627 1087 cognatique
663 1037 819 1085 virginis
858 1036 1059 1086 adpellati:
1093 1040 1173 1088 qui,

52 1104 235 1152 quoniam
255 1105 374 1153 gratis
403 1103 476 1139 sibi
501 1102 719 1138 redderetur
738 1101 858 1150 virgo,
880 1101 925 1137 ad
944 1114 1055 1150 quam
1076 1104 1174 1140 redi-

52 1169 228 1204 mendam
249 1170 339 1205 satis
359 1180 541 1217 magnum
563 1166 787 1203 adtulissent
802 1167 883 1202 auri
903 1168 1064 1216 pondus,
1086 1181 1190 1211 ora·,

49 1244 90 1267 re
117 1232 348 1282 Scipionem,
369 1238 412 1268 ut·
438 1232 475 1267 id
501 1231 548 1267 ab
583 1243 621 1266 se
641 1230 783 1266 donum
813 1231 1014 1280 acciperet,
1044 1244 1172 1282 coepe·

50 1302 161 1334 runt:
195 1298 296 1334 haud
323 1298 508 1334 minorem
531 1295 610 1346 ejus
630 1297 684 1332 rei
711 1296 810 1345 apud
829 1308 868 1332 se
887 1297 1049 1345 gratiam
1067 1298 1186 1334 futu--

51 1374 132 1397 ram
152 1374 246 1405 esse,
269 1362 525 1404 adfirmantes,
546 1373 659 1410 quam
685 1359 839 1396 redditae
860 1360 1051 1397 inviolatae
1071 1361 1187 1398 foret·

51 1425 220 1473 virginis.
278 1426 420 1476 Scipio,
443 1425 594 1474 quando
620 1430 731 1460 tanto
756 1436 870 1474 opere
896 1431 1082 1474 peterent,
1108 1438 1173 1462 ac·

49 1495 244 1538 cepturum
264 1502 303 1525 se
330 1489 536 1539 pollicitus,
558 1489 649 1537 poni
675 1495 764 1524 ante
794 1489 907 1538 pedes
930 1488 1070 1537 jussit:
1102 1502 1172 1525 vo-

49 1557 210 1600 catoque
229 1552 277 1588 ad
297 1565 335 1588 se
351 1551 520 1593 Allucio,
538 1552 655 1599 Super
675 1552 806 1593 dotem,
827 1551 964 1598 inquit,
982 1564 1090 1599 quam
1109 1565 1171 1588 uc-

47 1621 211 1663 cepturus
229 1629 253 1652 a
280 1628 399 1652 socero
425 1628 473 1658 88,
496 1616 567 1651 hoec
595 1616 656 1651 tibi
676 1628 699 1650 a
717 1627 774 1650 me
791 1616 931 1651 dotalia
950 1616 1043 1652 dona
1070 1629 1169 1653 acce-

49 1680 159 1715 dent:
189 1692 395 1727 aurumque
421 1678 569 1721 tollere,
590 1691 634 1714 ac
661 1678 733 1714 sibi
752 1678 893 1714 habere
906 1678 1036 1728 jussit.
1093 1680 1167 1716 His

47 1742 154 1778 laetus
175 1743 284 1779 donis
310 1742 595 1791 honoribusque
621 1743 793 1779 dimissus
814 1742 981 1785 domum,
1010 1743 1168 1797 inplevit

47 1805 247 1856 populares
278 1806 451 1842 laudibus
488 1807 631 1842 meritis
663 1806 874 1856 Scipionis:
912 1807 1052 1843 Venisse
1081 1808 1168 1844 Diis

46 1871 269 1906 simillimum
294 1870 476 1916 juvenem,
506 1873 700 1907 vincentem
736 1872 869 1913 omnia,
900 1883 1007 1918 quum
1041 1874 1165 1914 armis,

50 1938 124 1969 tum
154 1935 370 1981 benignitate
397 1948 441 1971 ac
459 1935 641 1984 beneficiis.
698 1934 846 1983 Itaque,
875 1934 1020 1970 delectu
1049 1935 1166 1971 clien-

47 1996 143 2032 tium
155 1998 302 2041 habito,
320 2011 404 2034 cum
420 1998 574 2034 delectis
591 1998 692 2034 mille
709 2005 746 2034 et
759 1998 1044 2047 quadringentis
1061 1999 1167 2048 equi·

48 2059 148 2096 tibus
169 2061 269 2097 intra
287 2074 427 2111 paucos
448 2062 525 2098 dies
545 2063 591 2099 ad
611 2062 828 2111 Scipionem
847 2062 1014 2098 revertit.

99 2123 168 2159 LI.
199 2124 327 2173 Scipio
355 2131 544 2161 retentum
573 2137 700 2161 secum
729 2124 905 2167 Laelium,
927 2124 1015 2160 dum
1045 2126 1166 2174 capti-

52 2198 118 2221 vos
152 2186 377 2236 obsidesque
410 2194 447 2223 et
475 2189 639 2238 praedam
671 2201 717 2225 ex
743 2187 903 2225 consilio
933 2186 1013 2236 ejus
1039 2188 1167 2238 dispo-

51 2255 171 2292 neret,
194 2251 283 2286 satis
313 2252 488 2288 omnibus
514 2253 750 2302 compositiS,
772 2252 861 2288 data
880 2252 1165 2300 quinquereme,

51 2313 282 2363 captivisque
307 2314 478 2365 Magone
507 2323 545 2352 et
572 2316 786 2365 quindecim
806 2316 883 2353 fere
913 2315 1167 2360 senatoribus,
