1527 2661
121 294 164 323 U.
181 293 217 323 C.
232 300 304 325 5³4.

119 337 211 367 A.C.
231 344 303 368 218.

124 1059 293 1091 Hanniba-

124 1102 163 1132 lis
177 1109 286 1133 strata·

124 1154 229 1184 gema.

320 190 399 232 182
771 202 814 230 Τ.
841 203 972 231 mvn

315 289 535 331 exercitum,
568 287 756 337 levarique
785 291 1060 340 quamprimum
1087 291 1282 338 regionem
1310 302 1416 326 suam

315 363 423 392 tanta
453 360 608 403 urgente
640 355 837 391 hominum
867 355 979 392 turba
1011 356 1225 405 cupiebant.
1281 354 1416 402 Itaque

314 420 447 467 ingens
468 424 600 453 coacta
618 418 672 452 vis
699 418 851 453 navium
871 424 928 453 est
946 419 1188 467 lintriumque
1212 425 1354 453 temere
1372 415 1420 452 ad

312 483 512 520 vicinalem
530 494 639 518 usum
658 487 897 531 paratarum:
929 495 1120 531 novasque
1139 482 1229 518 alias
1255 483 1418 531 primum

314 550 415 586 Galli
447 549 670 584 inchoantes
700 548 885 584 cavabant
920 562 965 585 ex
1002 548 1158 596 singulis
1196 547 1416 584 arboribus:

315 613 449 649 deinde
479 618 516 647 et
545 611 616 660 ipsi
646 611 799 653 milites,
829 612 941 647 simul
960 612 1071 661 copia
1098 612 1278 654 materiae,
1308 609 1420 646 simul

314 675 498 713 facilitate
535 675 658 724 operis
700 675 859 717 inducti,
897 675 1022 711 alveos
1057 675 1250 717 informes,
1291 673 1416 721 (nihil,

315 740 518 776 dummodo
537 740 668 774 innare
687 752 793 786 aquae
813 746 851 774 et
871 751 1004 788 capere
1023 752 1139 774 onera
1161 744 1331 788 possent,
1352 750 1417 773 ου·

314 804 459 850 rantes)
482 803 616 852 quibus
646 815 685 838 se
714 816 854 851 suaque
884 804 1182 846 transveherent,
1206 803 1343 853 raptim
1361 802 1418 838 fa-

316 867 478 904 ciebant.

369 929 543 966 XXVII.
576 929 736 977 Jamque
774 929 948 965 omnibus
982 930 1071 965 satis
1110 929 1336 979 comparatis
1373 928 1422 964 ad

315 993 594 1043 trajiciendum,
615 993 807 1028 terrebant
836 1006 881 1028 ex
911 993 1066 1028 adverso
1094 994 1238 1035 hostes,
1270 1004 1420 1027 omnem

316 1058 436 1107 ripam
456 1056 599 1104 equites
620 1057 760 1104 virique
776 1057 991 1092 obtinentes
1008 1071 1015 1091 t
1048 1069 1142 1104 quos
1162 1062 1204 1091 ut
1223 1061 1420 1097 averteret,

316 1121 563 1162 Hannonem,
586 1119 807 1155 Bomilcaris
829 1119 959 1161 filium,
980 1119 1109 1167 vigilia
1133 1121 1255 1168 prima
1283 1119 1420 1161 noctis,

319 1197 404 1221 cum
440 1190 546 1233 parte
583 1184 789 1232 copiarum,
830 1184 992 1218 maxime
1029 1182 1227 1231 Hispanis,
1266 1182 1420 1218 adverso

317 1248 471 1286 flumine
497 1248 551 1282 ire
579 1247 651 1281 iter
684 1247 793 1281 unius
826 1246 899 1282 diei
918 1245 1055 1295 jubet;
1088 1252 1139 1288 et,
1169 1245 1233 1281 ubi
1261 1246 1423 1294 primum

318 1312 453 1362 possit,
474 1323 586 1359 quam
605 1309 858 1346 occultissime
882 1309 1044 1359 trajecto
1075 1310 1190 1356 amni,
1212 1308 1422 1344 circumdu-

319 1387 402 1411 cere
431 1386 581 1421 agmen,
611 1379 667 1416 ut,
688 1386 803 1421 quum
826 1386 921 1422 opus
940 1373 1042 1408 facto
1073 1374 1134 1415 sit,
1156 1373 1346 1408 adoriatur
1374 1371 1424 1407 ab

317 1444 426 1487 tergo
445 1438 607 1473 hostem.
658 1438 718 1472 Ad
738 1437 775 1472 id
795 1437 872 1472 dati
893 1437 1002 1472 duces
1023 1436 1123 1472 Galli
1141 1437 1314 1478 edocent,
1334 1436 1421 1471 inde

316 1501 437 1538 millia
455 1501 619 1549 quinque
645 1506 681 1535 et
710 1501 841 1549 viginti
860 1500 976 1536 ferme
1001 1512 1126 1550 supra,
1148 1512 1270 1548 parvae
1290 1499 1420 1534 insnlae

318 1563 585 1601 circumfusum
605 1575 766 1605 amnem,
787 1562 974 1605 latiorem,
1002 1563 1065 1599 ubi
1086 1562 1333 1605 dividebatur,
1355 1574 1419 1597 eo-

317 1639 390 1676 que
408 1627 530 1662 minus
551 1625 629 1662 alto
649 1625 768 1668 alveo,
791 1626 991 1661 transitum
1011 1625 1207 1661 ostendere
1224 1640 1230 1659 :
1263 1625 1314 1660 ibi
1335 1637 1421 1674 rap-

315 1691 385 1726 tim
406 1702 501 1726 caesa
520 1690 677 1724 materia
702 1695 875 1737 ratesque
894 1689 1101 1731 fabricatae,
1123 1689 1161 1723 in
1180 1688 1314 1736 quibus
1336 1689 1423 1736 equi

315 1754 460 1802 virique
488 1760 526 1788 et
558 1752 631 1788 alia
667 1765 783 1788 onera
819 1752 1091 1802 trajicerentur.
1149 1751 1311 1801 Hispani
1341 1752 1421 1787 sine

317 1816 395 1853 ulla
412 1816 525 1859 mole,
547 1818 584 1851 in
606 1823 705 1851 utres
733 1817 964 1852 vestimentis
992 1815 1187 1865 conjectis,
1208 1815 1280 1865 ipsi
1300 1816 1425 1851 caetris

317 1879 521 1929 subpositis
552 1879 788 1921 incubantes,
816 1879 954 1915 flumen
983 1886 1191 1916 tranavere.
1246 1878 1299 1913 Et
1328 1878 1420 1914 alius

316 1942 517 1984 exercitus,
556 1942 697 1977 ratibus
726 1941 871 1990 junctis
909 1941 1104 1990 trajectus,
1141 1942 1271 1977 castris
1305 1953 1422 1990 prope

314 2004 454 2041 fiumen
472 2005 623 2053 positis,
644 2011 833 2040 nocturno
856 2006 990 2040 itinere
1010 2012 1123 2054 atque
1143 2005 1265 2054 operis
1292 2004 1423 2039 labore

315 2067 449 2110 fessus,
475 2068 599 2115 quiete
628 2068 738 2102 unius
768 2068 840 2103 diei
869 2067 1047 2111 reficitur,
1076 2068 1225 2103 intento
1254 2068 1346 2103 duce
1375 2067 1424 2102 ad

317 2130 516 2166 consilium
553 2137 766 2180 opportune
804 2131 1093 2179 exsequendum.
1150 2131 1310 2166 Postero
1346 2131 1421 2173 die,

315 2193 477 2243 profecti
497 2205 542 2228 ex
567 2192 670 2236 loco,
691 2194 841 2243 prodito
861 2194 969 2229 fumo
992 2193 1220 2241 significant,
1240 2205 1278 2228 se
1297 2199 1420 2229 trans-

315 2256 401 2298 isse,
423 2262 461 2291 et
479 2256 579 2291 haud
600 2256 731 2305 procul
751 2256 903 2292 abesse:
937 2256 1037 2305 quod
1057 2256 1121 2292 ubi
1140 2257 1286 2305 accepit
1310 2255 1421 2292 Han·

315 2317 432 2361 nibal,
453 2331 501 2354 ne
528 2319 690 2369 tempori
709 2319 868 2362 deesset,
890 2319 953 2355 dat
982 2319 1134 2368 signum
1154 2319 1203 2355 ad
1230 2318 1424 2368 trajicien-

1513 104 1527 256 <j

1519 257 1527 369 ᾗ
