1527 2661
144 289 185 320 U.
198 288 235 318 C.
254 291 325 319 ⁵36.

142 334 182 364 A.
197 332 234 362 C.
252 336 325 362 216.

143 391 220 429 Ejus
237 400 314 421 eon-

143 441 268 465 stanna.

121 1718 276 1749 Pacuvius

118 1763 245 1792 veniam
263 1763 311 1792 in-

120 1813 217 1843 petrat
234 1806 299 1835 filio

120 1857 178 1877 suo
194 1848 250 1878 Pe-

122 1891 218 1922 rollae.

333 196 417 240 312
783 197 830 226 T.
853 197 985 227 mvn

338 285 557 323 obedienter
585 285 712 328 modo,
733 285 797 321 sed
826 286 940 329 enise,
960 285 1088 321 favore
1116 286 1230 322 etiam
1246 286 1362 338 vulgi,
1391 296 1429 326 et

337 351 461 387 studio
480 350 622 386 visendi
642 356 700 385 tot
711 348 794 399 jam
813 350 978 386 victoriis
995 350 1134 386 clarum
1152 351 1428 401 imperatorem,

334 416 477 453 factum
505 420 572 449 est.
627 413 767 449 Decius
795 413 947 462 Magius
982 427 1050 450 nec
1082 414 1231 450 obviam
1265 428 1433 464 egressus

335 488 404 524 est,
424 492 507 522 nec,
528 492 602 528 quo
631 479 804 514 timorem
832 478 994 528 aliquem
1022 492 1068 515 ex
1097 480 1327 517 conscientia
1354 482 1430 530 sig-

333 546 485 582 nificare
504 550 644 594 posset,
665 544 838 593 privatim
857 544 1035 591 septenuit
1051 558 1058 579 :
1089 544 1129 579 in
1147 544 1231 580 foro
1250 558 1334 581 cum
1353 545 1431 582 filio

334 610 607 659 clientibusque
635 609 761 659 paucis
783 610 904 645 otiose
932 608 1192 653 inambulavit,
1217 611 1429 660 trepidante

334 682 418 712 tota
437 675 586 710 civitate
612 673 658 709 ad
687 673 945 722 excipiendum
964 673 1124 710 Poenum
1151 674 1429 724 visendumque.

336 738 545 781 Hannibal,
566 739 752 786 ingressus
776 737 919 780 urbem,
941 744 1110 774 senatum
1135 738 1324 789 extemplo
1342 752 1430 790 pos·

336 803 445 847 tulat,
462 801 774 853 precantibusque
791 801 876 837 inde
896 802 1119 852 primoribus
1136 802 1427 853 Campanorum,

333 882 381 905 ne
400 868 488 917 quid
507 880 552 903 eo
572 867 630 902 die
650 867 754 902 seriae
773 867 824 902 rei
842 874 999 915 gereret,
1020 867 1191 916 diemque
1210 874 1251 903 ut
1270 868 1349 918 ipse
1364 869 1429 905 ad-

333 940 446 969 ventu
466 944 534 968 suo
553 931 690 967 festum
709 930 814 967 laetus
836 944 878 967 ac
897 931 1015 968 libens
1036 931 1240 968 celebraret
1254 949 1265 978 5
1299 946 1429 982 quam-

333 1011 442 1048 quam
464 1008 627 1047 praeceps
653 996 807 1044 ingenio
828 997 864 1031 in
892 996 984 1032 iram
1003 1002 1095 1039 erat,
1115 1003 1255 1040 tamen,
1276 1011 1323 1035 ne
1342 998 1431 1048 quid

332 1063 373 1100 in
391 1062 576 1113 principio
595 1067 764 1109 negaret,
783 1061 935 1097 visenda
957 1061 1045 1098 urbe
1064 1074 1239 1111 magnam
1254 1063 1326 1099 diei
1345 1077 1430 1115 par-

333 1134 410 1164 tem
430 1126 648 1163 consumsit.

387 1191 499 1228 VIII.
528 1190 754 1226 Deversatus
775 1195 831 1225 est
859 1190 957 1239 apud
975 1189 1139 1227 Ninnios
1160 1191 1322 1236 Celeres,
1348 1193 1432 1230 Ste-

334 1259 437 1294 nium
463 1256 755 1304 Pacuviumque,
788 1254 939 1291 inclitos
973 1255 1173 1292 nobilitate
1205 1270 1248 1293 ac
1278 1258 1428 1296 divitiis.

333 1323 394 1359 Eo
410 1322 593 1359 Pacuvius
611 1319 799 1362 Calavius,
821 1319 865 1356 de
881 1333 956 1369 quo
976 1327 1062 1356 ante
1082 1321 1223 1358 dictum
1239 1328 1308 1366 est,
1326 1324 1429 1373 prin-

335 1400 421 1437 ceps
450 1385 625 1423 factionis
655 1383 749 1434 ejuS‚
779 1397 860 1433 quae
889 1392 1055 1421 traxerat
1086 1399 1163 1422 rem
1200 1387 1246 1423 ad
1274 1387 1428 1432 Poenos,

335 1451 452 1487 filium
465 1450 643 1500 juvenem
662 1448 830 1491 adduxit,
851 1448 1079 1485 abstractum
1099 1450 1163 1486 abs
1180 1450 1289 1487 Decii
1307 1451 1429 1500 Magii

332 1515 462 1558 latere,
493 1527 577 1550 cum
596 1525 670 1561 quo
689 1512 922 1548 ferocissime
948 1526 1015 1563 pro
1044 1514 1219 1551 Romana
1248 1516 1428 1552 societate

334 1580 507 1616 adversus
527 1578 711 1614 Punicum
729 1577 851 1613 foedus
878 1584 1056 1623 steterat3
1088 1592 1156 1614 nec
1177 1592 1261 1616 eum
1280 1586 1344 1616 aut
1371 1581 1428 1616 in-

333 1645 472 1682 clinata
489 1645 528 1680 in
548 1649 690 1694 partem
720 1642 873 1679 alteram
899 1644 1043 1687 civitas,
1065 1651 1129 1680 aut
1147 1646 1268 1695 patria
1295 1645 1429 1696 majes-

332 1716 389 1746 tas
427 1709 614 1746 sententia
650 1707 852 1758 depulerat.
909 1707 1010 1744 Huic
1047 1714 1127 1744 tum
1163 1716 1269 1759 pater
1298 1709 1430 1760 juveni

334 1774 590 1813 Hannibalem
605 1772 838 1823 deprecando
854 1773 986 1821 magis,
1000 1786 1111 1822 quam
1125 1775 1332 1824 purgando,
1349 1775 1429 1825 pla-

334 1840 444 1882 cavit,
466 1839 658 1886 victusque
673 1838 788 1887 patris
808 1836 979 1886 precibus
999 1837 1234 1887 lacrimisque
1252 1839 1364 1876 etiam
1383 1840 1431 1877 ad

332 1916 479 1940 coenam
509 1915 593 1938 eum
619 1914 703 1937 cum
730 1907 836 1950 patre
854 1901 978 1936 vocari
1001 1900 1138 1950 jussit:
1171 1902 1230 1937 cui
1257 1903 1428 1940 convivio

332 1969 519 2004 neminem
550 1966 797 2016 Campanum,
825 1972 1070 2014 praeterquam
1095 1966 1276 2016 hospites,
1299 1967 1429 2004 Jubel-

329 2032 494 2080 liumque
519 2030 718 2072 Tauream,
744 2030 929 2078 insignem
957 2030 1056 2066 bello
1081 2032 1214 2074 virum,
1242 2031 1431 2069 adhibitu-

332 2108 393 2132 rus
424 2101 515 2132 erat.
571 2094 777 2144 Coeperunt
807 2094 947 2144 epulari
977 2095 1021 2131 de
1050 2096 1121 2139 die,
1152 2102 1189 2131 et
1217 2096 1429 2134 convivium

331 2173 409 2196 non
438 2172 484 2195 ex
513 2171 615 2194 more
635 2158 793 2201 Punico,
826 2165 890 2194 aut
920 2159 1072 2195 militari
1097 2159 1293 2210 disciplina
1321 2173 1430 2208 esse}

332 2224 410 2266 sed,
433 2229 473 2258 ut
491 2223 529 2258 in
550 2223 706 2258 civitate
727 2229 839 2270 atque
859 2223 971 2258 etiam
991 2223 1103 2259 domo
1122 2223 1325 2267 luxuriosa,
1346 2238 1427 2262 om-

331 2288 442 2324 nibus
463 2286 713 2337 voluptatium
733 2286 928 2323 inlecebris
942 2288 1176 2324 instructum.
1232 2288 1340 2325 Unus
1358 2302 1428 2326 nec

330 2352 567 2389 dominorum
589 2351 829 2395 invitatione,
849 2364 919 2388 nec
938 2352 1052 2402 ipsius
1073 2352 1257 2388 interdum
1277 2352 1426 2390 Hanni-
