1527 2661
238 187 241 189 ·
285 176 436 205 LIBER
461 173 604 202 XXVI.
636 172 743 201 CAP.
765 172 970 201 xxxvu.
1100 171 1179 217 551

119 264 334 301 XXXVII.
365 262 500 311 Neque
529 260 630 298 aliud
658 260 779 309 inagis
805 266 954 311 tempus
980 260 1067 298 belli
1089 261 1176 305 fuit,
1190 273 1233 304 U.
1245 272 1282 304 C.
1300 280 1373 304 542.

62 342 139 378 quo
168 327 510 376 Karthaginienses
540 324 782 373 Romanique
811 325 951 374 pariter
974 326 1085 362 variis
1115 339 1177 363 ca·
1191 316 1280 348 A·C·
1298 323 1373 346 2¹⁰·

62 392 163 428 sibus
184 391 353 430 inmixtis
374 391 493 439 magis
514 390 553 426 in
573 389 731 440 ancipiti
752 401 818 438 spe
837 402 881 425 ac
900 396 1004 425 metu
1024 389 1177 427 fuerint.

63 456 164 492 Nam
182 455 369 492 Romanis
390 462 428 491 et
446 455 486 491 in
506 454 725 505 provinciiS,
742 453 831 490 hinc
851 454 889 490 in
907 454 1094 504 Hispania
1113 456 1180 491 ad-

57 532 177 556 ·versae
199 532 271 563 res,
291 520 382 557 hinc
411 533 600 571 prosperae
628 520 668 555 in
690 519 832 562 Sicilia,
854 519 997 555 luctum
1026 526 1064 556 et
1083 519 1178 556 laeti-

61 585 154 620 tiam
169 585 421 621 miscuerant:
454 592 493 620 et
512 585 549 620 in
569 583 693 627 Italia,
711 596 826 633 quum
841 583 1050 620 Tarentum
1065 586 1180 621 amis-

61 661 144 685 sum
163 649 302 685 damno
327 656 364 685 et
384 648 520 692 dolori,
543 655 623 684 tum
642 660 708 684 arx
730 660 814 683 cum
838 648 1013 697 praesidio
1031 656 1181 687 retenta

59 720 319 764 praeter-spem
335 713 473 763 gaudio
489 713 563 749 fuit
578 728 585 749 :
617 718 657 748 et
674 718 857 748 terrorem
881 712 1046 749 subitum
1062 727 1179 764 pavo-

52 789 213 826 remque
239 777 344 814 ⁴urbis
376 776 509 813 Romae
535 776 698 812 obsessae
728 782 767 810 et
786 775 1016 825 obpugnatae
1048 778 1181 828 Capua

8 870 10 875 .
59 849 149 892 post
166 842 244 878 dies
274 854 415 892 paucos
445 848 558 891 capta
587 841 627 876 in
655 840 828 876 laetitiam
854 841 978 878 vertit.
1035 841 1178 878 Trans-

8 928 10 934 κ
58 907 216 943 marinae
242 919 393 956 quoque
417 918 475 941 res
500 904 662 953 quadam
688 905 768 940 vice
794 911 973 954 pensatae.
1030 905 1176 957 Philip-

59 983 130 1021 pus
160 970 280 1006 hostis
314 977 485 1020 tempore
522 968 622 1004 haud
660 968 750 1004 satis
772 975 998 1018 opportuno
1027 969 1174 1015 factus3

59 1034 185 1072 AEtoli
204 1035 294 1071 novi
322 1034 457 1071 adsciti
487 1034 594 1076 socii,
615 1033 842 1083 Attalusque
862 1034 963 1070 Asiae
993 1048 1073 1078 rex,
1094 1035 1178 1085 jam

0 1143 1 1150 ἵ
57 1098 162 1135 velut
188 1098 445 1149 despondente
472 1097 629 1133 fortuna
653 1096 841 1133 Romanis
872 1098 1068 1148 imperium
1099 1101 1177 1136 ori·

0 1158 1 1162 ¹
59 1163 169 1199 entis.
226 1163 568 1211 Karthaginienses
589 1174 739 1211 quoque
757 1162 927 1212 Capuam
947 1164 1123 1200 amissam
1138 1172 1177 1200 et

60 1227 442 1277 Tarentumcaptum
462 1225 685 1275 aequabant:
719 1232 770 1269 et,
792 1233 833 1262 ut
852 1227 897 1263 ad
915 1229 1056 1265 moenia
1072 1229 1175 1265 urbis

58 1291 245 1329 Romanae
274 1292 380 1328 nullo
409 1292 636 1343 prohibente
666 1305 705 1328 se
740 1293 953 1342 pervenisse
986 1294 1023 1330 in
1054 1295 1176 1342 gloria

57 1356 268 1406 ponebant,
284 1358 337 1393 ita
352 1357 507 1407 pigebat
522 1357 618 1392 irriti
634 1358 774 1406 incepti
789 1373 799 1402 3
822 1357 1063 1407 pudebatque
1080 1360 1175 1396 adeo

59 1433 98 1456 se
124 1427 286 1470 spretos,
308 1428 364 1464 ut,
385 1421 602 1457 sedentibus
630 1421 718 1471 ipsis
745 1422 792 1457 ad
812 1421 990 1459 Romana
1017 1425 1173 1466 moenia,

57 1483 132 1520 alia
151 1492 263 1534 porta
282 1485 467 1521 exercitus
488 1484 686 1521 Romanus
712 1486 750 1521 in
772 1484 999 1536 Hispaniam
1018 1487 1173 1523 ducere-

57 1554 130 1584 tur.
182 1548 285 1598 Jpsae
305 1561 455 1598 quoque
474 1549 688 1599 Hispaniae,
709 1562 784 1598 quo
810 1551 965 1601 propius
986 1563 1090 1601 spem
1110 1565 1174 1588 ve-

57 1619 206 1656 nerant,
233 1614 350 1650 tantis
370 1613 517 1649 duobus
539 1613 696 1649 ducibus
724 1615 1026 1664 exercitibusque
1052 1617 1173 1659 caesis,

57 1675 286 1712 debellatum
313 1676 380 1720 ibi,
411 1689 454 1712 ac
476 1677 612 1726 ,pulsos
643 1677 730 1713 inde
760 1677 957 1714 Romanos
988 1692 1094 1724 esse3
1128 1693 1174 1716 eo

56 1739 155 1790 plus,
176 1740 224 1776 ab
243 1741 290 1777 L.
302 1740 452 1777 Marcio
472 1741 720 1777 tumultuario
736 1742 830 1778 duce
849 1742 896 1779 ad
915 1756 1053 1780 vanum
1073 1751 1111 1779 et
1123 1745 1174 1780 ir-

57 1805 172 1841 ritum
191 1806 388 1841 victoriam
409 1805 599 1842 redactam
614 1818 713 1849 esse,
736 1807 1008 1855 indignationis
1028 1808 1174 1859 praebe-

57 1867 163 1905 bant.
216 1868 282 1905 -Ita
305 1875 477 1918 aequante
496 1869 666 1913 fortuna,
687 1882 868 1921 suspensa
887 1872 1016 1908 omnia
1041 1873 1175 1908 utrim-

0 1928 1 1958 ἷ
56 1945 128 1981 que
148 1939 268 1976 erant,
290 1934 438 1981 integra
458 1945 537 1983 spe,
559 1934 708 1983 integro
728 1941 845 1978 metu,
866 1935 969 1972 velut
994 1936 1059 1973 illo
1079 1943 1176 1973 tem—

55 2008 147 2046 pore
166 1997 329 2046 primum
348 1996 486 2032 bellum
509 1997 729 2047 inciperent.

87 2059 349 2100 XXXVIII.
393 2059 651 2096 Hannibalem
692 2068 785 2098 vante
823 2064 952 2099 omnia
994 2063 1174 2112 angebat,

57 2123 158 2172 quod
192 2123 337 2174 Capua,
370 2124 599 2174 pertinacius
625 2125 854 2175 obpugnata
889 2127 936 2163 ab
972 2126 1174 2170 Romanis,

58 2200 170 2235 quam
200 2187 353 2224 defensa
383 2188 429 2224 ab
461 2201 513 2231 se,
545 2188 755 2225 multorum
791 2190 914 2227 Italiae
947 2190 1175 2241 populorum

56 2252 203 2292 animos
241 2259 450 2289 averterat:
485 2266 577 2302 quos
608 2266 729 2303 neque
764 2267 894 2290 omnes
923 2261 1051 2290 tenere
1080 2267 1176 2304 prae-

58 2315 176 2359 sidiis,
197 2316 268 2352 nisi
290 2315 400 2352 vellet
429 2318 468 2352 in
488 2317 624 2353 multas
649 2330 860 2367 parvasque
877 2325 1002 2367 partes
1023 2330 1177 2368 carpere
