1527 2661
411 182 565 210 LIBER
591 181 661 209 lx.
695 181 802 208 CAP.
829 181 938 208 XIX.
1174 180 1226 222 31

112 271 216 306 canis
244 270 426 318 gerebant
455 269 609 306 bellum.
652 269 808 305 Latium
837 269 972 304 deinde
1002 280 1115 304 omne
1145 281 1230 305 cum
1244 274 1333 304 U.C.
1351 280 1425 305 435.

115 333 281 376 Sabinis,
310 339 347 368 et
375 332 540 375 Volscis,
563 339 600 367 et
620 332 772 381 AEqnis,
804 339 842 368 et
871 332 975 368 omni
1006 332 1229 382 Campania,
1242 317 1331 348 A.C.
1348 322 1423 351 3¹⁷·

114 406 151 434 et
193 406 299 448 parte
340 399 507 435 Umbriae
545 398 798 446 Etruriaeque,
838 405 876 434 et
919 398 1154 441 Picentibus,
1193 405 1232 434 et

113 462 267 505 Marsis,
294 462 551 511 Pelignisque,
579 475 622 498 ac
649 462 818 498 Vestinis
851 468 963 510 atque
993 461 1142 511 Apulis,
1165 462 1230 498 ad-

106 525 318 576 junctaque
334 527 437 561 omni
458 538 525 562 ora
541 525 763 562 Graecorum
780 525 889 561 inferi
906 526 1018 560 maris
1036 538 1058 561 a
1076 525 1230 561 Thuriis

114 591 319 641 Neapolim
347 598 384 627 et
404 591 558 634 Cumas,
580 598 617 627 et
643 590 731 626 inde
750 589 870 625 Antio
896 594 1009 637 atque
1028 588 1147 624 Ostiis
1174 595 1232 625 te-

114 666 184 689 nus
224 654 426 697 Samnites,
464 660 530 690 aut
571 655 693 690 socios
739 652 882 689 validos
927 652 1128 695 Romanis,
1167 658 1234 688 aut

114 717 256 753 fractos
296 717 397 754 bello
438 718 648 753 invenisset
691 717 833 753 hostes.
891 716 979 766 Ipse
1021 715 1235 766 trajecisset

114 793 217 817 mare
244 794 328 817 cum
349 781 534 817 veteranis
554 779 846 823 Macedonibus,
866 792 946 814 non
972 778 1055 829 plus
1075 779 1235 828 triginta

115 844 280 881 millibus
326 846 524 881 hominum
568 851 606 880 et
644 852 807 893 quatuor
850 843 1015 879 millibus
1065 843 1235 892 equitum

113 910 278 945 maxime
297 909 593 946 Thessalorum:
625 910 699 945 hoc
721 908 821 944 enim
841 907 989 943 roboris
1011 914 1115 943 erat:
1139 906 1232 943 Per-

115 984 190 1016 saS,
219 973 351 1016 Indos,
384 973 553 1022 aliasque
582 973 613 1008 si
642 971 878 1022 adjunxisset
907 977 1054 1019 gentes,
1085 971 1233 1020 inpedi-

114 1042 284 1072 mentum
321 1036 459 1085 majns,
499 1049 612 1085 quam
649 1036 845 1078 aufiilium,
885 1035 1063 1071 traheret.
1107 1034 1232 1079 Adde,

113 1099 216 1147 quod
245 1099 431 1135 Romanis
461 1099 509 1135 ad
538 1112 692 1135 manum
713 1099 816 1135 domi
846 1097 1152 1148 supplementum
1175 1111 1233 1134 es-

114 1169 194 1199 set:
227 1163 460 1206 Alexandro,
498 1163 618 1212 (quod
655 1170 789 1213 postea
826 1161 1038 1198 Hannibali
1075 1162 1232 1208 accidit)

115 1226 240 1262 alieno
261 1229 300 1263 in
319 1240 411 1276 agro
441 1227 613 1269 bellanti,
635 1227 821 1262 exercitus
843 1227 1117 1262 consenuisset.
1159 1227 1234 1262 Ar-

115 1303 192 1334 ma,
214 1291 353 1341 clipeus
384 1292 603 1339 sarissaeque
630 1290 727 1336 illis,
760 1291 939 1326 Romano
969 1296 1132 1332 scutum,
1153 1303 1234 1327 ma-

107 1351 173 1403 jus
212 1355 362 1404 corpori
399 1360 676 1402 tegumentum,
715 1360 752 1389 et
788 1353 920 1403 pilum,
952 1353 1051 1389 haud
1089 1353 1232 1403 paullo,

115 1429 226 1465 quam
274 1418 396 1461 hasta,
436 1418 693 1453 vehementius
742 1418 821 1453 ictu
867 1418 1058 1466 missuque
1102 1417 1232 1454 telum.

115 1479 299 1517 Statarius
337 1487 494 1530 uterque
532 1480 653 1524 miles,
684 1481 835 1517 ordines
866 1494 1042 1517 servans:
1075 1481 1140 1517 sed
1168 1481 1232 1518 illa

112 1544 281 1595 phalanx
299 1545 507 1588 inmobilis,
529 1552 567 1581 et
596 1547 706 1582 unius
728 1547 900 1594 generis:
932 1546 1112 1582 Romana
1132 1548 1231 1583 acies

113 1609 343 1654 distinctior,
383 1623 430 1646 ex
466 1610 636 1660 pluribus
668 1610 839 1660 partibus
871 1616 1073 1646 constans:
1110 1610 1232 1646 facilis

113 1674 307 1723 partienti,
340 1687 576 1724 quacumque
609 1687 705 1724 opus
745 1680 856 1717 esset,
892 1674 1012 1710 facilis
1037 1674 1232 1724 jungenti.

112 1737 201 1773 Jam
221 1739 259 1773 in
279 1751 393 1787 opere
412 1739 493 1786 quis
515 1752 582 1788 par
604 1739 784 1775 Romano
806 1738 936 1774 miles?
965 1739 1047 1787 quis
1068 1740 1114 1774 ad
1135 1738 1232 1775 tole·

116 1801 273 1837 randum
300 1801 469 1837 laborem
498 1801 657 1837 melior?
689 1802 777 1838 Uno
807 1802 944 1852 proelio
975 1803 1094 1838 victus
1114 1802 1232 1838 Alex-

115 1865 245 1908 ander,
262 1864 362 1901 bello
375 1867 495 1902 victus
513 1873 621 1902 esset.
652 1866 886 1909 Romanum,
900 1879 1009 1914 quem
1029 1867 1230 1909 Caudium,

114 1941 224 1976 quem
264 1929 405 1964 Cannae
441 1942 517 1965 non
546 1929 755 1978 fregerunt,
787 1943 868 1979 quae
899 1930 1072 1979 fregisset
1109 1932 1233 1966 acies?

115 1992 186 2028 Nae
216 1992 278 2029 ille
315 2005 428 2042 saepe,
459 1995 606 2029 etiamsi
636 1995 756 2043 prima
790 2007 968 2043 prospere
1005 1996 1231 2038 evenissent,

114 2054 247 2092 Persas
277 2064 314 2093 et
343 2057 458 2093 Indos
496 2064 533 2093 et
571 2057 749 2093 inbellem
785 2058 918 2093 Asiam
947 2059 1156 2106 quaesisset,
1195 2065 1233 2094 et

113 2131 198 2154 cum
218 2119 367 2155 feminis
396 2120 466 2156 sibi
493 2120 634 2156 bellum
655 2120 770 2156 fuisse
791 2115 945 2156 dixisset
963 2136 969 2157 z
1004 2121 1105 2170 quod
1124 2122 1233 2172 Epiri

114 2193 242 2229 regem
267 2182 539 2226 Alexandrum,
577 2184 774 2220 mortifero
807 2184 957 2219 vulnere
988 2185 1118 2227 ictum,
1149 2185 1231 2221 dix-

114 2245 186 2281 isse
207 2246 348 2289 ferunt,
379 2255 520 2284 sortem
551 2247 739 2283 bellorum
770 2249 807 2283 in
839 2249 932 2284 Asia
961 2256 1155 2296 gestorum
1184 2249 1231 2285 ab

114 2307 188 2345 hoc
217 2310 302 2360 ipso
325 2310 470 2361 juvene
502 2325 586 2349 cum
623 2325 690 2347 sua
720 2312 990 2349 conferentem.
1030 2312 1231 2363 Equidem,

648 2375 723 2413 C4
