1527 2661
407 209 562 237 111ssssst
586 210 656 238 ιχ.
689 209 925 238 cAr.xL1.
1173 199 1224 253 63

113 309 214 334 mam
233 298 278 334 ad
298 305 469 334 senatum
489 299 626 341 missis,
647 298 793 341 consul,
814 299 1076 348 praestantiore
1097 300 1224 342 etiam,
1238 305 1281 336 U.
1293 305 1328 335 C.
1347 313 1421 338 444.

113 374 225 409 quam
255 362 430 404 dictator,
460 363 620 398 victoria
645 362 897 411 triumphans,
918 362 1050 398 urbem
1082 369 1138 398 est
1168 365 1226 399 in·
1238 348 1328 379 A'C’
1346 354 1423 379 3⁰⁸·

114 432 255 461 vectus.
308 426 413 464 Quin
450 427 564 461 etiam
593 426 826 462 devictorum
857 426 1084 462 Samnitium
1113 427 1226 462 decus

113 501 251 538 magna
271 503 317 525 ex
347 496 453 540 parte
474 490 521 526 ad
548 489 710 539 legatos,
732 489 773 526 P.
794 489 957 525 Decium
980 497 1017 525 et
1035 490 1092 526 M.
1113 490 1227 526 Vale-

113 553 225 595 rium,
253 562 310 589 est
339 567 508 590 versum:
541 567 635 603 quos
663 553 823 604 populus
853 554 1035 602 proximis
1063 555 1226 590 comitiis

114 616 261 665 ingenti
282 630 468 653 consensu
489 617 684 653 consulem
711 617 884 660 alterum,
906 617 1065 653 alterum
1086 625 1226 668 praeto-

112 692 190 716 rem
211 681 425 717 declaravit.

166 745 277 781 XLI.
315 745 435 781 Fabio
476 745 525 781 ob
559 745 710 794 egregie
747 745 998 794 perdomitam
1031 746 1225 783 Etruriam
1240 748 1330 779 U.C.
1349 758 1424 783 445.

114 810 359 845 continuatur
385 808 628 854 consulatu83
661 809 803 845 Decius
829 808 975 857 collega
995 810 1117 847 datur.
1147 792 1280 847 Va-A'
1295 795 1331 825 C·
1348 800 1425 828 '3⁰7'

115 872 226 908 lerius
248 880 387 922 praetor
404 879 580 921 quartum
595 879 756 908 creatus.
787 872 971 907 Consules
988 874 1119 922 partiti
1138 888 1228 924 pro-

115 938 279 973 vincias:
311 938 465 973 Etruria
491 937 628 980 Decio,
651 937 844 972 Samnium
872 936 992 972 Fabio
1020 939 1156 975 evenit.
1192 939 1229 974 Is

117 1002 307 1052 profectus
332 1002 377 1037 ad
403 1002 609 1037 Nuceriam
629 1001 882 1043 Alfaternam,
906 1009 986 1036 tum
1010 1015 1139 1050 pacem
1164 1016 1230 1052 pe-

116 1074 254 1112 tentes,
286 1068 387 1117 quod
417 1069 473 1103 uti
503 1081 560 1110 ea,
583 1080 697 1116 quum
721 1067 887 1109 daretur,
913 1066 1139 1110 noluissent,
1164 1069 1230 1104 ad-

115 1138 327 1182 spernatus,
347 1131 605 1181 obpugnaudo
626 1131 670 1166 ad
691 1130 923 1166 deditionem
943 1130 1104 1179 subegit.
1132 1133 1230 1168 Cum
1244 1142 1328 1171 Bene
1345 1152 1391 1172 res

119 1196 349 1232 Samnitibus
370 1197 449 1232 acie
469 1196 710 1231 dimicatum:
742 1195 843 1230 haud
864 1207 1003 1242 magno
1024 1197 1230 1233 certamine
1242 1192 1450 1259 ξέῗΐηῗέῐᾶ

118 1261 247 1296 hostes
282 1261 367 1295 victi
386 1275 392 1295 :
429 1272 551 1307 neque
589 1258 668 1308 ejus
706 1272 842 1308 pugnae
874 1259 1055 1295 memoria
1091 1260 1232 1297 tradita
1407 1252 1414 1259 ¹

119 1324 231 1366 foret,
248 1324 288 1359 ni
306 1323 427 1359 Marsi
446 1335 490 1358 eo
511 1323 671 1371 primum
689 1322 824 1371 proelio
842 1335 927 1357 cum
943 1321 1128 1359 Romanis
1149 1323 1229 1360 bel-

118 1387 269 1424 lassent.
302 1388 426 1423 Seeuti
442 1386 660 1422 ‘Marsorum
677 1386 929 1422 defectionem
946 1387 1109 1435 Peligni,
1127 1401 1228 1424 eam-

119 1452 202 1487 dem
222 1452 415 1488 fortunam
433 1450 659 1486 habuerunt.
696 1449 819 1486 Decio
839 1463 989 1498 quoque
1009 1450 1116 1486 alteri
1137 1465 1229 1488 con-

118 1514 188 1551 suli
204 1515 367 1551 secunda
382 1513 471 1549 belli
486 1514 641 1549 fortuna
661 1522 752 1549 erat.
792 1513 1105 1562 Tarquiniensem
1125 1523 1228 1551 metu
1241 1522 1359 1551 Contra

118 1580 317 1628 subegerat
333 1579 563 1616 frumentum
583 1578 762 1614 exercitui
785 1577 965 1627 praebere,
987 1586 1100 1627 atque
1119 1580 1228 1615 indu·
1243 1566 1405 1595 Etmscos*

120 1646 194 1681 cias
211 1645 249 1680 in
265 1645 514 1693 quadraginta
531 1656 650 1679 annos
670 1649 809 1692 petere.
840 1642 1135 1679 Volsiniensium
1149 1658 1231 1681 cas-

119 1709 209 1746 tella
234 1709 379 1758 aliquot
404 1709 440 1744 vi
460 1709 582 1758 cepit:
615 1708 786 1756 quaedam
813 1720 858 1743 ex
886 1708 929 1743 iis
951 1708 1079 1750 diruit,
1100 1721 1147 1744 ne
1173 1722 1230 1744 re-

120 1772 316 1823 ceptaculo
336 1772 509 1807 hostibus
527 1779 673 1807 essent:
698 1771 1072 1820 circumferendoque
1092 1773 1232 1820 passini

118 1836 235 1879 bello,
267 1842 415 1871 tantum
446 1842 626 1870 terrorem
656 1835 712 1870 sui
742 1835 846 1877 fecit,
878 1842 919 1869 ut
947 1847 1086 1870 nomen
1120 1848 1232 1871 omne

120 1902 324 1938 Etruscum
343 1899 466 1935 foedus
494 1898 540 1934 ab
562 1898 716 1934 consule
740 1906 896 1948 peteret.
936 1899 992 1934 Ac
1013 1899 1056 1934 de
1083 1912 1128 1934 eo
1149 1900 1230 1947 qui-

122 1965 205 2001 dem
238 1963 334 2000 nihil
364 1964 617 2013 inpetratum:
651 1963 810 1999 induciae
843 1976 977 1999 annuae
1011 1963 1131 1999 datae:
1165 1964 1232 1999 sti-

121 2028 300 2079 pendium
321 2027 502 2063 exercitui
525 2026 705 2062 Romano
724 2027 771 2063 ab
791 2027 902 2062 hoste
925 2028 960 2062 in
982 2040 1067 2062 eum
1093 2039 1235 2062 annum

121 2104 292 2143 pensum,
314 2097 352 2127 et
370 2091 469 2127 binae
485 2092 623 2126 tunicae
642 2092 678 2125 in
700 2090 856 2126 militem
876 2098 1016 2126 exacue
1033 2106 1039 2125 :
1074 2104 1118 2126 ea
1137 2103 1235 2126 mer-

121 2170 180 2193 ces
212 2156 447 2192 induciarum
469 2154 552 2191 fuit.
597 2154 836 2203 Tranquillas
870 2168 927 2190 res
951 2154 1033 2205 jam
1063 2154 1235 2189 Etruscis

122 2220 289 2258 turbavit
314 2221 512 2270 repentina
538 2219 700 2256 defectio
721 2219 967 2279 Umbrorum,
990 2219 1111 2267 gentis
1139 2219 1236 2253 inte-

124 2298 200 2334 grae
223 2297 245 2320 a
270 2283 438 2319 cladibus
465 2283 569 2326 belli,
597 2283 669 2319 nisi
695 2283 797 2331 quod
823 2284 1024 2318 transitum
1051 2282 1236 2317 exercitus

124 2361 213 2398 ager
238 2354 417 2384 senserat.
460 2347 506 2391 Ii,
528 2348 719 2384 concitata
745 2348 847 2383 omni
871 2347 1071 2397 juventute
1099 2359 1184 2390 sua,
1201 2353 1244 2385 et.
