1527 2661
300 213 454 242 LIBER
478 212 591 240 XXI·
626 211 734 239 cAP.
757 212 944 241 XLVIII.
1102 211 1187 257 205

81 301 188 351 panis
208 301 395 351 peditibus
414 302 552 338 fiumen
579 300 769 351 extemplo
788 307 1028 348 transnasse3
1061 303 1183 353 ipsum
1198 314 1286 346 U‚C.
1306 321 1380 346 534,

82 364 338 401 Hannibalem
358 378 424 415 per
443 365 636 415 superiora
655 364 746 400 Padi
766 365 861 401 vada
880 367 1086 403 exercitum
1107 375 1184 405 tra·
1197 359 1236 388 A·
1252 358 1289 388 C·
1306 365 1380 389 ²¹⁸·

82 428 244 471 duxisse,
275 428 484 478 elephantis
514 429 553 464 in
573 428 743 463 ordinem
762 428 808 463 ad
837 429 1096 466 sustinendum
1126 433 1186 468 in-

81 496 211 539 petum
230 491 392 527 fluminis
410 491 607 541 obpositiS.
664 490 723 527 Ea
741 492 870 541 peritis
887 494 1006 528 amnis
1023 493 1103 543 ejus
1123 496 1187 532 vix

81 553 193 590 fidem
211 555 393 592 fecerint:
424 569 511 591 nam
540 568 661 604 neque
681 556 838 604 equiteS‚
870 557 980 592 armis
1008 559 1186 608 equisque

83 617 207 660 salvis,
228 624 374 654 tantam
399 619 474 654 vim
493 619 656 655 fluminis
683 631 876 668 superasse
895 620 1095 658 verisimile
1115 630 1185 667 est,

83 687 124 716 ut
145 681 228 732 jam
248 682 442 733 Hispanos
463 695 593 718 omnes
613 683 732 718 inflati
762 685 1038 720 transvexerint
1058 692 1158 723 utres
1175 703 1182 724 :

82 751 119 780 et
137 745 342 782 multorum
356 747 501 782 dierum
521 748 678 782 circuitu
698 746 792 782 Padi
812 747 905 782 vada
924 750 1085 797 petenda
1103 751 1185 788 fue-

80 814 178 852 rant,
199 823 273 857 qua
291 811 476 847 exercitus
497 811 618 859 gravis
644 810 909 860 inpedimentis
928 813 1073 849 traduci
1099 828 1188 864 pos-

81 878 149 910 set.
202 873 375 911 Potiores
397 875 495 925 apud
515 888 575 910 me
594 880 768 910 auctores
789 881 890 917 sunt,
911 877 974 924 qni
993 876 1108 914 biduo
1127 880 1189 915 vix

82 937 207 974 locum
227 944 307 973 rate
325 938 525 988 jungendo
544 938 689 974 flumini
719 939 913 973 inventum
934 940 1087 976 tradunt
1102 957 1111 986 3
1145 955 1189 978 ea

83 1015 168 1038 cum
203 1002 373 1051 Magone
403 1003 545 1051 equites
577 1001 839 1051 Hispanorum
868 1004 1062 1052 expeditos
1092 1019 1187 1055 prae-

85 1067 241 1102 missos:
275 1067 363 1102 dum
397 1066 607 1108 Hannibal,
641 1067 739 1102 circa
765 1067 904 1102 flumen
934 1067 1189 1116 legationibus
1204 1077 1352 1116 Sequitur

1203 1130 1255 1149 eos
1273 1120 1347 1148 Han
1356 1136 1365 1141 ι

87 1130 283 1167 Gallorum
312 1131 505 1167 audiendis
535 1138 717 1173 moratuS,
745 1130 887 1180 trajicit
907 1133 1054 1179 gravius
1085 1135 1189 1183 pedi-
1204 1162 1291 1192 nibal

85 1202 165 1230 tum
196 1208 346 1243 agmen,
378 1196 527 1231 interim
556 1195 676 1243 Mago
706 1196 923 1244 equitesque
953 1197 999 1233 ab
1030 1199 1191 1234 transitu

87 1260 250 1295 fluminis
282 1259 355 1295 diei
393 1259 501 1294 unius
540 1259 673 1294 itinere
710 1258 944 1295 Placentiam
982 1261 1028 1296 ad
1064 1262 1191 1297 hostes

86 1325 334 1360 contendunt.
389 1323 587 1359 Hannibal
614 1324 741 1372 paucis
762 1329 849 1372 post
868 1324 998 1360 diebus
1025 1338 1089 1361 sex
1110 1326 1194 1361 mil-

86 1388 137 1423 lia
166 1401 188 1423 a
208 1387 402 1423 Placentia
431 1392 554 1422 castra
583 1387 844 1428 communivit,
877 1394 913 1422 et
946 1394 1099 1436 postero
1119 1389 1193 1433 die,

85 1452 123 1486 in
143 1456 349 1500 conspectu
377 1451 544 1486 hostium
565 1450 644 1485 acie
664 1449 819 1491 directa,
851 1456 1080 1499 potestatem
1098 1465 1194 1502 pug-

82 1527 138 1550 nae
158 1514 260 1550 fecit.

140 1578 329 1615 XLVIII.
361 1577 581 1627 Insequenti
609 1584 722 1613 nocte
744 1577 860 1612 caedes
891 1577 930 1613 in
951 1579 1082 1614 castris
1112 1579 1195 1615 Ro-

87 1644 222 1685 manis,
243 1642 409 1678 tumultu
426 1649 554 1678 tamen
575 1655 686 1690 quam
706 1654 745 1677 re
770 1640 906 1691 major,
928 1643 974 1677 ab
996 1643 1186 1679 auxiliari-

88 1706 157 1742 bus
178 1705 296 1741 Gallis
317 1705 418 1741 facta
444 1712 522 1740 est:
556 1705 601 1740 ad
621 1704 696 1739 duo
725 1703 841 1739 millia
871 1705 1039 1753 peditum
1068 1712 1105 1741 et
1125 1707 1195 1741 ‹lu-
1209 1715 1375 1745 Gallorum

89 1771 187 1805 centi
208 1770 365 1817 equites,
384 1768 558 1817 vigilibus
576 1768 622 1803 ad
642 1774 768 1817 portas
790 1768 1000 1811 trucidatis,
1018 1769 1064 1804 ad
1084 1769 1193 1805 Han-
1207 1767 1412 1830 ξῇῑῐῑδῐῑῖὃξῗά

88 1833 253 1869 nibalem
284 1832 564 1880 transfugiunt:
598 1844 691 1879 quos
725 1831 865 1866 Poenus
895 1831 1058 1880 benigne
1088 1833 1192 1869 adlo-
1207 1820 1265 1872 unt
1283 1812 1349 1872 adg

90 1903 210 1940 cutus,
233 1902 270 1932 et
299 1908 363 1945 spe
383 1897 593 1944 ingentium
614 1896 799 1931 donorum
831 1907 1022 1938 accensos,
1044 1897 1081 1931 in
1102 1898 1191 1932 civi-
1206 1886 1376 1958 ffffimiba’

88 1968 184 1997 tates
202 1973 386 2009 quemque
401 1972 499 2002 suaS,
517 1961 561 1995 ad
582 1959 838 1995 sollicitandos
856 1959 1094 2008 popularium
1111 1962 1191 1996 ani-
1276 1951 1282 1958 ’

88 2038 169 2062 mos
190 2025 342 2061 dimisit.
399 2025 540 2073 Scipio,
572 2024 708 2059 caedern
730 2037 812 2059 eam
843 2024 991 2071 signum
1013 2025 1192 2060 defectio-

87 2091 144 2126 nis
174 2089 342 2125 omniurn
364 2088 560 2124 Gallorum
590 2101 669 2124 esse
698 2096 815 2132 ratus,
847 2080 1118 2136 contactosque
1148 2102 1193 2124 eo

88 2153 240 2196 scelere,
261 2152 363 2188 velut
388 2151 527 2201 injecta
552 2153 670 2194 rabie,
691 2153 735 2188 acl
756 2166 859 2187 arma
887 2154 1004 2187 ituros
1022 2169 1029 2195 3
1063 2166 1194 2200 quam-

91 2230 201 2266 quam
221 2217 343 2264 gravis
365 2216 486 2251 adhuc
515 2215 667 2251 vulnere
697 2225 789 2259 erat,
820 2223 947 2251 tamen
975 2223 1108 2264 quarta
1137 2217 1192 2250 vi'-
1206 2226 1312 2264 Scipio
1329 2229 1367 2256 ad

93 2280 181 2327 gilia
199 2280 322 2315 noctis
352 2279 583 2327 insequentis
614 2280 732 2314 tacito
752 2280 902 2329 agmine
932 2278 1122 2328 profectus
1146 2269 1357 2315 ald-Trebiam

91 2342 268 2379 Trebiam
287 2341 454 2385 fluvium,
484 2343 525 2378 in
552 2342 637 2379 loca
665 2343 800 2380 altiora
827 2343 1015 2391 collesque
1048 2343 1193 2392 inpcdi-
1208 2313 1337 2341 recedit,
