1527 2661
328 179 480 207 LIBER
502 177 633 206 XXII.
666 175 773 206 cAP.
796 177 939 207 xxlv.
1101 177 1179 223 257

76 267 116 303 in
135 266 423 303 frumentatores
450 265 612 315 palatos,
632 272 698 302 aut
723 266 762 301 in
781 271 917 307 castra,
937 265 1070 302 relicta
1095 279 1180 302 cum
1194 275 1234 304 U.
1252 273 1287 303 C.
1307 279 1382 317 535.

75 330 148 366 levi
167 330 354 381 praesidio,
375 329 492 366 fieret.
547 330 630 366 Nec
651 330 907 367 Hannibalem
926 329 1075 373 fefellit,
1096 341 1181 367 cum
1193 322 1231 352 Α·
1248 317 1285 348 C·
1301 321 1376 349 ²¹⁷·

77 394 171 430 duce
189 399 373 429 mutatam
392 406 471 428 esse
490 393 578 429 belli
598 394 798 437 rationem,
820 400 857 429 et
875 393 1052 436 ferocius,
1070 405 1183 442 quam

77 457 299 499 consultius,
318 468 396 492 rem
414 457 541 492 hostes
557 463 742 505 gesturos,
798 457 886 507 lpse
905 463 1045 500 autem,
1065 457 1183 506 (quod

74 521 229 556 minime
258 521 339 568 quis
369 521 552 567 crederet)
584 533 699 569 quum
730 522 850 557 hostis
883 522 1036 571 propius
1069 526 1182 564 esset,

76 585 226 620 tertiam
246 591 390 634 partem
410 584 572 620 militum
591 585 876 629 frumentatum,
897 585 1040 622 duabus
1060 586 1099 621 in
1119 597 1181 621 ca-

77 648 163 683 stris
190 648 361 690 retentis,
382 648 547 693 dimisit;
580 649 665 684 dein
686 655 808 685 castra
834 650 915 698 ipsa
934 650 1087 699 propius
1110 649 1180 685 ho-

77 717 172 746 stem
193 712 325 753 movit‚
342 711 416 746 duo
432 710 548 747 ferme
567 724 588 747 a
604 712 772 749 Geronio
793 713 922 757 millia,
940 714 979 749 in
994 712 1182 749 tumulum

76 774 179 810 hosti
206 781 448 823 conspectum
462 790 473 819 3
506 781 547 810 ut
573 776 761 811 intentum
791 778 904 813 sciret
930 789 1010 812 esse
1036 777 1082 813 ad
1100 776 1181 813 fru-

75 842 320 879 mentatores,
343 837 373 873 si
393 850 467 885 qua
482 838 536 873 vis
557 838 676 881 fieret,
693 839 884 875 tutandos.
942 840 1104 889 Propior
1122 842 1180 876 in-

35 900 37 922 *
77 902 120 938 de
140 902 188 944 ei,
217 907 329 949 atque
354 902 443 950 ipsis
470 902 656 937 inminens
677 901 940 938 Romanorum
966 904 1096 938 castris
1119 909 1181 938 tu-

31 952 35 984 3
74 966 196 1003 mulus
223 967 418 1016 adparuit:
451 967 498 1002 ad
518 979 629 1015 quem
655 967 877 1016 capiendum
897 968 928 1003 si
955 968 1037 1004 luce
1056 968 1181 1018 palam

74 1033 204 1075 iretur,
222 1032 310 1080 quia
327 1030 428 1067 haud
443 1031 554 1067 dubie
570 1031 690 1066 bostis
705 1031 877 1067 breviore
895 1033 954 1068 via
969 1038 1181 1082 praeventu-

72 1108 135 1132 rus
155 1101 248 1137 erat,
269 1100 382 1130 nocte
401 1094 497 1130 clam
523 1094 627 1130 missi
649 1094 687 1129 N
691 1094 825 1130 umidae
852 1101 1054 1144 ceperunt:
1086 1107 1180 1144 quos

74 1165 245 1197 tenentes
271 1160 410 1202 locum,
441 1164 634 1196 contemta
662 1160 867 1208 paucitate,
896 1158 1064 1195 Romani
1092 1170 1181 1208 pos·

72 1231 155 1261 tero
175 1224 233 1260 die
252 1236 367 1272 quum
392 1222 602 1272 ejecissent,
624 1224 694 1273 ipsi
717 1233 763 1259 eo
790 1220 1022 1259 transferunt
1045 1227 1179 1259 castra.

74 1285 173 1325 Tum
189 1287 329 1336 itaque,
346 1293 388 1323 ut
403 1288 580 1337 exiguum
597 1288 709 1337 spatii
725 1287 863 1324 vallum
883 1300 906 1324 a
917 1286 1016 1323 vallo
1032 1286 1179 1329 aberat,

76 1359 114 1387 et
133 1351 170 1386 id
189 1352 312 1401 ipsum
326 1357 450 1386 totum
469 1363 586 1400 prope
602 1350 854 1400 compleverat
869 1350 1047 1386 Romana
1065 1350 1179 1392 acies,

76 1414 187 1450 simul
206 1420 245 1449 et
262 1426 328 1463 per
348 1426 477 1449 aversa
493 1420 617 1450 castra
636 1426 658 1450 a
672 1414 803 1449 castris
824 1412 1052 1449 Hannibalis
1073 1412 1179 1461 equi-

74 1485 190 1521 tatus,
211 1490 297 1514 cum
315 1477 387 1514 levi
414 1484 604 1514 armatura
629 1478 785 1514 emissus
811 1478 851 1513 in
870 1477 1180 1519 frumentatores,

74 1541 150 1578 late
169 1541 308 1577 caedem
325 1540 531 1589 fugamque
545 1541 713 1577 hostium
732 1540 946 1592 palatorum
965 1539 1078 1576 fecit:
1110 1551 1181 1575 nec

75 1606 155 1641 acie
181 1611 325 1641 certare
351 1604 547 1640 Hannibal
573 1618 683 1641 ausus
698 1621 708 1650 3
741 1605 829 1653 quia
854 1610 961 1640 tanta
989 1603 1182 1653 paucitate

73 1669 137 1704 vix
152 1673 287 1709 castra,
308 1667 339 1702 si
354 1666 677 1716 obpugnarentur‚
694 1669 810 1704 tutari
829 1672 991 1717 poterat.
1019 1666 1182 1714 Jamque

24 1754 26 1781 5
76 1730 217 1767 artibus
238 1729 360 1772 Fabii,
383 1731 485 1779 (pars
512 1731 696 1766 exercitus
717 1730 863 1777 aberat)
878 1729 961 1779 jam
980 1729 1097 1765 ferme
1123 1740 1180 1764 se-

75 1795 197 1831 dendo
227 1801 265 1830 et
301 1794 513 1830 cunctando
549 1794 689 1830 bellum
717 1796 885 1844 gerebat,
917 1799 1182 1844 receperatque

75 1871 161 1894 suos
192 1859 232 1893 in
259 1858 387 1905 priora
422 1864 557 1901 castra,
585 1871 667 1907 quae
700 1872 768 1909 pro
803 1859 960 1894 Geronii
992 1856 1180 1893 moenibus

74 1927 194 1958 erant.
250 1921 274 1956 J
279 1926 361 1956 usta
380 1933 529 1969 quoque
549 1922 627 1957 acie
647 1928 684 1957 et
704 1921 864 1957 conlatis
885 1921 1001 1969 signis
1022 1920 1179 1955 dimica-

73 1991 170 2027 tum,
198 1984 350 2032 quidam
375 1989 546 2019 auctores
580 1990 690 2020 sunt:
722 1985 845 2034 primo
875 1995 1061 2020 concursu
1090 1981 1179 2018 Poe-

73 2061 164 2084 num
184 2059 300 2095 usque
319 2046 366 2082 ad
384 2052 508 2082 castra
525 2047 664 2089 fusum,
680 2047 766 2083 inde
786 2047 984 2096 eruptione
999 2045 1102 2081 facta
1121 2057 1178 2080 re-

73 2117 186 2161 pente
212 2122 359 2146 versum
377 2115 559 2145 terrorem
578 2111 616 2145 in
637 2108 832 2145 Romanos
849 2126 856 2146 :
889 2109 1006 2145 Num.
1062 2107 1178 2143 Deci-

74 2174 140 2210 mii
177 2173 356 2209 Samnitis
396 2172 530 2208 deinde
567 2173 780 2209 interventu
815 2171 991 2222 proelium
1028 2171 1179 2205 restitu-

73 2242 167 2273 tum.
222 2235 351 2278 Hunc,
379 2236 585 2285 principem
606 2247 742 2284 genere
767 2248 810 2272 ac
829 2235 968 2271 divitiis
996 2245 1073 2269 nou
1100 2232 1178 2267 Bo-

74 2298 173 2334 viani
201 2298 326 2343 modo,
348 2298 447 2349 unde
474 2305 566 2341 erat,
588 2298 652 2333 sed
678 2304 762 2335 toto
790 2297 958 2340 Samnio,
973 2295 1083 2347 jussu
1101 2294 1179 2330 dic·
