<?xml version="1.0" encoding="UTF-8"?>
<!DOCTYPE html PUBLIC "-//W3C//DTD XHTML 1.0 Transitional//EN"
    "http://www.w3.org/TR/xhtml1/DTD/xhtml1-transitional.dtd">
<html xmlns="http://www.w3.org/1999/xhtml" xml:lang="en" lang="en">
 <head>
  <title>
</title>
<meta http-equiv="Content-Type" content="text/html;charset=utf-8" />
  <meta name='ocr-system' content='tesseract 3.04.00' />
  <meta name='ocr-capabilities' content='ocr_page ocr_carea ocr_par ocr_line ocrx_word'/>
</head>
<body>
  <div class='ocr_page' id='page_1' title='image "./historiarumquaes02livyuoft/historiarumquaes02livyuoft_0171.png"; bbox 0 0 1527 2661; ppageno 0'>
   <div class='ocr_carea' id='block_1_1' title="bbox 358 218 1184 279">
    <p class='ocr_par' dir='ltr' id='par_1_1' title="bbox 358 218 1184 279">
     <span class='ocr_line' id='line_1_1' title="bbox 358 218 1184 279; baseline -0.005 -16"><span class='ocrx_word' id='word_1_1' title='bbox 358 234 512 263; x_wconf 80' lang='lat' dir='ltr'>LIBER</span> <span class='ocrx_word' id='word_1_2' title='bbox 536 233 644 263; x_wconf 68' lang='lat' dir='ltr'>xm.</span> <span class='ocrx_word' id='word_1_3' title='bbox 677 231 783 279; x_wconf 73' lang='lat' dir='ltr'>cAP.</span> <span class='ocrx_word' id='word_1_4' title='bbox 807 231 901 260; x_wconf 82' lang='lat' dir='ltr'>vn.</span> <span class='ocrx_word' id='word_1_5' title='bbox 1106 218 1184 260; x_wconf 82' lang='lat'>161</span> 
     </span>
    </p>
   </div>
   <div class='ocr_carea' id='block_1_2' title="bbox 78 318 1382 399">
    <p class='ocr_par' dir='ltr' id='par_1_2' title="bbox 78 318 1382 399">
     <span class='ocr_line' id='line_1_2' title="bbox 78 318 1379 399; baseline -0.003 -39"><span class='ocrx_word' id='word_1_6' title='bbox 78 335 135 359; x_wconf 86' lang='lat' dir='ltr'>res</span> <span class='ocrx_word' id='word_1_7' title='bbox 156 323 203 360; x_wconf 88' lang='lat' dir='ltr'>ad</span> <span class='ocrx_word' id='word_1_8' title='bbox 222 329 408 360; x_wconf 89' lang='lat' dir='ltr'>senatum.</span> <span class='ocrx_word' id='word_1_9' title='bbox 454 323 547 366; x_wconf 84' lang='lat' dir='ltr'>Alii,</span> <span class='ocrx_word' id='word_1_10' title='bbox 568 321 782 373; x_wconf 85' lang='lat' dir='ltr'>provincias</span> <span class='ocrx_word' id='word_1_11' title='bbox 803 318 1022 357; x_wconf 89' lang='lat' dir='ltr'>consulibus</span> <span class='ocrx_word' id='word_1_12' title='bbox 1043 318 1186 370; x_wconf 86' lang='lat' dir='ltr'>Hispa·</span> <span class='ocrx_word' id='word_1_13' title='bbox 1199 325 1240 398; x_wconf 54' lang='grc' dir='ltr'>ἕ</span> <span class='ocrx_word' id='word_1_14' title='bbox 1253 323 1290 399; x_wconf 69' lang='lat' dir='ltr'>g.</span> <span class='ocrx_word' id='word_1_15' title='bbox 1307 330 1379 356; x_wconf 78' lang='lat'><strong><em>534.</em></strong></span> 
     </span>
     <span class='ocr_line' id='line_1_3' title="bbox 1232 375 1382 399; baseline 0 -1"><span class='ocrx_word' id='word_1_16' title='bbox 1232 389 1239 398; x_wconf 96' lang='lat'>.</span> <span class='ocrx_word' id='word_1_17' title='bbox 1282 375 1382 399; x_wconf 78' lang='lat'><strong>.218.</strong></span> 
     </span>
    </p>
   </div>
   <div class='ocr_carea' id='block_1_3' title="bbox 75 385 1198 2429">
    <p class='ocr_par' dir='ltr' id='par_1_3' title="bbox 75 385 1193 1016">
     <span class='ocr_line' id='line_1_4' title="bbox 77 385 1189 437; baseline -0.004 -13"><span class='ocrx_word' id='word_1_18' title='bbox 77 388 179 424; x_wconf 85' lang='lat' dir='ltr'>niam</span> <span class='ocrx_word' id='word_1_19' title='bbox 199 394 312 437; x_wconf 89' lang='lat' dir='ltr'>atque</span> <span class='ocrx_word' id='word_1_20' title='bbox 331 388 500 424; x_wconf 85' lang='lat' dir='ltr'>Africam</span> <span class='ocrx_word' id='word_1_21' title='bbox 521 388 780 427; x_wconf 84' lang='lat' dir='ltr'>decernentes,</span> <span class='ocrx_word' id='word_1_22' title='bbox 800 392 903 422; x_wconf 83' lang='lat' dir='ltr'>terra</span> <span class='ocrx_word' id='word_1_23' title='bbox 921 385 1089 433; x_wconf 89' lang='lat' dir='ltr'>marique</span> <span class='ocrx_word' id='word_1_24' title='bbox 1109 396 1189 420; x_wconf 89' lang='lat' dir='ltr'>rem</span> 
     </span>
     <span class='ocr_line' id='line_1_5' title="bbox 79 447 1189 499; baseline -0.003 -13"><span class='ocrx_word' id='word_1_25' title='bbox 79 451 279 499; x_wconf 88' lang='lat' dir='ltr'>gerendam</span> <span class='ocrx_word' id='word_1_26' title='bbox 296 452 501 488; x_wconf 84' lang='lat' dir='ltr'>censebant</span> <span class='ocrx_word' id='word_1_27' title='bbox 518 467 524 487; x_wconf 78' lang='lat' dir='ltr'>z</span> <span class='ocrx_word' id='word_1_28' title='bbox 549 451 612 487; x_wconf 89' lang='lat' dir='ltr'>alii</span> <span class='ocrx_word' id='word_1_29' title='bbox 628 456 753 486; x_wconf 90' lang='lat' dir='ltr'>totum</span> <span class='ocrx_word' id='word_1_30' title='bbox 769 451 808 485; x_wconf 90' lang='lat' dir='ltr'>in</span> <span class='ocrx_word' id='word_1_31' title='bbox 828 449 1057 498; x_wconf 86' lang='lat' dir='ltr'>Hispaniam</span> <span class='ocrx_word' id='word_1_32' title='bbox 1077 447 1189 484; x_wconf 90' lang='lat' dir='ltr'>Han-</span> 
     </span>
     <span class='ocr_line' id='line_1_6' title="bbox 76 516 1190 567; baseline -0.002 -15"><span class='ocrx_word' id='word_1_33' title='bbox 76 517 315 567; x_wconf 87' lang='lat' dir='ltr'>nibalemque</span> <span class='ocrx_word' id='word_1_34' title='bbox 334 517 585 554; x_wconf 83' lang='lat' dir='ltr'>intendebant</span> <span class='ocrx_word' id='word_1_35' title='bbox 603 516 755 553; x_wconf 90' lang='lat' dir='ltr'>bellum.</span> <span class='ocrx_word' id='word_1_36' title='bbox 792 516 929 558; x_wconf 85' lang='lat' dir='ltr'>Erant,</span> <span class='ocrx_word' id='word_1_37' title='bbox 951 516 1013 564; x_wconf 89' lang='lat' dir='ltr'>qui</span> <span class='ocrx_word' id='word_1_38' title='bbox 1034 527 1113 551; x_wconf 91' lang='lat' dir='ltr'>non</span> <span class='ocrx_word' id='word_1_39' title='bbox 1132 521 1190 550; x_wconf 87' lang='lat' dir='ltr'>te-</span> 
     </span>
     <span class='ocr_line' id='line_1_7' title="bbox 76 580 1191 630; baseline 0.001 -14"><span class='ocrx_word' id='word_1_40' title='bbox 76 593 178 617; x_wconf 87' lang='lat' dir='ltr'>mere</span> <span class='ocrx_word' id='word_1_41' title='bbox 210 582 435 618; x_wconf 87' lang='lat' dir='ltr'>movendam</span> <span class='ocrx_word' id='word_1_42' title='bbox 465 594 544 618; x_wconf 90' lang='lat' dir='ltr'>rem</span> <span class='ocrx_word' id='word_1_43' title='bbox 574 588 735 625; x_wconf 85' lang='lat' dir='ltr'>tantam,</span> <span class='ocrx_word' id='word_1_44' title='bbox 769 580 1118 630; x_wconf 81' lang='lat' dir='ltr'>exspectandosque</span> <span class='ocrx_word' id='word_1_45' title='bbox 1144 591 1191 617; x_wconf 83' lang='lat' dir='ltr'>ex</span> 
     </span>
     <span class='ocr_line' id='line_1_8' title="bbox 78 645 1191 696; baseline 0 -14"><span class='ocrx_word' id='word_1_46' title='bbox 78 645 268 696; x_wconf 85' lang='lat' dir='ltr'>Hispania</span> <span class='ocrx_word' id='word_1_47' title='bbox 296 648 442 696; x_wconf 83' lang='lat' dir='ltr'>legatos</span> <span class='ocrx_word' id='word_1_48' title='bbox 477 654 685 685; x_wconf 84' lang='lat' dir='ltr'>censerent.</span> <span class='ocrx_word' id='word_1_49' title='bbox 743 646 840 684; x_wconf 82' lang='lat' dir='ltr'>Haec</span> <span class='ocrx_word' id='word_1_50' title='bbox 873 645 1076 688; x_wconf 86' lang='lat' dir='ltr'>sententia,</span> <span class='ocrx_word' id='word_1_51' title='bbox 1107 658 1191 694; x_wconf 84' lang='lat' dir='ltr'>quae</span> 
     </span>
     <span class='ocr_line' id='line_1_9' title="bbox 75 709 1191 758; baseline -0.001 -13"><span class='ocrx_word' id='word_1_52' title='bbox 75 711 267 746; x_wconf 84' lang='lat' dir='ltr'>tutissima</span> <span class='ocrx_word' id='word_1_53' title='bbox 301 711 513 754; x_wconf 87' lang='lat' dir='ltr'>videbatur,</span> <span class='ocrx_word' id='word_1_54' title='bbox 548 711 661 747; x_wconf 88' lang='lat' dir='ltr'>vicit:</span> <span class='ocrx_word' id='word_1_55' title='bbox 698 709 890 758; x_wconf 85' lang='lat' dir='ltr'>legatique</span> <span class='ocrx_word' id='word_1_56' title='bbox 927 722 973 744; x_wconf 88' lang='lat' dir='ltr'>eo</span> <span class='ocrx_word' id='word_1_57' title='bbox 1005 709 1191 745; x_wconf 89' lang='lat' dir='ltr'>maturius</span> 
     </span>
     <span class='ocr_line' id='line_1_10' title="bbox 77 771 1190 821; baseline 0 -13"><span class='ocrx_word' id='word_1_58' title='bbox 77 772 196 815; x_wconf 87' lang='lat' dir='ltr'>missi,</span> <span class='ocrx_word' id='word_1_59' title='bbox 217 773 260 810; x_wconf 90' lang='lat' dir='ltr'>P.</span> <span class='ocrx_word' id='word_1_60' title='bbox 276 774 449 810; x_wconf 89' lang='lat' dir='ltr'>Valerius</span> <span class='ocrx_word' id='word_1_61' title='bbox 469 774 627 810; x_wconf 87' lang='lat' dir='ltr'>Flaccus</span> <span class='ocrx_word' id='word_1_62' title='bbox 658 779 698 809; x_wconf 91' lang='lat' dir='ltr'>et</span> <span class='ocrx_word' id='word_1_63' title='bbox 715 774 764 812; x_wconf 86' lang='lat' dir='ltr'>Q.</span> <span class='ocrx_word' id='word_1_64' title='bbox 778 772 930 808; x_wconf 83' lang='lat' dir='ltr'>Baebius</span> <span class='ocrx_word' id='word_1_65' title='bbox 951 771 1190 821; x_wconf 85' lang='lat' dir='ltr'>TamphiluS‚</span> 
     </span>
     <span class='ocr_line' id='line_1_11' title="bbox 78 834 1190 885; baseline -0.002 -13"><span class='ocrx_word' id='word_1_66' title='bbox 78 835 290 884; x_wconf 87' lang='lat' dir='ltr'>Saguntum</span> <span class='ocrx_word' id='word_1_67' title='bbox 305 837 353 873; x_wconf 92' lang='lat' dir='ltr'>ad</span> <span class='ocrx_word' id='word_1_68' title='bbox 369 837 642 880; x_wconf 87' lang='lat' dir='ltr'>Hannibalem,</span> <span class='ocrx_word' id='word_1_69' title='bbox 660 843 773 885; x_wconf 88' lang='lat' dir='ltr'>atque</span> <span class='ocrx_word' id='word_1_70' title='bbox 792 836 879 871; x_wconf 91' lang='lat' dir='ltr'>inde</span> <span class='ocrx_word' id='word_1_71' title='bbox 894 834 1190 883; x_wconf 85' lang='lat' dir='ltr'>Karthaginem,</span> 
     </span>
     <span class='ocr_line' id='line_1_12' title="bbox 75 898 1193 949; baseline 0.001 -15"><span class='ocrx_word' id='word_1_72' title='bbox 75 899 108 934; x_wconf 86' lang='lat' dir='ltr'>si</span> <span class='ocrx_word' id='word_1_73' title='bbox 127 911 204 936; x_wconf 89' lang='lat' dir='ltr'>uon</span> <span class='ocrx_word' id='word_1_74' title='bbox 224 899 470 937; x_wconf 84' lang='lat' dir='ltr'>absisteretur</span> <span class='ocrx_word' id='word_1_75' title='bbox 488 900 605 944; x_wconf 85' lang='lat' dir='ltr'>bello,</span> <span class='ocrx_word' id='word_1_76' title='bbox 623 900 669 937; x_wconf 90' lang='lat' dir='ltr'>ad</span> <span class='ocrx_word' id='word_1_77' title='bbox 685 900 818 936; x_wconf 83' lang='lat' dir='ltr'>ducem</span> <span class='ocrx_word' id='word_1_78' title='bbox 837 900 961 949; x_wconf 88' lang='lat' dir='ltr'>ipsum</span> <span class='ocrx_word' id='word_1_79' title='bbox 979 898 1019 935; x_wconf 92' lang='lat' dir='ltr'>in</span> <span class='ocrx_word' id='word_1_80' title='bbox 1038 911 1193 948; x_wconf 86' lang='lat' dir='ltr'>poenam</span> 
     </span>
     <span class='ocr_line' id='line_1_13' title="bbox 77 962 662 1016; baseline 0.002 -16"><span class='ocrx_word' id='word_1_81' title='bbox 77 962 229 1000; x_wconf 85' lang='lat' dir='ltr'>foederis</span> <span class='ocrx_word' id='word_1_82' title='bbox 249 965 351 1015; x_wconf 88' lang='lat' dir='ltr'>rupti</span> <span class='ocrx_word' id='word_1_83' title='bbox 371 965 662 1016; x_wconf 88' lang='lat' dir='ltr'>deposcendum.</span> 
     </span>
    </p>

    <p class='ocr_par' dir='ltr' id='par_1_4' title="bbox 76 1026 1198 2429">
     <span class='ocr_line' id='line_1_14' title="bbox 131 1026 1189 1080; baseline 0.003 -17"><span class='ocrx_word' id='word_1_84' title='bbox 131 1028 222 1066; x_wconf 91' lang='lat' dir='ltr'>VII.</span> <span class='ocrx_word' id='word_1_85' title='bbox 252 1028 357 1066; x_wconf 89' lang='lat' dir='ltr'>Dum</span> <span class='ocrx_word' id='word_1_86' title='bbox 377 1042 421 1066; x_wconf 88' lang='lat' dir='ltr'>ea</span> <span class='ocrx_word' id='word_1_87' title='bbox 438 1029 607 1067; x_wconf 87' lang='lat' dir='ltr'>Romani</span> <span class='ocrx_word' id='word_1_88' title='bbox 627 1034 762 1080; x_wconf 86' lang='lat' dir='ltr'>parant</span> <span class='ocrx_word' id='word_1_89' title='bbox 783 1027 1090 1078; x_wconf 84' lang='lat' dir='ltr'>consultantque‚</span> <span class='ocrx_word' id='word_1_90' title='bbox 1105 1026 1189 1078; x_wconf 85' lang='lat' dir='ltr'>jam</span> 
     </span>
     <span class='ocr_line' id='line_1_15' title="bbox 78 1092 1191 1146; baseline -0.001 -17"><span class='ocrx_word' id='word_1_91' title='bbox 78 1092 291 1142; x_wconf 86' lang='lat' dir='ltr'>Saguntum</span> <span class='ocrx_word' id='word_1_92' title='bbox 303 1106 450 1131; x_wconf 90' lang='lat' dir='ltr'>summa</span> <span class='ocrx_word' id='word_1_93' title='bbox 464 1096 499 1131; x_wconf 93' lang='lat' dir='ltr'>vi</span> <span class='ocrx_word' id='word_1_94' title='bbox 515 1094 822 1146; x_wconf 79' lang='lat' dir='ltr'>obpugnabatur.</span> <span class='ocrx_word' id='word_1_95' title='bbox 858 1093 1001 1129; x_wconf 84' lang='lat' dir='ltr'>Civitas</span> <span class='ocrx_word' id='word_1_96' title='bbox 1018 1105 1063 1136; x_wconf 80' lang='lat' dir='ltr'>ea</span> <span class='ocrx_word' id='word_1_97' title='bbox 1074 1092 1191 1142; x_wconf 87' lang='lat' dir='ltr'>longe</span> 
     </span>
     <span class='ocr_line' id='line_1_16' title="bbox 77 1157 1193 1209; baseline 0.002 -16"><span class='ocrx_word' id='word_1_98' title='bbox 77 1158 365 1208; x_wconf 87' lang='lat' dir='ltr'>opulentissima</span> <span class='ocrx_word' id='word_1_99' title='bbox 397 1159 497 1196; x_wconf 88' lang='lat' dir='ltr'>ultra</span> <span class='ocrx_word' id='word_1_100' title='bbox 522 1159 675 1196; x_wconf 88' lang='lat' dir='ltr'>Iberum</span> <span class='ocrx_word' id='word_1_101' title='bbox 706 1158 793 1202; x_wconf 83' lang='lat' dir='ltr'>fuit,</span> <span class='ocrx_word' id='word_1_102' title='bbox 825 1159 898 1194; x_wconf 88' lang='lat' dir='ltr'>sita</span> <span class='ocrx_word' id='word_1_103' title='bbox 930 1170 1061 1209; x_wconf 89' lang='lat' dir='ltr'>passus</span> <span class='ocrx_word' id='word_1_104' title='bbox 1089 1157 1193 1195; x_wconf 88' lang='lat' dir='ltr'>mille</span> 
     </span>
     <span class='ocr_line' id='line_1_17' title="bbox 76 1220 1192 1272; baseline 0.001 -15"><span class='ocrx_word' id='word_1_105' title='bbox 76 1220 195 1258; x_wconf 82' lang='lat' dir='ltr'>ferme</span> <span class='ocrx_word' id='word_1_106' title='bbox 215 1235 236 1259; x_wconf 85' lang='lat' dir='ltr'>a</span> <span class='ocrx_word' id='word_1_107' title='bbox 255 1224 361 1259; x_wconf 89' lang='lat' dir='ltr'>mari.</span> <span class='ocrx_word' id='word_1_108' title='bbox 409 1223 571 1259; x_wconf 83' lang='lat' dir='ltr'>Oriundi</span> <span class='ocrx_word' id='word_1_109' title='bbox 591 1237 612 1259; x_wconf 94' lang='lat' dir='ltr'>a</span> <span class='ocrx_word' id='word_1_110' title='bbox 632 1223 836 1272; x_wconf 89' lang='lat' dir='ltr'>Zacyntho</span> <span class='ocrx_word' id='word_1_111' title='bbox 857 1222 980 1257; x_wconf 91' lang='lat' dir='ltr'>insula</span> <span class='ocrx_word' id='word_1_112' title='bbox 999 1222 1192 1266; x_wconf 89' lang='lat' dir='ltr'>dicuntur,</span> 
     </span>
     <span class='ocr_line' id='line_1_18' title="bbox 78 1286 1194 1335; baseline 0.002 -14"><span class='ocrx_word' id='word_1_113' title='bbox 78 1286 264 1335; x_wconf 85' lang='lat' dir='ltr'>mixtique</span> <span class='ocrx_word' id='word_1_114' title='bbox 289 1288 403 1324; x_wconf 87' lang='lat' dir='ltr'>etiam</span> <span class='ocrx_word' id='word_1_115' title='bbox 430 1287 477 1324; x_wconf 91' lang='lat' dir='ltr'>ab</span> <span class='ocrx_word' id='word_1_116' title='bbox 497 1288 624 1324; x_wconf 92' lang='lat' dir='ltr'>Ardea</span> <span class='ocrx_word' id='word_1_117' title='bbox 649 1287 884 1324; x_wconf 88' lang='lat' dir='ltr'>Rutulorum</span> <span class='ocrx_word' id='word_1_118' title='bbox 904 1286 1057 1335; x_wconf 87' lang='lat' dir='ltr'>quidam</span> <span class='ocrx_word' id='word_1_119' title='bbox 1077 1298 1194 1335; x_wconf 83' lang='lat' dir='ltr'>gene-</span> 
     </span>
     <span class='ocr_line' id='line_1_19' title="bbox 77 1350 1194 1401; baseline 0.002 -15"><span class='ocrx_word' id='word_1_120' title='bbox 77 1350 152 1386; x_wconf 89' lang='lat' dir='ltr'>ris:</span> <span class='ocrx_word' id='word_1_121' title='bbox 184 1357 351 1387; x_wconf 88' lang='lat' dir='ltr'>ceterum</span> <span class='ocrx_word' id='word_1_122' title='bbox 386 1353 426 1388; x_wconf 91' lang='lat' dir='ltr'>in</span> <span class='ocrx_word' id='word_1_123' title='bbox 455 1359 581 1388; x_wconf 85' lang='lat' dir='ltr'>tantas</span> <span class='ocrx_word' id='word_1_124' title='bbox 611 1352 717 1389; x_wconf 88' lang='lat' dir='ltr'>brevi</span> <span class='ocrx_word' id='word_1_125' title='bbox 754 1358 950 1388; x_wconf 88' lang='lat' dir='ltr'>creverant</span> <span class='ocrx_word' id='word_1_126' title='bbox 987 1364 1093 1401; x_wconf 83' lang='lat' dir='ltr'>opeS,</span> <span class='ocrx_word' id='word_1_127' title='bbox 1129 1364 1194 1388; x_wconf 87' lang='lat' dir='ltr'>seu</span> 
     </span>
     <span class='ocr_line' id='line_1_20' title="bbox 79 1415 1194 1459; baseline 0.002 -9"><span class='ocrx_word' id='word_1_128' title='bbox 79 1415 291 1459; x_wconf 87' lang='lat' dir='ltr'>maritimis,</span> <span class='ocrx_word' id='word_1_129' title='bbox 314 1428 378 1452; x_wconf 90' lang='lat' dir='ltr'>seu</span> <span class='ocrx_word' id='word_1_130' title='bbox 403 1417 644 1453; x_wconf 86' lang='lat' dir='ltr'>terrestribus</span> <span class='ocrx_word' id='word_1_131' title='bbox 664 1417 866 1459; x_wconf 86' lang='lat' dir='ltr'>fructibus,</span> <span class='ocrx_word' id='word_1_132' title='bbox 888 1429 954 1452; x_wconf 91' lang='lat' dir='ltr'>seu</span> <span class='ocrx_word' id='word_1_133' title='bbox 980 1416 1194 1453; x_wconf 87' lang='lat' dir='ltr'>multitudi-</span> 
     </span>
     <span class='ocr_line' id='line_1_21' title="bbox 77 1479 1195 1532; baseline 0.003 -17"><span class='ocrx_word' id='word_1_134' title='bbox 77 1479 135 1519; x_wconf 88' lang='lat' dir='ltr'>nis</span> <span class='ocrx_word' id='word_1_135' title='bbox 158 1481 407 1524; x_wconf 87' lang='lat' dir='ltr'>incremento,</span> <span class='ocrx_word' id='word_1_136' title='bbox 429 1493 495 1517; x_wconf 88' lang='lat' dir='ltr'>seu</span> <span class='ocrx_word' id='word_1_137' title='bbox 521 1483 725 1518; x_wconf 88' lang='lat' dir='ltr'>sanctitate</span> <span class='ocrx_word' id='word_1_138' title='bbox 745 1482 968 1532; x_wconf 78' lang='lat' dir='ltr'>disciplinae,</span> <span class='ocrx_word' id='word_1_139' title='bbox 990 1494 1064 1530; x_wconf 89' lang='lat' dir='ltr'>qua</span> <span class='ocrx_word' id='word_1_140' title='bbox 1082 1481 1195 1518; x_wconf 88' lang='lat' dir='ltr'>fidem</span> 
     </span>
     <span class='ocr_line' id='line_1_22' title="bbox 79 1543 1195 1596; baseline 0.003 -17"><span class='ocrx_word' id='word_1_141' title='bbox 79 1543 257 1581; x_wconf 89' lang='lat' dir='ltr'>socialem</span> <span class='ocrx_word' id='word_1_142' title='bbox 276 1558 394 1594; x_wconf 88' lang='lat' dir='ltr'>usque</span> <span class='ocrx_word' id='word_1_143' title='bbox 414 1546 460 1582; x_wconf 91' lang='lat' dir='ltr'>ad</span> <span class='ocrx_word' id='word_1_144' title='bbox 480 1547 685 1596; x_wconf 91' lang='lat' dir='ltr'>perniciem</span> <span class='ocrx_word' id='word_1_145' title='bbox 705 1559 811 1583; x_wconf 88' lang='lat' dir='ltr'>suam</span> <span class='ocrx_word' id='word_1_146' title='bbox 831 1546 1042 1583; x_wconf 86' lang='lat' dir='ltr'>coluerunt.</span> <span class='ocrx_word' id='word_1_147' title='bbox 1082 1545 1195 1582; x_wconf 88' lang='lat' dir='ltr'>Han-</span> 
     </span>
     <span class='ocr_line' id='line_1_23' title="bbox 78 1607 1192 1659; baseline 0.003 -17"><span class='ocrx_word' id='word_1_148' title='bbox 78 1607 196 1651; x_wconf 88' lang='lat' dir='ltr'>nibal,</span> <span class='ocrx_word' id='word_1_149' title='bbox 226 1609 367 1645; x_wconf 85' lang='lat' dir='ltr'>infesto</span> <span class='ocrx_word' id='word_1_150' title='bbox 401 1611 570 1646; x_wconf 86' lang='lat' dir='ltr'>exercitu</span> <span class='ocrx_word' id='word_1_151' title='bbox 603 1611 794 1659; x_wconf 84' lang='lat' dir='ltr'>ingressus</span> <span class='ocrx_word' id='word_1_152' title='bbox 826 1610 933 1653; x_wconf 85' lang='lat' dir='ltr'>fines,</span> <span class='ocrx_word' id='word_1_153' title='bbox 966 1610 1192 1659; x_wconf 85' lang='lat' dir='ltr'>pervastatis</span> 
     </span>
     <span class='ocr_line' id='line_1_24' title="bbox 78 1672 1194 1723; baseline 0.003 -17"><span class='ocrx_word' id='word_1_154' title='bbox 78 1672 218 1720; x_wconf 86' lang='lat' dir='ltr'>passim</span> <span class='ocrx_word' id='word_1_155' title='bbox 245 1674 360 1721; x_wconf 84' lang='lat' dir='ltr'>agriS,</span> <span class='ocrx_word' id='word_1_156' title='bbox 388 1674 521 1710; x_wconf 90' lang='lat' dir='ltr'>urbem</span> <span class='ocrx_word' id='word_1_157' title='bbox 544 1675 738 1723; x_wconf 86' lang='lat' dir='ltr'>tripartito</span> <span class='ocrx_word' id='word_1_158' title='bbox 772 1674 1001 1722; x_wconf 85' lang='lat' dir='ltr'>adgreditur.</span> <span class='ocrx_word' id='word_1_159' title='bbox 1057 1674 1194 1722; x_wconf 86' lang='lat' dir='ltr'>Angu-</span> 
     </span>
     <span class='ocr_line' id='line_1_25' title="bbox 79 1733 1195 1786; baseline 0.003 -16"><span class='ocrx_word' id='word_1_160' title='bbox 79 1733 137 1770; x_wconf 90' lang='lat' dir='ltr'>lus</span> <span class='ocrx_word' id='word_1_161' title='bbox 163 1737 261 1771; x_wconf 84' lang='lat' dir='ltr'>muri</span> <span class='ocrx_word' id='word_1_162' title='bbox 290 1742 370 1772; x_wconf 88' lang='lat' dir='ltr'>erat</span> <span class='ocrx_word' id='word_1_163' title='bbox 403 1738 443 1772; x_wconf 92' lang='lat' dir='ltr'>in</span> <span class='ocrx_word' id='word_1_164' title='bbox 472 1737 684 1786; x_wconf 89' lang='lat' dir='ltr'>planiorem</span> <span class='ocrx_word' id='word_1_165' title='bbox 715 1738 1059 1786; x_wconf 82' lang='lat' dir='ltr'>patentioremque,</span> <span class='ocrx_word' id='word_1_166' title='bbox 1081 1749 1195 1785; x_wconf 85' lang='lat' dir='ltr'>quam</span> 
     </span>
     <span class='ocr_line' id='line_1_26' title="bbox 81 1800 1195 1849; baseline 0.003 -16"><span class='ocrx_word' id='word_1_167' title='bbox 81 1804 207 1834; x_wconf 87' lang='lat' dir='ltr'>cetera</span> <span class='ocrx_word' id='word_1_168' title='bbox 229 1800 342 1842; x_wconf 89' lang='lat' dir='ltr'>circa,</span> <span class='ocrx_word' id='word_1_169' title='bbox 369 1800 505 1836; x_wconf 90' lang='lat' dir='ltr'>vallem</span> <span class='ocrx_word' id='word_1_170' title='bbox 535 1813 717 1849; x_wconf 84' lang='lat' dir='ltr'>vergens:</span> <span class='ocrx_word' id='word_1_171' title='bbox 750 1801 925 1837; x_wconf 89' lang='lat' dir='ltr'>adversus</span> <span class='ocrx_word' id='word_1_172' title='bbox 954 1813 1040 1836; x_wconf 89' lang='lat' dir='ltr'>eum</span> <span class='ocrx_word' id='word_1_173' title='bbox 1065 1801 1195 1837; x_wconf 87' lang='lat' dir='ltr'>vineas</span> 
     </span>
     <span class='ocr_line' id='line_1_27' title="bbox 82 1863 1196 1914; baseline 0.004 -18"><span class='ocrx_word' id='word_1_174' title='bbox 82 1873 194 1909; x_wconf 84' lang='lat' dir='ltr'>agere</span> <span class='ocrx_word' id='word_1_175' title='bbox 223 1863 402 1907; x_wconf 86' lang='lat' dir='ltr'>instituit,</span> <span class='ocrx_word' id='word_1_176' title='bbox 432 1877 499 1914; x_wconf 91' lang='lat' dir='ltr'>per</span> <span class='ocrx_word' id='word_1_177' title='bbox 527 1877 618 1913; x_wconf 90' lang='lat' dir='ltr'>quas</span> <span class='ocrx_word' id='word_1_178' title='bbox 650 1867 745 1901; x_wconf 89' lang='lat' dir='ltr'>aries</span> <span class='ocrx_word' id='word_1_179' title='bbox 779 1865 968 1901; x_wconf 84' lang='lat' dir='ltr'>moenibus</span> <span class='ocrx_word' id='word_1_180' title='bbox 1004 1865 1196 1901; x_wconf 86' lang='lat' dir='ltr'>admoveri</span> 
     </span>
     <span class='ocr_line' id='line_1_28' title="bbox 81 1927 1195 1979; baseline 0.004 -19"><span class='ocrx_word' id='word_1_181' title='bbox 81 1932 222 1974; x_wconf 89' lang='lat' dir='ltr'>posset.</span> <span class='ocrx_word' id='word_1_182' title='bbox 280 1927 352 1963; x_wconf 88' lang='lat' dir='ltr'>Sed</span> <span class='ocrx_word' id='word_1_183' title='bbox 388 1934 430 1963; x_wconf 92' lang='lat' dir='ltr'>ut</span> <span class='ocrx_word' id='word_1_184' title='bbox 469 1928 574 1964; x_wconf 90' lang='lat' dir='ltr'>locus</span> <span class='ocrx_word' id='word_1_185' title='bbox 611 1929 744 1979; x_wconf 88' lang='lat' dir='ltr'>procul</span> <span class='ocrx_word' id='word_1_186' title='bbox 786 1942 895 1964; x_wconf 91' lang='lat' dir='ltr'>muro</span> <span class='ocrx_word' id='word_1_187' title='bbox 939 1929 1029 1965; x_wconf 88' lang='lat' dir='ltr'>satis</span> <span class='ocrx_word' id='word_1_188' title='bbox 1068 1941 1195 1977; x_wconf 87' lang='lat' dir='ltr'>aequus</span> 
     </span>
     <span class='ocr_line' id='line_1_29' title="bbox 82 1991 1196 2044; baseline 0.001 -17"><span class='ocrx_word' id='word_1_189' title='bbox 82 1991 238 2038; x_wconf 83' lang='lat' dir='ltr'>agendis</span> <span class='ocrx_word' id='word_1_190' title='bbox 275 1993 393 2028; x_wconf 86' lang='lat' dir='ltr'>vineis</span> <span class='ocrx_word' id='word_1_191' title='bbox 430 1993 527 2039; x_wconf 82' lang='lat' dir='ltr'>fuit;</span> <span class='ocrx_word' id='word_1_192' title='bbox 569 1995 622 2030; x_wconf 83' lang='lat' dir='ltr'>ita</span> <span class='ocrx_word' id='word_1_193' title='bbox 664 1995 956 2043; x_wconf 89' lang='lat' dir='ltr'>haudquaquam</span> <span class='ocrx_word' id='word_1_194' title='bbox 1002 2005 1196 2044; x_wconf 87' lang='lat' dir='ltr'>prospere,</span> 
     </span>
     <span class='ocr_line' id='line_1_30' title="bbox 83 2057 1197 2109; baseline 0.003 -20"><span class='ocrx_word' id='word_1_195' title='bbox 83 2060 284 2104; x_wconf 89' lang='lat' dir='ltr'>postquam</span> <span class='ocrx_word' id='word_1_196' title='bbox 318 2057 365 2092; x_wconf 89' lang='lat' dir='ltr'>ad</span> <span class='ocrx_word' id='word_1_197' title='bbox 394 2057 568 2094; x_wconf 85' lang='lat' dir='ltr'>effectum</span> <span class='ocrx_word' id='word_1_198' title='bbox 607 2060 731 2109; x_wconf 89' lang='lat' dir='ltr'>operis</span> <span class='ocrx_word' id='word_1_199' title='bbox 764 2067 921 2094; x_wconf 85' lang='lat' dir='ltr'>ventum</span> <span class='ocrx_word' id='word_1_200' title='bbox 954 2064 1025 2101; x_wconf 86' lang='lat' dir='ltr'>est,</span> <span class='ocrx_word' id='word_1_201' title='bbox 1061 2058 1197 2107; x_wconf 81' lang='lat' dir='ltr'>coeptis</span> 
     </span>
     <span class='ocr_line' id='line_1_31' title="bbox 84 2119 1197 2171; baseline 0.004 -18"><span class='ocrx_word' id='word_1_202' title='bbox 84 2119 330 2156; x_wconf 83' lang='lat' dir='ltr'>succedebat:</span> <span class='ocrx_word' id='word_1_203' title='bbox 363 2128 401 2156; x_wconf 89' lang='lat' dir='ltr'>et</span> <span class='ocrx_word' id='word_1_204' title='bbox 430 2123 542 2158; x_wconf 89' lang='lat' dir='ltr'>turris</span> <span class='ocrx_word' id='word_1_205' title='bbox 563 2124 696 2171; x_wconf 88' lang='lat' dir='ltr'>ingens</span> <span class='ocrx_word' id='word_1_206' title='bbox 726 2123 962 2158; x_wconf 83' lang='lat' dir='ltr'>inminebat:</span> <span class='ocrx_word' id='word_1_207' title='bbox 996 2128 1034 2157; x_wconf 91' lang='lat' dir='ltr'>et</span> <span class='ocrx_word' id='word_1_208' title='bbox 1052 2134 1197 2163; x_wconf 90' lang='lat' dir='ltr'>murus,</span> 
     </span>
     <span class='ocr_line' id='line_1_32' title="bbox 85 2183 1198 2236; baseline 0.004 -20"><span class='ocrx_word' id='word_1_209' title='bbox 85 2187 126 2216; x_wconf 88' lang='lat' dir='ltr'>ut</span> <span class='ocrx_word' id='word_1_210' title='bbox 152 2183 190 2217; x_wconf 92' lang='lat' dir='ltr'>in</span> <span class='ocrx_word' id='word_1_211' title='bbox 211 2190 386 2233; x_wconf 90' lang='lat' dir='ltr'>suspecto</span> <span class='ocrx_word' id='word_1_212' title='bbox 406 2184 506 2227; x_wconf 88' lang='lat' dir='ltr'>loco,</span> <span class='ocrx_word' id='word_1_213' title='bbox 535 2198 648 2236; x_wconf 78' lang='lat' dir='ltr'>supra</span> <span class='ocrx_word' id='word_1_214' title='bbox 677 2192 810 2221; x_wconf 85' lang='lat' dir='ltr'>ceterae</span> <span class='ocrx_word' id='word_1_215' title='bbox 840 2186 994 2221; x_wconf 90' lang='lat' dir='ltr'>modum</span> <span class='ocrx_word' id='word_1_216' title='bbox 1028 2184 1198 2220; x_wconf 82' lang='lat' dir='ltr'>altitudi-</span> 
     </span>
     <span class='ocr_line' id='line_1_33' title="bbox 85 2246 1196 2300; baseline 0.003 -20"><span class='ocrx_word' id='word_1_217' title='bbox 85 2246 142 2280; x_wconf 84' lang='lat' dir='ltr'>nis</span> <span class='ocrx_word' id='word_1_218' title='bbox 165 2248 353 2284; x_wconf 90' lang='lat' dir='ltr'>emunitus</span> <span class='ocrx_word' id='word_1_219' title='bbox 384 2255 486 2285; x_wconf 89' lang='lat' dir='ltr'>erat:</span> <span class='ocrx_word' id='word_1_220' title='bbox 521 2256 559 2285; x_wconf 90' lang='lat' dir='ltr'>et</span> <span class='ocrx_word' id='word_1_221' title='bbox 581 2248 763 2300; x_wconf 87' lang='lat' dir='ltr'>juventus</span> <span class='ocrx_word' id='word_1_222' title='bbox 793 2249 953 2292; x_wconf 82' lang='lat' dir='ltr'>delecta,</span> <span class='ocrx_word' id='word_1_223' title='bbox 984 2249 1049 2284; x_wconf 91' lang='lat' dir='ltr'>ubi</span> <span class='ocrx_word' id='word_1_224' title='bbox 1079 2248 1196 2298; x_wconf 90' lang='lat' dir='ltr'>pluri-</span> 
     </span>
     <span class='ocr_line' id='line_1_34' title="bbox 87 2310 1195 2360; baseline 0.002 -16"><span class='ocrx_word' id='word_1_225' title='bbox 87 2319 188 2344; x_wconf 83' lang='lat' dir='ltr'>mum</span> <span class='ocrx_word' id='word_1_226' title='bbox 207 2311 364 2358; x_wconf 88' lang='lat' dir='ltr'>periculi</span> <span class='ocrx_word' id='word_1_227' title='bbox 384 2325 428 2348; x_wconf 88' lang='lat' dir='ltr'>ac</span> <span class='ocrx_word' id='word_1_228' title='bbox 447 2311 588 2348; x_wconf 90' lang='lat' dir='ltr'>laboris</span> <span class='ocrx_word' id='word_1_229' title='bbox 609 2312 895 2356; x_wconf 86' lang='lat' dir='ltr'>ostendebatur,</span> <span class='ocrx_word' id='word_1_230' title='bbox 917 2313 968 2347; x_wconf 87' lang='lat' dir='ltr'>ibi</span> <span class='ocrx_word' id='word_1_231' title='bbox 994 2313 1030 2347; x_wconf 84' lang='lat' dir='ltr'>vi</span> <span class='ocrx_word' id='word_1_232' title='bbox 1051 2310 1195 2360; x_wconf 88' lang='lat' dir='ltr'>majore</span> 
     </span>
     <span class='ocr_line' id='line_1_35' title="bbox 88 2371 1195 2429; baseline 0.004 -22"><span class='ocrx_word' id='word_1_233' title='bbox 88 2371 336 2412; x_wconf 85' lang='lat' dir='ltr'>obsistebant.</span> <span class='ocrx_word' id='word_1_234' title='bbox 396 2377 453 2413; x_wconf 93' lang='lat' dir='ltr'>Ac</span> <span class='ocrx_word' id='word_1_235' title='bbox 483 2377 605 2429; x_wconf 87' lang='lat' dir='ltr'>primo</span> <span class='ocrx_word' id='word_1_236' title='bbox 629 2377 833 2414; x_wconf 86' lang='lat' dir='ltr'>missilibus</span> <span class='ocrx_word' id='word_1_237' title='bbox 864 2376 1085 2413; x_wconf 84' lang='lat' dir='ltr'>submovere</span> <span class='ocrx_word' id='word_1_238' title='bbox 1105 2376 1195 2412; x_wconf 46' lang='lat' dir='ltr'>hosa</span> 
     </span>
    </p>
   </div>
  </div>
 </body>
</html>
