1527 2661
229 455 578 503 EPITOME
624 457 844 504 LIBRI
880 456 1072 504 XXVI.

92 744 419 823 HANNIBAL
452 747 500 782 ad
532 748 676 782 tertium
707 747 750 782 ab
782 747 867 782 urbe
899 746 1017 782 Roma
1050 747 1206 794 lapidem

194 821 299 856 super
318 810 492 845 Anienem
511 815 630 845 castra
646 812 789 857 posuit:
818 812 891 858 ipse
915 822 995 846 vero
1018 823 1097 846 cum
1117 812 1205 846 diw-

90 874 151 909 bus
168 873 323 909 millibus
342 873 499 920 equitum
523 884 630 920 usque
648 874 696 908 ad
714 875 828 920 ipsam
850 874 1029 921 Capenam
1048 879 1206 921 portam,

89 941 131 973 ut
159 936 253 972 urbis
280 937 388 971 situm
417 935 638 983 exploraret,
670 936 909 983 obequitavit:
941 942 976 971 et
1005 949 1114 984 quum
1141 950 1209 984 per

94 1001 252 1036 triduum
276 1000 314 1034 in
339 1000 451 1034 aciem
476 999 655 1046 utrimque
680 1000 854 1035 exercitus
876 1002 990 1035 omnis
1009 1001 1207 1036 descendis-

90 1068 155 1107 set,
177 1068 354 1099 certamen
374 1067 562 1110 tempestas
581 1063 750 1098 diremit:
777 1075 861 1098 nam
890 1076 997 1111 quum
1024 1065 1061 1099 in
1089 1069 1210 1100 castra

92 1128 292 1169 rediissent,
308 1128 432 1162 statim
449 1127 620 1162 serenitas
638 1131 727 1162 erat.
780 1126 905 1174 Capua
925 1132 1033 1175 capta
1052 1132 1102 1164 est
1120 1140 1142 1163 a
1164 1127 1207 1169 Q.

94 1193 218 1228 Fulvio
237 1196 272 1227 et
291 1192 360 1239 Ap.
379 1191 532 1226 Claudio
552 1191 760 1227 consulibus.
798 1192 984 1240 Principes
1005 1192 1207 1241 Campano-

90 1269 172 1292 rum
196 1267 326 1291 veneno
353 1254 417 1290 sibi
445 1256 684 1291 consciverunt
712 1260 872 1291 mortem.
932 1256 1048 1296 Quum
1066 1261 1209 1292 senatus

95 1320 362 1368 Campanorum
382 1320 560 1366 deligatus
578 1323 664 1354 esset
682 1320 731 1355 ad
747 1321 864 1367 palos,
887 1325 927 1355 ut
943 1322 1058 1356 securi
1068 1320 1208 1369 ferire-

95 1389 179 1427 tur,-
210 1385 331 1420 literas
359 1395 382 1418 a
408 1389 534 1419 senatu
562 1385 686 1419 missas
710 1384 752 1424 Q.
768 1384 914 1419 Fulvius
933 1386 1066 1427 consul,
1087 1385 1210 1433 quibus

84 1447 279 1495 jubebatur
296 1460 456 1495 parcere,
479 1453 670 1495 antequam
691 1449 833 1494 legeret,
854 1450 890 1483 in
914 1450 993 1484 sinu
1015 1451 1150 1496 posuit,
1174 1455 1209 1485 et

94 1513 169 1559 lege
187 1512 249 1559 agi
258 1510 380 1557 jussit,
402 1515 436 1546 et
453 1511 667 1559 supplicium
681 1513 832 1558 peregit.
892 1512 1010 1551 Quum
1036 1513 1073 1547 in
1099 1515 1208 1549 comi-

93 1577 152 1611 tiis
170 1577 268 1623 apud
289 1577 463 1624 populum
487 1580 714 1624 quoereretur,
736 1577 793 1610 cui
818 1577 1053 1611 mandaretur
1071 1577 1209 1625 Hispa-

91 1641 233 1675 niarum
259 1640 477 1687 imperium3
506 1640 607 1674 nullo
635 1640 672 1674 id
696 1640 834 1674 volente
858 1642 1045 1687 suscipere,
1067 1642 1111 1676 P.
1129 1642 1208 1677 Sci-

89 1704 165 1751 pio,
188 1703 233 1738 P.
241 1703 358 1751 filius,
380 1704 441 1750 qui
466 1704 504 1738 in
527 1704 707 1750 Hispania
733 1705 920 1746 ceciderat,
947 1704 1129 1752 professus
1157 1710 1211 1742 est

92 1779 129 1802 se
161 1768 321 1802 iturum:
358 1772 407 1808 et,
438 1768 610 1815 suffragio
635 1768 764 1815 populi
793 1779 1026 1815 consensuque
1055 1771 1210 1805 omnium

93 1832 232 1872 missus,
248 1831 389 1866 Novam
407 1830 672 1878 Karthaginem
691 1843 761 1866 uno
781 1832 838 1866 die
858 1835 1086 1878 expugnavit,
1101 1845 1211 1880 quum

96 1899 217 1941 ageret
237 1896 442 1940 vigesimum
469 1898 637 1941 quartum
657 1906 803 1936 annum,
823 1896 1071 1943 videreturque
1089 1897 1209 1931 divina

93 1959 205 2006 stirpe
225 1962 363 1993 creatus
375 1973 387 1993 .·
417 1960 584 2005 quoniam
603 1963 638 1994 et
657 1960 741 2006 ipse,
761 1963 949 2006 postquam
971 1964 1091 2006 togam
1110 1972 1210 1996 acce-

91 2027 211 2070 perat,
231 2022 390 2069 quotidie
409 2023 445 2057 in
467 2021 648 2070 Capitolio
668 2028 746 2058 erat
757 2039 769 2065 ‚-
799 2028 833 2058 et
853 2025 888 2058 in
909 2023 1066 2058 cubiculo
1084 2026 1212 2059 matris

94 2084 168 2131 ejus
198 2087 324 2132 anguis
352 2098 590 2133 sa’penumero
619 2087 813 2122 videbatur.
871 2086 942 2121 Res
968 2091 1146 2134 prceterea
1173 2090 1212 2122 in,

97 2150 226 2186 Sicilia
245 2154 363 2196 gestas
383 2152 553 2192 continet,
576 2155 611 2186 et
634 2152 833 2186 amicitiam
853 2163 931 2185 cum
950 2151 1088 2185 AEtotz's
1103 2150 1210 2196 junc-

97 2218 186 2255 tam,
207 2213 407 2260 bellumque
431 2217 565 2260 gestum
597 2215 765 2250 adversus
783 2215 995 2250 Acarnanas
1016 2218 1050 2249 et
1067 2213 1210 2263 Philip-

92 2289 184 2325 pum
203 2276 426 2314 Macedoniae
442 2288 573 2324 regem.
