1527 2661
113 217 154 248 U.
166 217 202 247 C.
220 225 278 249 441

111 260 204 293 A.C.
221 268 280 292 311

295 126 353 168 44
730 131 776 161 τ.
801 132 934 162 mvn

286 221 495 255 -nocturna
533 218 759 256 Samnitium
792 220 884 270 fuga
913 220 993 257 sine
1023 222 1229 260 certamine
1257 223 1418 274 receptis

286 280 502 330 ’Fregellis,
524 285 773 334 praesidioque
792 285 916 322 valido
942 286 1124 335 inposito,
1151 287 1190 324 in
1211 287 1418 338 Campani-

307 357 368 382 am
394 348 556 384 reditum
581 349 744 385 maxime
774 350 820 385 ad
847 349 989 386 Nolam
1016 351 1127 386 armis
1148 351 1415 400 repetendam:

307 421 352 445 eo
373 422 412 446 se
433 411 532 447 iutra
552 413 706 455 moenia,
725 412 794 448 sub
811 413 1012 448 adventurn
1029 414 1239 457 dictatoris,
1257 421 1294 450 et
1311 415 1419 450 Sam—

307 474 443 510 nitium
468 476 590 511 omnis
611 475 815 512 multitudo
836 483 873 513 et
895 476 1040 512 Nolani
1060 484 1226 525 agrestes
1247 477 1421 514 contule-

306 543 403 573 rant.
460 537 653 581 Dictator,
674 539 777 575 urbis
798 540 873 575 situ
890 540 1179 590 circumspecto,
1210 553 1286 590 quo
1313 554 1421 591 aper·

257 608 259 610 ’
306 601 382 636 tior
402 601 523 637 aditus
545 602 592 638 ad
611 603 754 639 moenia
782 610 894 647 esset,
925 605 1055 641 omnia
1084 604 1242 641 aedificia
1273 606 1328 653 (et
1345 603 1422 641 fre-

112 1571 203 1605 U.C.
221 1579 282 1605 442

111 1618 152 1647 A.
167 1617 203 1648 C.
221 1625 284 1650 310

307 670 466 712 quenter
495 665 547 701 ibi
576 665 838 714 habitabatur)
871 667 1116 718 circumjecta
1143 669 1259 705 muris
1290 669 1422 705 incen-
1471 666 1476 669 ’

307 727 384 764 djt:
418 741 488 765 nec
518 730 571 765 ita
598 730 720 767 multo
746 737 847 781 post,
875 732 953 768 sive
979 746 999 768 a
1029 731 1194 768 Poetelio
1220 733 1422 777 dictatore,

308 793 386 829 sive
413 793 459 830 ab
488 795 529 832 C.
551 794 669 832 Juuio
690 796 858 839 consule,
893 799 999 843 (nam
1020 803 1221 846 utrumque
1240 797 1420 846 traditur)

305 857 410 894 Nola
439 865 495 895 est
525 866 646 910 capta.
705 862 782 900 Qui
808 869 929 911 captae
954 862 1065 898 decus
1086 861 1199 898 Nolae
1219 862 1265 898 ad
1284 874 1423 899 consu-

304 921 378 958 lem
399 924 570 967 trahunt,
593 924 791 975 adjiciunt,
815 927 972 963 Atinam
1002 933 1040 962 et
1068 926 1256 963 Calatiam
1282 926 1329 963 ab
1356 939 1422 963 eo-

305 985 390 1023 dem
411 994 560 1037 captas3
585 989 789 1026 Poetelium
809 997 950 1034 autem,
968 991 1187 1041 pestilentia
1206 998 1305 1035 orta,
1327 990 1423 1028 clavi

305 1050 446 1100 figendi
467 1067 599 1090 caussa
618 1055 842 1092 dictatorem
863 1057 1018 1093 dictum.
1063 1057 1201 1093 Suessa
1218 1063 1256 1093 et
1273 1056 1425 1093 Pontiae

306 1116 440 1152 eodem
461 1131 562 1153 anno
584 1118 745 1155 coloniae
765 1119 934 1155 deductae
956 1127 1055 1155 sunt.
1114 1120 1251 1156 Suessa
1270 1121 1425 1156 Aurun-

306 1191 437 1215 corum
454 1180 597 1216 fuerat:
621 1181 751 1217 Volsci
769 1182 941 1225 Pontias,
958 1183 1121 1219 insulam
1141 1183 1252 1220 sitam
1272 1185 1312 1220 in
1332 1196 1425 1221 con·

306 1250 439 1294 spectu
459 1245 579 1280 litoris
602 1246 673 1287 sui,
695 1246 954 1283 incoluerant:
978 1253 1028 1289 et,
1050 1246 1272 1283 Interamna
1292 1254 1330 1284 et
1351 1248 1425 1285 Ca-

303 1309 429 1345 sinum
463 1316 505 1345 ut
536 1310 811 1346 deducerentur
841 1310 1016 1354 coloniae,
1051 1311 1425 1349 senatusconsultum

303 1373 447 1409 factum
470 1382 552 1409 est:
586 1376 650 1410 sed
673 1376 891 1411 triumviros
912 1387 1098 1418 creavere,
1124 1388 1167 1411 ac
1196 1376 1331 1412 misere
1358 1389 1426 1413 co-

303 1437 482 1474 lonorum
504 1446 666 1488 quatuor
686 1440 803 1476 millia
819 1441 1059 1490 insequentes
1081 1440 1254 1477 consules
1274 1440 1330 1478 M.
1345 1441 1423 1478 Va-

305 1502 434 1547 lerius,
466 1506 510 1542 P.
531 1507 686 1543 Decius.

287 1596 296 1605 .
363 1570 522 1606 XXIX.
553 1570 763 1618 Profligato
793 1569 869 1605 fere
900 1569 1127 1605 Samnitium
1154 1569 1271 1613 bello,
1301 1571 1425 1621 prius-

308 1647 421 1684 quam
449 1648 494 1671 ea
523 1648 612 1670 cura
634 1634 831 1670 decederet
851 1633 1027 1669 Patribus
1046 1633 1249 1677 Romanis,
1270 1634 1425 1672 Etrusci

306 1698 397 1734 belli
416 1698 519 1734 fama
538 1704 671 1733 exorta
691 1705 747 1733 est
766 1713 773 1733 z
806 1710 876 1733 nec
897 1705 977 1733 erat
1003 1711 1046 1733 ea
1075 1704 1301 1748 tempestate
1331 1712 1423 1748 gens

307 1763 395 1807 alia,
417 1764 524 1814 cujus
552 1763 757 1800 secundum
779 1762 946 1799 Gallicos
970 1762 1155 1799 tumultus
1182 1776 1287 1799 arma
1314 1764 1424 1800 terri-

306 1827 446 1864 biliora
466 1834 605 1870 essent,
627 1841 741 1876 quum
762 1829 1047 1877 propinquitate
1068 1829 1163 1876 agri,
1188 1834 1268 1864 tum
1296 1827 1424 1864 multi-

309 1892 438 1928 tudine
457 1893 668 1928 hominum.
726 1892 875 1941 Itaque,
897 1892 1018 1928 altero
1039 1892 1235 1928 consulum
1256 1893 1295 1928 in
1317 1892 1425 1928 Sam-

308 1956 374 1992 nio
404 1955 580 2004 reliquias
607 1955 696 1991 belli
723 1962 985 2005 persequente,
1012 1955 1055 1991 P.
1078 1955 1234 1997 Decius,
1255 1956 1319 2004 qui
1340 1967 1426 2003 gra-

309 2020 406 2055 viter
435 2031 533 2067 aeger
562 2018 699 2054 Romae
728 2020 932 2061 restiterat,
961 2024 1117 2054 auctore
1144 2025 1278 2054 senatu
1304 2018 1426 2054 dicta-

311 2089 434 2119 torem
469 2084 511 2119 C.
542 2083 700 2118 Junium
730 2082 946 2125 Bubulcum
983 2083 1101 2119 dixit:
1148 2083 1193 2125 is,
1228 2088 1342 2133 prout
1372 2082 1427 2118 rei

312 2147 537 2195 magnitudo
567 2146 799 2196 postulabat,
829 2160 959 2183 omnes
983 2147 1157 2198 juniores
1185 2152 1425 2183 sacramento

312 2211 455 2259 adigit:
488 2224 605 2254 arma,
624 2224 781 2260 quaeque
802 2211 875 2247 alia
895 2225 951 2247 res
972 2213 1111 2262 poscit,
1132 2223 1280 2247 summa
1298 2210 1426 2246 indus-

310 2275 386 2312 tria
414 2281 548 2326 parat:
582 2289 652 2312 nec
681 2276 798 2312 tantis
830 2276 1073 2328 adparatibus
1105 2275 1224 2314 elatus
1254 2275 1299 2312 de
1329 2272 1428 2312 iufe-
