1527 2661
376 201 530 230 LIBER
553 199 660 227 XXI.
694 198 923 227 CARXLI.
1127 193 1202 238 197

101 309 249 346 quorum
274 296 401 332 robora
429 306 472 330 ac
500 296 590 330 vires
616 294 674 328 vix
701 294 871 328 sustinere
898 293 950 326 vis
978 291 1056 327 ulla
1080 293 1306 338 possitue.
1327 300 1401 324 534.

102 361 262 410 Effigies,
291 362 397 396 immo
415 358 547 394 umbrce
575 357 768 398 hominum,
789 355 910 404 same,
929 355 1089 404 frigore,
1112 356 1203 390 inlu·
1217 339 1255 368 A·
1271 338 1307 368 C·
1327 342 1399 368 ⁹⁶¹⁸·

101 429 170 470 vie,
200 415 363 474 squalore
395 425 520 465 enecti,
555 425 690 458 contusi
723 435 765 458 ac
795 422 973 457 debilitati
1002 422 1094 456 inter
1121 432 1210 456 saxa

101 502 296 538 rupesque:
326 491 373 525 ad
399 490 483 531 haec,
500 489 649 536 praeusti
676 491 789 528 artus,
817 487 896 521 nive
921 487 1074 533 rigentes
1096 486 1209 526 nervi,

101 555 258 590 membra
278 554 415 589 torrida
431 553 527 600 gelu,
550 555 719 599 quassata
728 549 928 598 fractaque
953 562 1070 591 arma,
1091 550 1213 585 claudi

103 631 146 654 ac
165 618 291 654 debiles
310 618 401 665 equi.
459 616 547 651 Cum
567 615 631 651 hoc
649 616 777 662 equite,
799 626 877 650 cum
898 614 964 650 hoc
983 614 1104 662 pedite
1118 626 1212 661 pug-

106 684 225 717 naturi
254 682 358 717 estis:
388 682 559 728 reliquias
586 686 759 717 extremas
788 681 954 723 hostium,
984 692 1056 716 non
1085 680 1211 722 hostes,

104 745 284 781 habebitis.
339 745 394 780 Ac
412 745 504 779 nillil
524 746 639 792 magis
663 757 796 787 vereor,
817 757 924 791 quam
943 756 998 785 ne,
1028 756 1087 780 vos
1106 756 1215 791 quum

102 810 361 856 pugnaveritis,
378 809 489 855 Alpes
503 810 624 844 vicisse
638 809 879 844 Hannibalem
893 809 1095 844 videantur.
1143 808 1217 843 Sed

104 875 157 908 ita
174 872 338 921 forsitan
358 873 488 915 decuit,
510 885 588 908 cum
603 872 786 921 foederum
812 876 958 919 ruptore
977 873 1064 906 duce
1084 884 1126 906 ac
1147 883 1215 918 po—

99 937 189 984 pulo
208 936 308 971 Deos
332 937 437 983 ipsos,
457 937 530 971 sine
555 937 633 971 ulla
652 936 810 971 humana
830 947 907 983 ope,
929 936 1148 970 committere
1174 946 1216 970 ac

101 1000 295 1049 prifiigare
321 1000 475 1036 bellum:
502 1012 577 1042 nos,
600 1001 659 1047 qui
680 1000 869 1035 secundum
887 999 988 1034 Deos
1012 999 1139 1034 violati
1156 1009 1216 1033 su-

104 1078 194 1108 mus,
216 1067 437 1102 commissum
457 1079 499 1101 ac
516 1066 747 1114 prcfiigatum
767 1065 948 1115 conficere.

158 1129 269 1167 XLI.
299 1132 382 1166 Non
401 1142 535 1173 vereor,
556 1143 600 1166 ne
620 1132 696 1178 quis
720 1142 774 1166 me
793 1131 860 1166 lioc
876 1131 982 1165 vestri
1001 1128 1220 1164 adhortandi

106 1205 228 1229 caussa
256 1195 440 1242 magnifice
469 1195 565 1241 loqui
592 1195 787 1237 existimet,·
818 1196 934 1242 ipsum
962 1194 1070 1228 aliter
1099 1193 1220 1227 animo

106 1257 289 1306 adfectum
304 1270 385 1294 esse.
424 1259 545 1294 Licuit
558 1259 595 1294 in
608 1258 837 1305 Hispaniam,
852 1258 1074 1305 provinciam
1088 1268 1217 1298 meam,

105 1334 174 1370 quo
183 1320 265 1368 jam
289 1321 473 1370 profectus
501 1335 612 1364 eram,
634 1334 711 1358 cum
738 1323 891 1358 exercitu
909 1323 963 1357 ire
981 1332 1081 1356 meo:
1109 1320 1167 1355 ubi
1185 1323 1221 1354 et

96 1385 260 1437 fratrem
279 1387 417 1424 consilii
431 1389 649 1437 participem
664 1399 711 1424 ae—
722 1387 873 1437 pe'r‘icuii
891 1387 1023 1423 socium
1042 1384 1219 1430 haberem,

104 1457 140 1488 et
157 1452 419 1488 Hasdrubalem
448 1454 580 1499 potius,
610 1464 717 1500 quam
735 1451 990 1493 Hannibalem,
1013 1450 1158 1492 hostem,
1185 1455 1220 1486 et

104 1518 277 1552 minorem
306 1515 402 1551 haud
422 1515 526 1551 dubie
549 1516 678 1552 molem
698 1515 779 1551 belli
796 1531 807 1551 .·
838 1520 970 1557 tamen,
991 1526 1100 1562 quum
1126 1526 1220 1561 prce-

109 1579 306 1614 terveherer
331 1579 478 1615 navibus
502 1579 633 1614 Gallice
651 1591 766 1621 oram,
787 1579 836 1614 ad
852 1577 1000 1626 famam
1018 1576 1121 1623 hujus
1140 1577 1221 1613 hos-

110 1645 154 1678 tis
172 1644 209 1678 in
239 1647 370 1678 terram
399 1655 566 1690 egressus,
593 1644 775 1690 praemisso
803 1644 979 1690 equitatu,
1001 1642 1050 1676 ad
1071 1640 1221 1676 Rhoda-

108 1717 193 1741 num
221 1707 314 1741 movi
333 1710 464 1741 castra.
522 1706 689 1754 Eque-stri
711 1707 851 1752 proelio,
874 1717 944 1752 qua
968 1709 1073 1751 parte
1099 1705 1222 1751 copia-

108 1781 189 1804 rum
208 1770 410 1805 conserendi
433 1781 579 1805 manum
588 1769 746 1817 fortuna
765 1770 853 1804 data
871 1773 935 1809 est,
958 1768 1090 1803 hostem
1105 1766 1196 1815 fudi
1211 1783 1223 1803 .-

107 1832 269 1879 peditum
295 1844 436 1879 agmen,
464 1833 557 1879 quod
589 1834 626 1866 in
656 1832 801 1867 modum
823 1831 1051 1879 fugientium
1085 1831 1223 1877 raptim

109 1896 293 1942 agebatur,
314 1898 400 1943 quia
419 1897 563 1943 adsequi
583 1900 678 1931 terra
696 1907 766 1930 non
785 1900 961 1942 poteram,
981 1905 1156 1942 regressus
1175 1894 1223 1928 ad

109 1973 227 2003 naves,
258 1966 393 2009 quanta
424 1963 580 1997 maxima
614 1962 798 1996 celeritate
832 1960 947 2007 potui,
980 1962 1079 1992 tanto
1116 1958 1225 1992 maris

112 2029 359 2072 terrarumque
387 2027 552 2066 circuitu,
575 2027 612 2060 in
640 2025 820 2060 radicibus
838 2024 988 2070 Alpium
1009 2022 1128 2057 obvius
1145 2020 1224 2068 fui.

110 2088 208 2124 Huic
227 2090 384 2124 timendo
403 2089 495 2124 hosti
515 2094 648 2131 utrum,
671 2101 779 2137 quum
799 2088 1012 2123 declinarem
1032 2089 1223 2126 certamen,

111 2153 307 2200 inprovisus
335 2153 497 2188 incidisse
532 2154 667 2194 videor,
698 2165 745 2187 an
782 2151 964 2187 obcurrere
1001 2151 1037 2184 in
1072 2149 1227 2194 vestigiis

113 2214 219 2260 ejus.9
248 2217 414 2252 lacessere
436 2229 478 2252 ac
507 2216 647 2251 trahere
673 2217 721 2250 ad
740 2215 996 2250 decernendum
1011 2214 1030 2247 ‚9
1060 2212 1228 2258 Experiri

107 2276 225 2323 juvat,
245 2283 365 2314 utrum
392 2281 483 2314 alios
510 2284 653 2327 repente
674 2279 988 2324 Karthaginienses
1010 2287 1077 2322 per
1095 2275 1228 2321 viginti

115 2353 223 2378 annos
252 2348 349 2379 terra
378 2344 554 2380 ediderit:
583 2355 629 2378 an
659 2344 768 2378 iidem
795 2344 880 2383 sint,
911 2342 971 2389 qui
999 2340 1048 2375 ad
1073 2338 1231 2386 AEgates

627 2406 707 2444 153
