1527 2661
317 216 471 246 LIBER
496 216 613 244 XXV·
648 214 754 244 CAP.
777 215 895 243 XIII.
1080 212 1161 258 453

47 305 141 342 lior.-
168 318 252 342 nam
272 308 311 342 ris
334 306 453 341 Divus
477 306 675 352 exstinguet
702 304 902 352 perduelles
926 308 1069 345 vestros,
1094 305 1257 351 quine,
1277 321 1348 345 540.

45 375 176 406 vestros
199 383 342 419 campos
366 374 519 418 pascunt
546 371 699 418 plac-ide.
755 368 816 403 Ad
846 368 883 403 id
910 380 1061 404 carmen
1090 381 1155 404 ex-
1171 357 1257 388 ²³¹0·
1276 363 1350 388 ‘²¹²'

45 433 275 483 planandum
304 434 403 470 diem
423 447 538 470 unum
565 439 800 469 sumserunt:
833 439 986 482 postero
1016 433 1075 468 die
1097 445 1154 469 se-

45 498 374 535 natusconsultum
394 498 538 534 factum
565 507 635 540 est,
666 504 708 534 ut
727 497 928 533 decemviri
952 496 1084 539 libros,
1112 497 1157 533 de

45 559 142 599 ludis
175 561 346 611 Apollini
374 575 488 611 reque
525 562 652 598 divina
686 561 876 604 faciunda,
914 561 1157 611 inspicerent.

46 625 105 662 Ea
141 638 257 675 quum
295 628 466 677 inspecta
502 626 694 675 relataque
723 626 770 662 ad
806 631 978 661 senatum
1016 631 1156 667 essent,

46 697 274 727 censuerunt
302 691 457 728 Patres:
490 692 654 740 Apollini
685 691 786 726 ludos
813 690 985 725 vovendos
1001 687 1156 737 faciun-

45 755 201 803 dosque:
229 760 277 798 et,
299 758 441 804 quando
462 757 540 793 ludi
556 755 659 805 facti
684 759 808 797 essent,
829 755 1016 790 duodecim
1040 754 1159 789 millia

44 820 124 855 aerz's
144 821 294 866 praetori
319 821 369 856 ad
391 832 466 856 rem
495 821 655 856 divinam
680 824 714 855 et
743 820 832 854 duas
850 818 982 853 hostias
1009 815 1161 863 majores
1202 819 1205 823 ’

45 883 195 919 dandas.
250 882 424 919 Alterum
444 881 815 920 senatusconsultum
841 881 985 917 factum
1013 887 1083 924 est,
1111 882 1161 918 Ut

46 946 235 983 decemviri
264 959 369 984 sacra
410 949 533 984 Graeco
568 949 642 983 rita
663 946 848 995 facerent,
886 947 997 993 iisque
1026 945 1159 981 hostiis.

45 1011 209 1058 Apollini
244 1011 327 1047 bove
351 1016 479 1048 aurato
515 1017 551 1048 et
579 1014 695 1060 capris
720 1010 855 1047 duabus
882 1009 971 1045 albis
1005 1012 1159 1051 auratis,

46 1074 198 1111 Latonae
216 1075 298 1111 bove
315 1076 463 1125 femina
481 1082 624 1113 aurata.
681 1074 809 1111 Ludos
833 1080 973 1124 praetor
998 1074 1037 1109 in
1057 1074 1159 1109 circo

48 1139 214 1174 maximo
234 1151 349 1187 quum
368 1139 536 1175 facturus
563 1145 675 1182 esset,
697 1138 828 1181 edixit,
849 1144 890 1173 ut
912 1136 1073 1187 populus
1093 1148 1160 1186 per

49 1213 113 1237 eos
132 1200 240 1238 ludos
268 1203 403 1251 stipem
422 1202 607 1252 Apollini,
628 1208 809 1252 quantam
836 1200 1076 1237 commodum
1101 1212 1159 1236 es·

49 1271 119 1307 set,
150 1265 350 1302 conferret.
407 1266 503 1303 Haec
532 1273 590 1302 cst
617 1267 726 1314 origo
756 1265 929 1301 ludorum
958 1263 1157 1314 Apollina-
1170 1269 1377 1343 ffrigoApol.

1186 1323 1326 1344 martum

50 1329 161 1371 rium,
186 1330 377 1373 victoriae,
411 1344 489 1366 non
519 1330 758 1372 valetudinis,
790 1341 894 1376 ergo,
925 1333 967 1364 ut
992 1328 1159 1378 plerique
1173 1356 1340 1388 ludorum.

50 1399 194 1436 rentur,
227 1400 403 1431 votorum
434 1395 717 1443 factorumque:
758 1392 918 1443 populus
956 1398 1159 1427 coronatus

53 1459 258 1508 spectavit:
290 1465 474 1495 matronae
493 1458 771 1509 supplicavere:
803 1456 918 1505 vulgo
938 1456 1077 1506 apertis
1096 1454 1161 1506 ja-

50 1523 134 1564 nuis
155 1523 192 1558 in
212 1522 422 1573 propatulis
439 1523 582 1573 epulati
601 1528 703 1565 sunt,
724 1519 945 1570 celeberque
961 1520 1038 1556 dies
1056 1520 1162 1557 omni

52 1588 349 1623 ceremoniarum
369 1600 506 1636 genere
524 1588 609 1624 fuit.

107 1650 224 1687 XIII.
255 1652 383 1690 Quum
403 1651 600 1688 Hannibal
625 1652 726 1687 circa
743 1650 966 1693 Tarentum,
988 1648 1160 1686 consules
1174 1652 1293 1701 Capuae
1309 1652 1356 1683 in·

55 1714 168 1751 ambo
189 1715 227 1751 in
253 1715 409 1751 Samnio
438 1722 577 1759 essent,
599 1716 663 1752 sed
692 1715 972 1751 circumsessuri
993 1715 1164 1764 Capuam
1175 1705 1259 1735 ⁰9¹³·

54 1778 290 1824 viderentur,
324 1779 425 1828 quod
457 1779 597 1816 malum
625 1780 812 1815 diuturnae
842 1778 1050 1815 obsidionis
1084 1790 1165 1814 esse

55 1842 166 1885 solet,
181 1841 264 1892 jam
282 1842 422 1879 famem
438 1843 623 1893 Campani
643 1843 881 1888 sentiebant3
914 1843 1003 1892 quia
1018 1855 1165 1878 semen-

54 1912 132 1942 tem
150 1905 274 1942 facere
293 1906 567 1956 prohibuerant
586 1919 649 1942 eos
669 1906 836 1942 Romani
857 1906 1056 1943 exercitus.
1086 1905 1166 1942 Ita-

55 1981 127 2018 que
156 1968 300 2017 legatos
330 1969 377 2005 ad
414 1969 670 2006 Hannibalem
699 1970 896 2012 miserunt,
927 1976 1094 2013 orantes,
1125 1977 1167 2007 ut

54 2034 172 2083 prius,
194 2046 305 2082 quam
325 2032 496 2069 consules
517 2034 554 2069 in
575 2047 685 2082 agros
712 2046 799 2069 suos
819 2034 1021 2070 educerent
1046 2033 1166 2082 legio-

54 2109 135 2140 nes,
167 2097 310 2146 viaeque
338 2110 468 2134 omnes
494 2099 662 2134 hostium
690 2099 871 2148 praesidiis
900 2098 1166 2141 insiderentur‚

53 2161 286 2198 frumentum
308 2173 354 2196 ex
378 2161 599 2210 propinquis
624 2161 718 2198 locis
738 2162 898 2198 convehi
917 2160 1073 2210 juberet
1093 2161 1167 2197 Ca-

55 2236 182 2275 puam.
238 2225 448 2268 Hannibal,
470 2225 703 2262 Hannonem
731 2238 778 2263 ex
805 2226 968 2261 Bruttiis
989 2237 1073 2260 cum
1102 2237 1167 2260 ex-

55 2289 174 2325 ercitu
203 2290 242 2325 in
271 2290 520 2340 Campaniam
548 2290 722 2332 transire,
753 2297 791 2326 et
810 2290 898 2325 dare
925 2301 1095 2339 operam,
1126 2296 1168 2324 ut

54 2353 236 2390 frumenti
264 2355 376 2405 copia
395 2353 500 2391 fieret
523 2354 741 2405 Campanis,
754 2353 884 2405 jussit.
941 2352 1100 2396 Hanno,
1122 2364 1169 2390 ex
