1527 2661
4 504 7 519 ι

4 527 7 639 ἒ

5 653 7 675 1

4 747 9 811 ξ

4 819 9 881 l

6 887 9 944 ἒ

347 210 500 240 LIBER
524 208 680 238 xx111.
713 208 820 236 CAP.
844 206 966 234 XXX.
1099 205 1180 247 343

78 303 233 340 clinatio
262 302 473 338 animorum
506 299 697 350 pervenit:
731 304 768 333 et
797 309 844 333 ne
874 297 1004 332 domus
1034 295 1182 343 quidem
1196 300 1236 330 U.
1249 300 1286 331 C.
1304 305 1374 331 536.

77 367 257 403 Hieronis
278 371 360 401 tota
379 364 425 400 ab
442 363 653 400 defectione
670 362 853 398 abstinuit
869 376 876 396 :
908 371 1070 408 namque
1087 358 1182 394 Gelo
1197 343 1377 426 alc-3136.

77 431 261 466 maximus
289 429 430 478 stirpis,
461 433 653 462 contemta
682 424 792 461 simul
824 429 1018 460 senectute
1050 423 1181 472 patris,
1198 405 1379 469 Ηῗθῖοῃὶὲω

78 493 189 529 simul
221 499 308 543 post
334 492 572 528 Cannensem
603 490 747 526 cladem
776 489 956 525 Romana
986 488 1182 529 societate,
1197 482 1304 555 {reficit
1319 482 1358 511 ΒΔ

79 558 126 594 ad
145 557 285 593 Poenos
315 556 475 592 defecit:
508 556 760 603 movissetque
790 554 828 589 in
860 551 986 588 Sicilia
1014 563 1087 594 res,
1114 551 1185 586 nisi
1201 534 1348 605 Μῖῗίἳῖῐ.

79 634 180 657 mors
201 621 295 657 adeo
316 626 545 670 opportuna,
566 625 608 654 ut
634 625 780 669 patrem
800 629 949 666 quoque
976 616 1189 665 suspicione

81 685 335 734 adspergeret,
365 691 574 730 armantem
607 696 693 718 eum
725 681 1020 723 multitudinem,
1052 679 1191 715 sollici·

81 754 301 797 tantemque
321 748 444 784 socios
462 747 718 784 absumsisset.
750 746 845 781 Haec
866 758 910 781 eo
931 757 1032 780 anno
1053 744 1091 779 in
1112 743 1193 780 Ita-

82 811 148 855 lia,
174 812 214 847 in
239 811 384 854 Africa,
412 812 452 846 in
479 810 620 852 Sicilia,
650 811 689 845 in
717 809 906 859 Hispania
924 809 1028 843 vario
1059 814 1195 843 eventu

83 881 180 912 acta.
237 875 354 913 Exitu
374 875 462 911 anni
483 875 530 913 Q.
545 875 684 910 Fabius
704 874 896 909 Maximus
915 886 936 908 a
956 879 1087 908 senatu
1107 885 1196 922 pos·

85 939 235 982 tulavit,
267 945 309 975 ut
338 939 453 975 aedem
479 938 636 974 Veneris
670 937 858 987 Erycinae,
892 949 1002 985 quam
1037 937 1199 972 dictator

85 1004 263 1046 vovisset,
283 1003 456 1040 dedicare
480 1002 622 1038 liceret.
681 1002 839 1037 Senatus
866 1001 1043 1043 decrevit,
1072 1007 1114 1036 ut
1139 1000 1199 1037 Ti.

91 1066 337 1116 Sempronius
358 1065 493 1103 consul
512 1066 746 1115 designatus,
764 1078 878 1114 quum
895 1065 1056 1113 primum
1077 1065 1200 1100 hono-

88 1142 167 1166 rem
187 1131 331 1172 inisset,
353 1131 399 1166 ad
417 1129 599 1180 populum
613 1128 744 1172 ferret,
766 1136 808 1164 ut
827 1129 875 1168 Q.
889 1127 1049 1164 Fabium
1066 1129 1199 1164 duum-

91 1194 212 1229 virum
232 1206 312 1229 esse
325 1192 506 1243 juberent
527 1193 614 1229 aedis
636 1193 854 1229 dedicandae
874 1205 1017 1229 caussa.
1073 1193 1126 1228 Et
1144 1191 1200 1228 M.

92 1257 253 1294 AEmilio
272 1257 434 1308 Lepido,
452 1258 516 1306 qui
534 1257 592 1293 bis
612 1256 747 1293 consul
767 1269 962 1305 augurque
980 1255 1117 1299 fuerat,
1134 1256 1202 1292 filii

90 1327 181 1363 tres,
212 1321 368 1364 Lucius,
394 1321 563 1364 Marcus,
590 1321 771 1363 Quintus,
800 1319 907 1355 ludos
933 1319 1109 1356 funebres
1139 1332 1205 1369 per

96 1385 277 1428 triduum,
299 1391 337 1421 et
355 1384 611 1433 gladiatorum
629 1385 736 1433 paria
750 1383 825 1419 duo
845 1389 882 1418 et
899 1383 1033 1431 viginti
1053 1396 1118 1432 per
1137 1384 1204 1420 tri-

95 1449 211 1485 duum
231 1449 270 1484 in
289 1449 374 1499 foro
395 1449 587 1485 dederunt.
606 1448 753 1485 AEdiles
773 1447 919 1484 curules
941 1448 984 1484 C.
1001 1447 1205 1492 Laetorius,
1221 1459 1269 1489 M,
1282 1458 1404 1489 AEmim

99 1518 138 1548 et
163 1512 224 1548 Ti.
239 1513 482 1562 Sempronius
504 1512 712 1555 Gracchus,
739 1511 872 1547 consul
891 1511 1123 1560 designatus,
1144 1513 1206 1561 qui
1220 1502 1289 1574 ἓξὲξ
1303 1503 1394 1533 fune·

101 1577 141 1612 in
161 1576 338 1612 aedilitate
353 1577 534 1624 magister
554 1577 721 1625 equitum
733 1576 870 1619 fuerat,
889 1575 995 1612 ludos
1010 1576 1207 1612 Romanos
1294 1567 1301 1574 ’

98 1639 284 1683 fecerunt,
312 1641 375 1688 qui
400 1653 467 1689 per
490 1640 657 1675 triduum
683 1641 883 1676 instaurati
911 1646 1011 1677 sunt.
1067 1640 1212 1676 Plebeii

101 1702 178 1738 ludi
209 1703 369 1739 aedilium
401 1703 458 1739 M.
471 1704 617 1739 Aurelii
647 1705 771 1740 Cottae
801 1711 839 1740 et
866 1704 922 1741 M.
937 1704 1085 1740 Claudii
1104 1704 1210 1740 Mar-

103 1765 188 1801 celli
207 1771 265 1801 ter
284 1767 496 1803 instaurati.
553 1767 794 1803 Circumacto
823 1768 936 1803 tertio
957 1781 1058 1803 anno
1076 1768 1211 1805 Punici
1225 1767 1312 1797 U·C-
1332 1773 1407 1802 537·

104 1828 207 1872 belli,
229 1829 288 1866 Ti.
306 1830 549 1880 Sempronius
579 1831 711 1867 consul
735 1831 864 1867 Idibus
891 1831 1042 1867 Martiis
1072 1833 1211 1881 magis·
1224 1812 1263 1841 A'
1279 1810 1314 1840 Ο
1333 1817 1407 1841 2¹⁵⁸

104 1899 244 1929 tratum
260 1894 358 1930 iniit.
401 1894 587 1931 Praetores
605 1895 653 1934 Q.
667 1895 820 1931 Fulvius
836 1895 1008 1939 Flaccus,
1023 1897 1085 1945 qui
1102 1904 1215 1933 antea

106 1956 239 1992 consul
256 1969 462 2005 censorque
477 1958 614 2001 fuerat,
632 1958 814 1994 urbanam
827 1974 838 2004 3
869 1958 926 1994 M.
940 1958 1111 1995 Valerius
1127 1960 1214 1996 Lae-

104 2020 212 2055 vinus
229 2021 466 2068 peregrinam
482 2028 620 2057 sortem
634 2021 950 2071 injurisdictione
965 2022 1110 2059 habuit.
1140 2024 1214 2074 Ap.

107 2082 286 2119 Claudius
307 2083 470 2120 Pulcher
497 2085 677 2128 Siciliam,
699 2086 746 2124 Q.
766 2085 917 2121 Mucius
939 2086 1108 2122 Scaevola
1128 2090 1215 2123 Sar-

106 2146 248 2182 diniam
266 2148 391 2182 sortiti
410 2155 509 2185 sunt.
565 2149 623 2185 M.
637 2149 823 2186 Marcello
841 2163 910 2199 pro
924 2150 1077 2186 consule
1098 2148 1216 2200 impe-

107 2211 203 2247 rium
224 2223 304 2247 esse
323 2211 484 2261 populus
498 2212 628 2262 jussit,
649 2214 750 2262 quod
776 2220 863 2264 post
883 2214 1121 2250 Cannensem
1141 2215 1216 2251 cla-

110 2274 194 2311 dem
215 2287 309 2310 unus
336 2274 600 2312 Romanorum
625 2277 893 2327 imperatorum
915 2279 952 2314 in
974 2278 1086 2314 Italia
1111 2292 1216 2330 pros-

110 2351 198 2388 pere
216 2351 293 2374 rem
314 2340 502 2387 gessisset.

634 2403 712 2442 04
