1527 2661
381 210 534 239 LIBER
558 208 677 237 XXV.
711 207 817 236 CAr.
842 207 948 235 xvi.
1139 207 1223 249 459

106 299 197 337 bom
223 300 425 350 accipiunt.
483 298 666 336 Consules
698 312 720 335 a
742 299 964 334 Benevento
991 298 1028 333 in
1059 298 1220 349 Campa·
1235 307 1325 338 U.C.
1344 315 1418 339 540.

107 377 201 401 num
217 377 347 414 agrum
362 363 531 413 legiones
547 363 703 406 ducunt,
725 376 803 399 non
823 362 870 398 ad
885 362 1075 398 frumenta
1091 363 1218 406 modo,
1231 351 1272 381 A·
1286 351 1321 382 C·
1339 359 1415 412 2¹²·

104 441 190 477 quae
202 428 284 479 jam
304 429 344 465 in
362 428 530 465 hibernis
549 434 670 471 erant,
687 427 982 477 conrumpenda,
1000 427 1064 473 sed
1084 428 1128 463 ad
1145 427 1218 463 Ca-
1232 405 1374 488 ἓξὲξ-1

104 504 221 541 puam
249 492 568 542 obpugnandam3
600 491 769 528 nobilem
800 503 840 527 se
873 490 1111 527 consulatum
1140 497 1217 527 tam
1231 501 1313 522 num

107 555 296 605 opulentae
318 555 418 592 urbis
439 556 586 592 excidio
606 556 679 592 rati
697 555 878 597 facturos,
897 554 1009 590 simul
1027 561 1065 591 et
1084 555 1216 604 ingens
1230 544 1344 617 ἓξὲξ
1355 537 1416 610 ἐζ,

106 619 292 669 flagitium
317 620 477 670 imperio
503 621 709 661 demtur0s‚
729 618 831 668 quod
855 617 936 654 urbi
957 624 1036 655 tam
1062 620 1218 669 propin·
1231 629 1322 654 cunt.

106 697 189 733 quae
209 685 362 721 tertium
388 698 529 721 annum
554 686 730 735 inpunita
749 683 912 719 defectio
939 689 1048 720 esset.
1107 684 1219 719 Cete-

105 760 203 791 rum,
225 761 272 785 ne
299 749 561 786 Beneventum
590 750 671 784 sine
699 747 874 798 praesidio
905 754 1016 790 esset,
1037 753 1076 783 et
1102 754 1143 783 ut
1171 749 1220 784 ad

105 811 232 848 subita
255 811 359 856 belli,
387 813 418 849 si
446 811 642 849 Hannibal
665 810 783 860 (quod
810 809 997 846 facturum
1026 811 1126 847 haud
1152 812 1219 849 du-

102 875 296 923 bitabant)
320 876 366 912 ad
386 889 498 926 opem
512 876 706 912 ferendam
727 874 837 910 sociis
854 874 1025 923 Capuam
1041 875 1218 916 venisset.

102 940 248 988 equites
268 941 343 977 vim
363 941 548 977 sustinere
575 945 744 990 possent,
764 937 824 974 Ti.
839 938 1054 975 Gracchum
1073 951 1119 976 ex
1138 939 1219 976 Lu·

103 1004 208 1039 canis
238 1017 323 1040 cum
351 1005 524 1053 equitatu
555 1017 597 1039 ac
626 1003 699 1039 levi
731 1008 922 1038 armatura
955 1001 1218 1040 Beneventum

101 1068 230 1103 venire
245 1067 407 1118 jubent:
440 1067 652 1117 legionibus
680 1066 901 1115 stativisque
925 1066 972 1102 ad
991 1066 1217 1105 obtinendas

100 1143 159 1168 res
180 1131 218 1167 in
238 1131 404 1169 Lucanis
425 1131 588 1181 aliquem
609 1131 827 1182 praeficeret.

155 1196 267 1233 XVI.
297 1197 487 1240 Graccho,
515 1197 731 1246 priusquam
762 1209 808 1233 ex
835 1191 1000 1235 Lucanis
1029 1204 1211 1242 moveret,
1225 1206 1409 1247 Prodigium

100 1261 330 1297 sacrificanti
367 1262 474 1298 triste
508 1261 723 1311 prodigium
751 1261 894 1297 factum
924 1268 1002 1298 est:
1035 1262 1082 1298 ad
1111 1270 1211 1307 exta,
1225 1250 1375 1325 ἓὲῗξξέο

101 1325 284 1361 sacrificio
304 1332 535 1375 perpetrato,
556 1337 697 1374 angues
718 1326 792 1361 duo
813 1338 857 1361 ex
879 1325 1030 1362 occulto
1056 1326 1212 1377 adlapsi,
1352 1316 1359 1325 ι

99 1388 342 1438 ederejecur,
360 1390 628 1438 conspectique
643 1396 797 1440 repente
813 1403 858 1428 cx
876 1390 993 1425 oculis
1011 1391 1208 1429 abierunt:

98 1453 136 1489 id
156 1467 272 1502 quum
287 1454 500 1504 aruspicum
517 1455 665 1490 monitu
682 1454 904 1490 sacrificium
922 1455 1209 1500 instauraretur,

92 1524 208 1566 atque
228 1518 409 1554 intentius
430 1524 517 1554 exta
536 1524 701 1554 reserata
716 1525 975 1555 servarentur:
1008 1520 1144 1557 iterum
1165 1535 1209 1559 ac

98 1582 252 1618 tertium
277 1582 424 1618 venisse
449 1582 616 1624 tradunt,
636 1581 829 1630 libatoque
841 1581 1016 1632 jecinore
1042 1584 1206 1622 intactos

97 1658 236 1694 angues
268 1646 416 1684 abiisse.
473 1647 601 1685 Quum
630 1647 834 1696 aruspices,
864 1646 911 1683 ad
940 1648 1204 1698 imperatorem

94 1711 130 1746 id
150 1711 336 1760 pertinere
355 1711 583 1760 prodigium,
604 1712 932 1762 praemonuissent,
954 1720 990 1748 et
1010 1713 1057 1750 ab
1077 1715 1205 1751 occul-

92 1774 142 1809 tis
162 1774 368 1810 cavendum
394 1774 611 1810 hominibus
633 1774 914 1823 consultisque3
946 1776 1051 1813 nulla
1075 1784 1203 1816 tamen

92 1839 331 1889 providentia
349 1839 469 1875 fatum
488 1840 676 1875 inminens
697 1840 837 1875 moveri
857 1841 995 1889 potuit.
1050 1841 1201 1881 Flavius
1217 1848 1341 1881 Flavius
1356 1852 1418 1884 Lu-

1214 1901 1313 1924 canus
1329 1905 1399 1935 PFO-

91 1901 268 1938 Lucanus
291 1902 378 1944 fuit,
409 1910 522 1952 caput
550 1904 669 1953 partis
697 1902 776 1953 ejus
806 1903 1064 1949 Lucanorum,
1086 1920 1201 1956 quum
1214 1935 1296 1966 dntor

86 1978 172 2016 pars
198 1965 246 2002 ad
274 1965 531 2003 Hannibalem
551 1966 762 2009 defecisset,
793 1980 875 2016 quae
905 1981 989 2005 cum
1016 1969 1202 2008 Romanis

88 2030 238 2066 stabat:
271 2038 307 2066 et
320 2030 403 2079 jam
423 2044 524 2068 anno
544 2033 582 2068 in
610 2032 835 2080 magistratu
855 2039 960 2078 erat,
993 2033 1040 2070 ab
1061 2036 1203 2074 eisdem

87 2094 161 2130 illis
185 2101 331 2131 creatus
357 2103 509 2145 praetor.
566 2096 618 2139 Is,
639 2103 784 2132 mutata
809 2104 963 2146 repente
989 2098 1200 2145 voluntate,

87 2159 213 2195 locum
231 2160 361 2208 gratiae
387 2161 485 2209 apud
504 2160 668 2197 Poenum
687 2174 871 2210 quaerens,
892 2174 1014 2211 neque
1039 2167 1202 2202 transire

86 2223 182 2271 ipse,
208 2235 331 2271 neque
360 2223 510 2260 trahere
539 2224 585 2260 ad
614 2224 864 2260 defectionem
893 2225 1070 2262 Lucanos
1109 2230 1199 2265 satis

87 2284 234 2329 habuit,
255 2287 328 2322 nisi
348 2287 586 2337 imperatoris
619 2294 656 2324 et
674 2287 842 2338 ejusdem
872 2289 1032 2339 hospitis
1061 2292 1200 2340 proditi

82 2349 207 2399 capite
237 2362 280 2387 ac
309 2351 493 2400 sanguine
516 2351 637 2394 foedus
667 2365 754 2389 cum
782 2351 957 2390 hostibus
987 2355 1195 2392 sanxisset:

607 2415 647 2452 X
667 2417 689 2452 ‘2
