1527 2661
422 221 577 250 LIBER
603 221 650 249 X.
683 221 790 249 CAP.
816 221 931 249 XXV·
1154 220 1230 261 '107

113 318 198 349 rata
215 318 315 356 esset,
336 315 461 362 queem,
482 302 780 361 quemadmodum
801 313 906 347 irrita
921 312 993 346 sint
1010 322 1079 346 non
1097 311 1227 359 suffra-
1239 306 1282 379 Ξ·
1296 304 1334 378 g·
1351 312 1424 343 4⁵7·

109 379 173 425 gia
191 378 295 413 modo
311 378 453 425 populi,
469 378 531 412 sed
544 377 695 412 arbitria
714 377 822 411 etiam
831 374 1008 423 fortunae,
1025 379 1062 410 et
1080 376 1116 409 in
1133 387 1226 422 pau—
1271 372 1279 380 '
1326 372 1332 378 ’
1349 357 1421 382 295'

111 453 231 478 corum
254 447 469 490 potestatem
495 446 694 477 vertantur,
734 441 862 475 Omnes
894 445 978 475 ante
1008 451 1045 474 se
1073 440 1229 475 consules

109 507 254 542 sortitos
268 507 474 553 provincias
492 516 562 540 esse
576 521 589 549 ,-
618 517 709 540 nunc
733 508 832 539 extra
851 508 979 539 sortem
1000 503 1107 538 Fabio
1125 515 1226 539 sena·

112 575 189 606 tum
204 572 427 618 provinciam
446 571 542 605 dare.
586 569 629 605 Si
647 569 789 604 honoris
807 567 880 614 ejus
899 580 1022 604 caussa
1035 584 1046 603 :
1076 568 1129 602 ita
1147 579 1228 603 eum

109 635 154 670 de
170 646 220 677 se,
240 635 350 682 deque
368 635 549 682 republica
568 636 732 669 meritum
752 645 834 675 esse,
857 638 895 668 ut
909 632 1042 681 faveat
1062 632 1105 672 Q.
1126 632 1227 667 Fabii

107 700 246 746 gloriae,
268 712 344 746 quae
364 701 466 735 modo
496 711 565 734 non
593 711 658 734 sua
688 699 902 734 contumelia
929 698 1124 745 splendeat.
1156 696 1225 732 Cui

107 767 228 798 autem
257 763 402 798 dubium
431 775 513 805 esse,
543 763 602 798 ulii
630 774 739 797 unum
760 762 890 797 bellum
916 764 964 796 sit
990 773 1157 809 asperum
1185 773 1228 797 ac

106 827 265 875 difficile,
286 839 395 875 quum
425 829 461 863 id
488 828 595 862 alteri
622 832 725 862 extra
751 832 883 862 sortem
910 827 1114 867 mandetur,
1142 826 1228 873 quin

106 892 200 927 alter
217 893 338 927 consul
362 904 430 940 pro
457 904 720 940 supervacaneo
749 896 856 939 atque
876 892 997 926 inutili
1024 890 1229 926 habeatur?

114 956 274 991 Gloriari
293 956 439 991 Fabium
467 956 566 991 rebus
605 958 639 991 in
668 956 819 991 Etruria
845 957 979 1002 gestis:
1010 955 1099 990 velle
1126 959 1161 990 et
1180 954 1225 990 P.

109 1020 265 1056 Decium
281 1021 459 1068 gloriari:
488 1025 523 1056 et
530 1020 711 1069 forsitan,
729 1032 830 1068 quem
851 1021 912 1055 ille
926 1019 1089 1055 obrutum
1109 1021 1226 1067 ignem

106 1085 304 1131 reliquerit,
326 1087 378 1120 ita
404 1089 443 1120 ut
470 1087 573 1121 toties
601 1097 730 1120 novum
750 1097 792 1119 ex
819 1086 996 1132 inproviso
1025 1085 1227 1120 incendium

108 1149 223 1190 daret,
250 1161 327 1184 eum
356 1161 392 1184 se
419 1151 687 1185 exstincturum.
720 1150 908 1184 Postremo
936 1161 972 1185 se
991 1149 1133 1195 collega>
1162 1148 1225 1184 ho-

109 1223 210 1247 nores
233 1214 452 1260 pramiaque
484 1225 727 1248 concessurum
759 1214 977 1248 verecundia
1004 1215 1121 1248 aetatzs
1152 1210 1226 1258 ejus

108 1275 371 1324 majestatisque
381 1294 394 1320 ,-
424 1289 530 1325 quum
555 1278 766 1325 periculum,
794 1290 902 1324 quum
931 1278 1116 1312 dimicatio
1139 1289 1224 1324 pro-

105 1341 223 1387 posita
249 1341 308 1381 sit,
338 1352 450 1388 neque
478 1343 600 1376 cedere
626 1353 692 1376 sua
718 1346 855 1388 sponte,
885 1353 997 1388 neque
1025 1353 1226 1378 cessurum:

107 1409 154 1446 et,
174 1406 205 1439 si
224 1404 314 1439 nilzil
332 1405 434 1440 aliud
453 1417 494 1441 ex
513 1417 552 1441 eo
572 1407 764 1441 certamine
785 1406 921 1447 tulerit,
945 1406 1037 1441 illud
1057 1410 1149 1441 certe
1168 1406 1223 1441 la·

107 1475 239 1512 turum,
258 1475 310 1512 ut,
328 1473 421 1518 quod
437 1473 566 1519 populi
582 1473 641 1514 sit,
661 1472 816 1519 populus
825 1468 953 1516 jubeat
966 1471 1099 1517 potius,
1117 1481 1224 1518 quam

102 1540 226 1583 patres
249 1536 507 1584 gratificentur.
535 1536 660 1573 Jovem
687 1538 860 1584 optimum
883 1536 1078 1570 maximum
1103 1534 1224 1571 Deos-

106 1611 171 1647 que
200 1601 406 1636 inmortales
432 1613 468 1636 se
492 1603 649 1649 precari,
679 1606 721 1637 ut
748 1601 801 1636 ita
829 1605 959 1636 sortem
991 1611 1128 1647 aequam
1156 1599 1222 1635 sibi

107 1676 182 1699 cum
213 1665 350 1711 collega
376 1666 470 1707 dent,
496 1667 526 1701 si
555 1667 716 1701 eamdem
742 1667 909 1701 virtutem
930 1663 1221 1712 felicitatemque

104 1729 140 1762 iri
171 1728 258 1762 bello
278 1730 562 1765 administrando
580 1731 703 1765 daturi
729 1731 800 1764 sint
817 1745 828 1764 .·
859 1733 951 1764 certe
970 1730 1008 1764 id
1026 1733 1061 1764 et
1087 1734 1220 1764 natura

106 1803 255 1838 aequum,
277 1797 312 1826 et
330 1794 487 1839 ezemplo
503 1795 591 1830 utiLe
610 1806 691 1835 esse,
714 1798 748 1829 et
767 1794 816 1828 ad
834 1792 982 1841 ficmam
998 1794 1127 1840 populi
1142 1793 1218 1830 Ro-

104 1857 204 1891 mani
235 1858 425 1910 pertinere,
463 1869 520 1893 eos
557 1859 712 1894 consules
745 1869 827 1899 esse,
867 1869 1016 1905 quorum
1053 1858 1220 1894 utrolibet

106 1920 194 1955 duce
212 1920 338 1956 bellum
360 1922 549 1958 Etruscum
566 1925 643 1969 geri
668 1928 761 1958 recte
782 1924 904 1971 possit.
948 1921 1102 1965 Fabius,
1123 1922 1229 1958 nihil·

104 1981 205 2019 aliud
224 1989 396 2032 precatus
423 1985 619 2034 populum,
640 1998 750 2034 quam
772 1991 814 2021 ut
839 1986 955 2034 prius,
978 1998 1088 2033 quam
1116 1986 1229 2022 intro-

103 2053 331 2082 vocarentur
347 2047 398 2083 ad.
413 2049 630 2098 suffragium
656 2049 791 2092 tribus,
813 2050 885 2099 Ap.
901 2049 1050 2085 Claudii
1076 2057 1214 2099 praeto-

103 2110 153 2146 ris
174 2110 316 2147 adlatas
336 2123 382 2147 ex
401 2112 556 2149 Etruria
575 2113 701 2149 literas
723 2114 909 2156 audirent,
932 2114 1088 2150 comitio
1109 2115 1210 2152 abit:

103 2186 174 2210 nec
193 2175 337 2211 minore
363 2176 492 2226 populi
513 2189 714 2221 consensu,
736 2191 847 2226 quam
877 2185 1042 2221 senatu-3,
1062 2181 1326 2228 provin-Fabio
1339 2192 1426 2216 extra

104 2237 161 2273 cia
180 2238 333 2274 Etruria
352 2245 458 2276 extra
477 2246 617 2276 sortem
638 2241 759 2277 Fabio
779 2242 930 2278 decreta
951 2248 1018 2277 est.
1227 2230 1429 2305 ῗὲζὲἓέῐῖἃ

156 2301 286 2339 XXV.
318 2303 533 2341 Concursus
563 2305 649 2341 inde
679 2306 725 2342 ad
755 2306 948 2342 consulem
978 2306 1099 2342 factus
1132 2304 1243 2343 om·¹

103 2363 206 2404 nium
234 2366 353 2407 ferme
381 2367 600 2419 juniorum:
634 2376 672 2405 et
699 2383 768 2420 pro
803 2383 841 2407 se
875 2372 1031 2420 quisque
1060 2373 1225 2410 nomina

624 2434 697 2471 Fo
