1527 2661
348 184 500 212 mmm
527 184 596 211 ix.
630 183 737 211 CAP.
760 182 912 210 xmn.
1115 170 1166 222 67

56 270 134 308 lum
161 285 397 322 nequaquam
425 285 494 322 pro
527 271 703 321 praesenti
732 277 877 306 terrore
909 282 952 305 ac
982 276 1168 306 vetustate
1184 272 1273 304 U.C.
1290 280 1365 309 447.

55 336 178 383 gentis
198 335 328 383 gloriae
348 336 420 371 fuit
436 350 442 370 :
475 334 572 370 nihil
594 347 750 382 usquam
769 334 872 369 dictu
891 334 1047 381 dignum
1074 334 1169 376 ausi,
1183 318 1220 348 A·
1234 316 1272 347 C·
1289 325 1365 349 3⁰⁵⁸

53 399 162 434 trinis
184 399 315 434 castris
332 400 433 434 intra
448 411 590 448 paucos
612 398 690 433 dies
711 399 831 440 exuti,
846 398 1004 445 triginta
1023 397 1167 433 dierum

52 462 236 506 inducias,
257 463 311 498 ita
330 469 372 498 ut
402 464 448 498 ad
475 469 647 498 senatum
673 462 838 498 Romam
867 461 1013 510 legatos
1038 462 1166 497 mitte-

51 532 150 568 rent,
170 527 269 575 pacti
297 534 386 561 sunt
410 525 582 562 bimestri
609 525 798 574 stipendio
817 524 1098 573 frumentoque,
1130 530 1168 559 et

51 591 209 639 singulis
232 592 269 627 in
297 591 456 627 militem
484 592 636 627 tunicis.
666 591 727 627 Ab
749 597 882 627 senatu
911 591 957 627 ad
976 591 1167 627 BIarcium

50 653 195 704 rejecti,
217 656 277 691 cui
304 655 636 691 senatusconsulto
663 656 887 704 permissum
915 655 960 690 de
987 655 1164 691 Hernicis

49 726 152 756 erat:
185 721 291 768 isque
320 733 402 756 eam
423 726 575 768 gentem
600 720 640 755 in
661 719 890 755 deditionem
911 721 1069 769 accepit.
1112 720 1166 756 Et

47 783 86 819 in
107 783 262 819 Samnio
285 783 380 819 alter
399 782 532 819 consul
555 782 726 831 superior
750 781 906 824 viribus,
937 783 1030 818 locis
1057 785 1164 834 inpe-

12 892 14 894 .
48 845 163 881 ditior
190 852 282 882 erat.
322 845 464 882 Omnia
492 846 627 881 itinera
647 845 897 894 obsepserant
921 845 1066 888 hostes,
1089 846 1163 882 sal-

45 915 182 958 tusque
211 910 358 959 pervios
379 915 572 959 ceperant,
592 921 641 944 ne
660 922 735 957 qua
753 908 910 944 subvehi
931 916 1162 947 commeatus

10 1009 11 1023 ἶ
45 978 222 1024 possent:
256 985 378 1021 neque
405 985 484 1016 eOS,
506 985 622 1021 quum
649 972 819 1021 quotidie
844 972 953 1020 signa
978 972 1017 1008 in
1044 974 1163 1010 aciem

44 1036 178 1073 consul
196 1036 396 1087 proferret,
418 1037 553 1072 elicere
573 1037 620 1072 ad
639 1042 829 1072 certamen
845 1043 1018 1086 poterat:
1052 1038 1162 1073 satis·

43 1113 116 1150 que
141 1100 358 1151 adparebat,
379 1114 500 1150 neque
527 1101 735 1136 Samnitem
765 1107 956 1135 certamen
980 1113 1160 1151 praesens,

8 1206 10 1212 7
42 1178 112 1201 nec
140 1164 361 1201 Romanum
381 1165 602 1201 dilationem
630 1165 721 1200 belli
748 1164 926 1200 laturum.
961 1165 1159 1202 Adventus

41 1227 194 1271 lilarcii,
212 1229 290 1277 qui,
307 1228 485 1264 Hernicis
506 1228 687 1270 subactis,
705 1229 910 1263 maturavit
926 1228 1081 1276 collegae
1096 1243 1159 1266 ve-

41 1292 123 1327 nire
142 1292 299 1335 auxilio,
329 1304 475 1328 moram
496 1292 712 1328 certaminis
734 1292 835 1327 hosti
856 1293 1019 1327 exemit:
1052 1305 1155 1337 narn,

40 1362 82 1392 ut
96 1356 157 1404 qui
179 1368 226 1391 ne
245 1355 354 1391 alteri
367 1357 519 1404 quidem
538 1358 721 1393 exercitui
741 1370 780 1392 se
800 1357 848 1392 ad
863 1364 1052 1393 certamen
1074 1371 1155 1395 cre-

38 1419 221 1456 didissent
240 1432 362 1469 pares,
384 1419 567 1469 conjungi
591 1422 720 1469 utique
746 1423 846 1471 passi
867 1422 958 1458 duos
980 1423 1155 1459 consula-

0 1499 1 1517 :
37 1496 94 1520 res
115 1485 301 1520 exercitus
328 1484 424 1520 nihil
444 1485 640 1521 crederent
663 1498 857 1536 superesse
886 1487 978 1536 spei,
1001 1487 1154 1523 adveni-

36 1554 162 1583 entem
197 1549 452 1598 incomposito
483 1551 633 1598 agmine
655 1550 844 1586 Marcium
871 1551 1154 1599 adgrediuntur.

37 1610 192 1661 Raptim
213 1612 372 1648 conlatae
393 1614 549 1649 sarcinae
570 1614 608 1649 iu
629 1614 817 1658 medium;
851 1621 901 1656 et,
923 1621 1037 1664 prout
1057 1621 1153 1652 tem-

34 1687 104 1724 pus
134 1675 362 1724 patiebatur,
383 1677 569 1712 instructa
597 1678 707 1713 acies.
739 1677 893 1713 Clamor
922 1678 1083 1726 primum
1112 1679 1152 1714 in

36 1739 174 1774 stativa
200 1739 380 1788 perlatus,
402 1740 488 1776 dein
518 1749 743 1790 conspectus
771 1741 901 1790 procul
930 1741 1067 1790 pulviS,
1090 1748 1151 1778 tu-

35 1802 197 1839 multum
217 1804 316 1852 apud
345 1804 505 1840 alterum
525 1805 719 1840 consulem
744 1806 782 1840 in
803 1805 934 1841 castris
953 1805 1068 1841 fecit:
1101 1807 1151 1842 is-

34 1879 121 1914 que,
143 1867 347 1903 confestim
364 1881 469 1904 arma
485 1882 618 1918 capere
628 1883 647 1918 J
656 1870 763 1911 ussis,
780 1870 994 1918 raptimque
1009 1870 1150 1906 eductis

34 1932 73 1967 in
93 1933 214 1967 aciem
243 1932 442 1976 militibus,
462 1940 714 1971 transversam
744 1935 913 1970 hostium
939 1934 1071 1977 aciem,
1093 1941 1151 1970 at-

34 2008 105 2044 que
131 1995 206 2031 alio
234 1998 439 2033 certamine
466 2006 705 2047 occupatam,
734 1999 902 2043 invadit3
936 1998 1149 2040 clamitans,

32 2061 403 2109 summumflagitium
413 2062 515 2110 fore,
531 2064 562 2098 si
580 2064 734 2098 alterum
755 2064 946 2098 exercitum
966 2064 1150 2110 utriusque

32 2125 190 2160 victoria?
219 2131 413 2173 compotem
443 2129 599 2163 sinerent
619 2128 721 2176 fieri,
752 2140 815 2164 nec
844 2129 893 2162 ad
920 2138 956 2162 se
982 2129 1038 2162 sui
1067 2127 1150 2162 belli

0 2186 1 2240 i
33 2189 255 2223 vindicarent
275 2190 388 2225 decus.
425 2190 513 2229 Qua
532 2191 703 2239 inpetum
723 2190 891 2232 dederat,
912 2191 1144 2239 perrumpit,
1163 2196 1245 2244 Vticti
1264 2197 1358 2228 Sam-

34 2252 226 2300 aciemque
255 2265 322 2302 per
350 2254 510 2290 mediam
540 2255 579 2290 in
606 2261 730 2290 castra
758 2255 926 2290 hostium
955 2253 1089 2295 tendit,
1111 2261 1149 2289 et
1164 2246 1254 2270 mes·

36 2328 151 2352 vacua
179 2316 439 2355 defensoribus
470 2319 570 2370 capit
600 2325 713 2367 atque
745 2318 923 2354 incendit.
968 2318 1063 2358 Quae
1084 2317 1148 2355 ubi
