1527 2661
103 1625 272 1665 Sagunnni

104 1669 246 1699 Ronuun

104 1712 223 1751 legatos

104 1757 250 1785 mittunt.

102 1809 195 1838 U.C.
215 1815 286 1839 5234.

103 1853 142 1883 A.
158 1852 194 1883 C.
213 1859 286 1883 218.

104 2318 240 2359 Sagunti

104 2363 229 2411 obpug-

104 2413 203 2437 natio.

291 237 371 278 160
765 247 810 276 T.
837 248 970 278 L1v11

285 342 413 373 ruunt.
468 335 523 372 Et
542 348 589 372 ex
614 342 721 386 parte
741 336 860 373 altera
885 338 976 387 ripae
996 337 1050 373 vis
1079 338 1212 387 ingens
1233 338 1404 388 equitum

287 402 326 437 in
356 401 497 437 flumen
530 401 699 442 inmissa,
732 401 931 450 medioque
965 401 1072 438 alveo
1105 403 1399 453 haudquaquam

287 465 370 515 pari
389 464 595 500 certamine
615 476 863 508 concursum3
897 465 1037 515 quippe
1057 464 1121 501 ubi
1148 466 1258 516 pedes
1280 466 1401 502 insta-

287 528 390 572 bilis,
413 541 456 565 ac
481 529 543 563 vix
562 527 659 563 vado
679 527 811 571 fidens,
831 528 891 564 vel
918 529 965 565 ab
985 529 1120 565 inermi
1147 531 1287 578 equite,
1308 543 1408 579 equo

288 579 432 628 temere
452 599 554 633 acto,
576 592 739 640 perverti
763 598 915 641 posset:
949 605 1076 641 eques,
1098 605 1256 642 corpore
1276 594 1410 629 armis·

291 668 363 705 que
390 655 500 697 liber,
521 668 619 704 equo
642 655 701 690 vel
726 668 793 705 per
818 657 962 692 medios
984 657 1152 705 gurgites
1180 656 1322 700 stabili,
1343 669 1409 693 co-

290 721 415 756 minus
436 721 658 768 eminusque
678 732 757 756 rem
777 727 935 769 gereret.
985 721 1076 757 Pars
1098 733 1237 769 magna
1255 721 1410 757 flumine

291 782 489 819 absumta:
522 783 689 831 quidam,
718 785 910 819 vorticoso
937 785 1039 819 amni
1059 784 1173 820 delati
1199 781 1408 829 in'hostes,

292 848 339 884 ab
361 847 572 897 elephantis
592 848 724 883 obtriti
746 855 857 884 sunt:
889 849 1085 898 postremi,
1107 848 1242 896 quibus
1263 862 1412 898 regres-

292 924 353 947 sus
375 912 414 947 in
434 923 541 947 suam
563 912 684 960 ripam
707 912 829 947 tutior
848 911 938 955 fuit,
961 925 1006 948 ex
1027 912 1130 947 varia
1155 912 1411 961 trepidatione

292 989 408 1025 quum
422 978 461 1012 in
479 989 594 1012 unum
609 976 907 1024 configerentur,
925 978 1143 1026 priusquam
1161 990 1206 1012 ex
1219 983 1329 1014 tanto
1344 991 1413 1028 pa·-

292 1053 383 1076 vore
402 1041 615 1090 reciperent
635 1041 799 1082 animos,
822 1040 1033 1082 Hannibal,
1056 1041 1207 1089 agmine
1228 1042 1413 1090 quadrato

295 1117 444 1141 amnem
470 1106 676 1153 ingressus,
698 1105 828 1153 fugam
856 1117 902 1140 ex
929 1105 1011 1154 ripa
1033 1104 1147 1140 fecit:
1180 1106 1413 1155 vastatisque

295 1169 408 1217 agris,
431 1169 531 1204 intra
556 1181 698 1218 paucos
718 1169 796 1204 dies
818 1169 1054 1218 Carpetanos
1075 1181 1225 1217 quoque
1250 1170 1287 1205 in
1310 1170 1414 1206 dedi·

294 1233 440 1267 tionem
456 1233 614 1281 accepit.
656 1233 703 1268 Et
717 1232 800 1282 jam
822 1233 950 1268 omuia
970 1239 1075 1268 trans
1095 1232 1264 1276 Iberum,
1280 1240 1416 1283 praeter

296 1296 544 1344 SaguntinoS,
566 1297 950 1345 Karthaginiensium
971 1303 1090 1334 erant.

350 1359 419 1396 VI.
451 1360 547 1396 Cum
577 1361 800 1409 Saguntinis
820 1360 963 1397 bellum
988 1361 1160 1397 nondum
1178 1368 1281 1397 erat:
1315 1369 1418 1399 cete-

297 1437 380 1459 rnm
403 1424 486 1473 jam
515 1425 606 1461 belli
627 1438 760 1461 caussa
787 1426 993 1461 certamina
1015 1438 1100 1461 cum
1120 1425 1289 1462 finitimis
1316 1439 1417 1462 sere-

296 1487 450 1530 bantur,
486 1490 649 1524 maxime
674 1488 926 1524 Turdetanis:
960 1488 1096 1537 quibus
1124 1501 1240 1536 quum
1269 1490 1417 1526 adesset

298 1551 411 1593 idem,
441 1553 503 1600 qui
534 1551 610 1587 litis
645 1559 725 1587 erat
755 1558 873 1595 sator,
894 1564 964 1587 nec
995 1558 1185 1587 certamen
1210 1552 1324 1601 juris,
1352 1553 1417 1590 sed

299 1616 374 1651 vim
398 1617 517 1664 quaeri
544 1617 766 1666 adpareret,
799 1616 917 1664 legati
948 1629 969 1652 a
1001 1616 1224 1663 Saguntinis
1252 1615 1418 1654 Romam

300 1681 418 1722 missi,
441 1680 625 1717 auxilium
645 1682 692 1717 ad
711 1680 852 1717 bellum
868 1680 951 1730 jam
973 1680 1076 1716 haud
1095 1680 1208 1715 dubie
1227 1681 1415 1718 inminens

301 1752 466 1781 orantes.
524 1745 709 1781 Consules
740 1751 832 1781 tunc
860 1744 996 1780 Romae
1028 1752 1135 1780 erant
1154 1744 1198 1780 P.
1215 1745 1417 1782 Cornelius

302 1812 430 1860 Scipio
463 1819 501 1847 et
526 1812 585 1848 Ti.
608 1812 854 1861 Sempronius
883 1811 1065 1860 Longus:
1110 1812 1174 1859 qui
1205 1824 1335 1860 quum,
1363 1813 1421 1849 le-

299 1876 398 1923 gatis
423 1876 461 1910 in
491 1882 666 1912 senatum
696 1876 936 1919 introductis,
968 1876 1014 1912 de
1043 1875 1240 1925 republica
1267 1876 1420 1913 retulis-

299 1946 398 1981 sent,
419 1939 699 1989 placuissetque
729 1941 829 1976 mitti
859 1940 1013 1989 legatos
1040 1941 1080 1976 in
1107 1940 1351 1990 Hispaniam,
1373 1942 1424 1978 ad·

299 2015 357 2038 res
378 2004 570 2040 sociorum
597 2005 876 2054 inspiciendas,
909 2004 1045 2053 quibus
1073 2006 1103 2039 si
1131 2005 1320 2042 videretur
1339 2007 1422 2055 dig-

298 2081 349 2104 na
369 2081 515 2112 caussa,
538 2076 575 2104 et
600 2069 812 2105 Hannibali
833 2069 1120 2111 denunciarent,
1142 2075 1184 2104 ut
1203 2069 1255 2105 ab
1273 2071 1422 2119 Sagun-

299 2133 405 2175 tinis,
427 2133 539 2169 sociis
571 2132 703 2182 populi
729 2133 912 2177 Romani,
944 2133 1166 2176 abstineret,
1194 2140 1231 2169 et
1250 2134 1422 2171 Kartha-

299 2196 429 2244 ginem
458 2198 496 2232 in
524 2197 694 2233 Africam
724 2197 961 2247 trajicerent,
992 2210 1035 2234 ac
1069 2199 1257 2234 sociorum
1289 2199 1425 2249 populi

303 2260 472 2297 Romani
493 2262 749 2310 querimonias
777 2261 980 2298 deferrent,
1027 2261 1114 2298 Hac
1139 2261 1331 2311 legatione
1355 2264 1421 2300 de-

304 2332 423 2369 creta,
454 2326 613 2362 necdum
643 2327 772 2369 missa,
794 2327 964 2362 omnium
994 2339 1060 2376 spe
1084 2326 1240 2363 celerius
1271 2327 1422 2376 Sagun-

302 2395 384 2425 tum
406 2389 621 2440 obpugnari
642 2389 810 2427 adlatum
830 2396 899 2428 est.
935 2390 1046 2427 Tunc
1065 2390 1185 2427 relata
1205 2403 1250 2428 ex
1270 2392 1426 2440 integro
