1527 2661
159 262 249 292 U.C.
267 267 340 293 534.

158 306 198 337 A.
211 305 247 336 C.
266 312 340 336 218.

352 176 434 207 210
802 179 846 206 Τ.
871 179 1005 208 L1V11

353 267 438 302 inde
459 279 541 303 cum
559 268 725 304 exercitu
746 281 814 304 suo
834 269 1025 318 profectus
1042 270 1088 306 ad
1104 270 1280 307 Trebiam
1301 270 1452 314 flumen,

353 329 506 379 collegae
527 330 784 380 conjungitur.

402 395 492 431 LII.
523 395 609 431 Jam
637 395 750 431 ambo
777 396 964 439 consules,
992 403 1030 432 et
1053 396 1231 445 quidquid
1259 395 1456 432 Romana-

350 472 432 495 rum
464 460 600 494 virium
633 464 726 500 erat,
766 458 977 495 Hannibali
1013 460 1245 509 obpositum,
1283 466 1349 496 aut
1384 459 1458 495 illis

351 523 469 572 copiis
490 522 639 558 defendi
659 534 770 572 posse
790 522 1008 559 Romanum
1036 524 1248 572 imperium,
1269 529 1335 559 aut
1352 536 1458 573 spem

349 585 495 621 nullam
513 585 626 621 aliam
649 598 745 629 esse,
765 587 854 622 satis
876 586 1103 624 declarabat.
1160 587 1307 623 Tamen
1326 586 1459 623 consul

350 649 458 694 alter,
480 650 644 699 equestri
672 650 808 699 proelio
835 664 911 687 uno
942 659 979 687 et
1007 651 1160 688 vulnere
1188 663 1258 688 suo
1277 652 1459 694 minutus,

350 715 450 752 trahi
475 727 554 750 rem
582 713 770 751 malebat:
802 717 962 752 recentis
989 716 1104 752 animi
1127 715 1235 759 alter,
1256 728 1376 764 eoque
1403 714 1460 751 fe-

349 779 490 821 rocior,
519 777 661 814 nullam
689 778 908 815 dilationem
935 779 1163 829 patiebatur.
1219 779 1334 819 Quod
1362 779 1462 814 inter

348 841 528 879 Trebiam
547 841 767 892 Padumque
793 844 872 892 agri
894 850 963 887 est,
985 844 1086 880 Galli
1109 850 1188 881 tum
1215 843 1457 888 incolebant,

346 906 388 943 in
408 907 566 944 duorum
585 908 877 957 praepotentium
905 908 1133 959 populorum
1153 908 1372 949 certamine,
1393 918 1459 957 per

348 970 570 1019 ambiguum
604 970 787 1015 favorem,
823 972 926 1008 haud
962 973 1074 1009 dubie
1108 973 1270 1022 gratiam
1304 970 1459 1006 victoris

345 1040 572 1084 spectantes.
631 1035 674 1072 Id
699 1036 880 1080 Romani,
908 1050 955 1074 ne
981 1039 1070 1087 quid
1101 1038 1215 1075 modo
1245 1040 1455 1078 moverent,

346 1110 455 1146 aequo
485 1098 593 1142 satis,
629 1098 772 1136 Poenus
808 1102 1007 1151 periniquo
1045 1103 1172 1139 animo
1209 1100 1369 1142 ferebat,
1407 1098 1455 1135 ab

347 1161 466 1198 Gallis
494 1163 659 1199 adcitum
690 1176 729 1200 se
748 1166 894 1201 venisse
922 1166 969 1201 ad
995 1166 1211 1202 liberandos
1238 1177 1317 1207 eos,
1348 1163 1457 1199 dicti-

345 1231 443 1263 tanS.
501 1226 562 1263 Ob
583 1240 666 1263 eam
685 1228 792 1271 iram,
812 1228 923 1265 simul
941 1235 984 1265 ut
1002 1230 1128 1279 proeda
1146 1229 1304 1266 militem
1325 1226 1455 1269 aleret,

345 1289 421 1326 duo
440 1289 559 1326 millia
584 1292 754 1342 peditum
781 1300 818 1329 et
845 1293 945 1330 mille
976 1295 1136 1343 equites,
1164 1293 1349 1331 Numidas
1376 1290 1456 1342 ple-

342 1368 495 1406 rosque,
515 1355 656 1393 mixtos
676 1357 859 1406 quosdam
886 1363 923 1394 et
943 1357 1089 1402 Gallos,
1110 1357 1283 1409 populari
1303 1367 1455 1393 omnem

344 1421 518 1471 deinceps
539 1434 671 1470 agrum
692 1434 809 1471 usque
828 1423 875 1458 ad
894 1422 987 1459 Padi
1007 1424 1106 1473 ripas
1119 1422 1246 1472 jussit.
1287 1421 1455 1469 Egentes

344 1497 416 1536 ope
446 1484 561 1528 Galli,
590 1498 705 1535 quum
734 1486 781 1523 ad
813 1487 851 1523 id
880 1486 1014 1523 dubios
1049 1491 1259 1523 servassent
1292 1485 1454 1526 animos,

344 1550 467 1586 coacti
487 1549 533 1586 ab
554 1550 771 1587 auctoribus
795 1550 942 1600 injuriae
969 1552 1015 1587 ad
1036 1550 1200 1587 vindices
1220 1550 1368 1586 futuros
1388 1548 1451 1585 de-

345 1612 511 1650 clinant:
547 1613 759 1663 legatisque
796 1615 841 1651 ad
876 1616 1071 1652 consulem
1103 1615 1239 1656 missis,
1272 1611 1455 1649 auxilium

343 1675 608 1714 Romanorum
638 1685 760 1722 terrie,
793 1679 842 1716 ob
875 1681 1030 1716 nimiam
1059 1679 1246 1715 cultorum
1275 1677 1385 1713 fidem
1413 1677 1453 1712 in

343 1740 541 1778 Romanos
575 1740 779 1786 laboranti,
811 1750 935 1780 orant.
993 1743 1172 1779 Cornelio
1206 1754 1274 1777 nec
1306 1752 1450 1782 caussa,

343 1817 413 1840 nec
441 1811 589 1855 tempus
624 1808 779 1856 agendae
816 1809 868 1843 rei
905 1808 1101 1858 placebat:
1136 1812 1382 1856 suspectaque
1419 1804 1453 1840 ei

342 1881 434 1916 gens
465 1876 558 1912 erat,
588 1883 704 1919 quum
734 1871 782 1907 ob
803 1871 919 1907 infida
948 1870 1066 1907 inulta
1085 1870 1268 1911 facinora,
1289 1875 1383 1911 tuin,
1413 1873 1454 1903 ut

341 1931 414 1967 alia
446 1939 632 1969 vetustate
662 1935 950 1979 obsolevissent,
973 1936 1021 1971 ob
1048 1941 1237 1971 recentem
1266 1933 1451 1968 Boiorum

340 1995 546 2044 perfidiam.
604 1998 847 2047 Sempronius
874 2006 1020 2039 contra,
1050 1997 1288 2033 continendis
1314 1996 1352 2030 in
1379 1995 1450 2030 fide

340 2061 450 2095 sociis
472 2063 677 2098 maximum
693 2063 884 2099 vinculum
904 2075 983 2098 esse
1003 2063 1158 2112 primos,
1177 2062 1240 2110 qui
1257 2061 1450 2109 eguissent

342 2137 427 2173 ope,
456 2125 643 2169 defensos,
672 2128 860 2164 censebat.
917 2127 1030 2170 Tum,
1062 2126 1207 2174 collega
1233 2131 1449 2167 cunctante,

341 2189 550 2235 equitatum
577 2202 699 2233 suurn,
722 2190 821 2226 mille
844 2191 1012 2240 peditum
1031 2189 1310 2240 jaculatoribus
1330 2188 1447 2224 ferme

343 2251 531 2297 admixtis,
571 2253 618 2289 ad
647 2253 922 2291 defendendum
958 2253 1145 2291 Gallicum
1179 2265 1311 2302 agrum
1345 2258 1447 2289 trans
