1527 2661
119 265 207 295 uc.
228 272 299 298 538.

116 309 204 339 A.C.
226 316 299 342 214.

86 1690 270 1730 benignitas

86 1735 281 1773 privatorum

87 1786 160 1816 erga
175 1787 257 1808 rem—

85 1821 262 1859 publicam.

310 164 394 207 392
767 166 814 196 τ.
839 168 971 197 L1v11

311 252 478 304 ejusdem
508 267 618 291 noxae
652 256 723 292 reis
762 270 934 294 caussam
962 258 1097 302 dicere,
1128 271 1243 308 quum
1272 259 1424 310 purgari

311 319 544 368 nequissent,
566 320 880 369 pronunciarunt,
902 321 1016 358 verba
1048 323 1334 372 orationemque
1360 336 1424 360 eos

311 382 487 418 adversus
514 382 785 432 rempublicam
811 384 1002 429 habuisse,
1024 399 1099 434 quo
1126 385 1340 435 conjuratio
1364 387 1426 423 de-

311 447 476 482 serendae
504 446 625 483 Italiae
650 460 784 484 caussa
809 448 926 486 fieret.
985 450 1199 486 Secundum
1228 463 1291 487 eos
1319 451 1426 487 citati

311 511 420 546 nimis
442 510 566 546 callidi
587 511 804 547 exsolvendi
818 511 1070 562 jurisjurandi
1089 514 1332 563 interpretes:
1362 514 1425 563 qui

310 574 560 624 captivorum,
582 588 628 611 ex
655 576 790 612 itinere
810 577 970 624 regressi
997 576 1094 612 clam
1112 577 1152 612 in
1172 583 1297 613 castra
1315 577 1426 614 Han-

309 638 460 682 nibalis,
488 639 669 684 solutum,
691 640 792 690 quod
812 640 1036 690 juraverant
1061 641 1264 685 redituros,
1290 641 1427 678 reban-

308 709 381 740 tur.
428 702 502 740 His
522 705 854 755 superioribusque
872 705 946 742 illis
967 707 1053 756 equi
1072 707 1225 750 ademti,
1247 707 1310 757 qui
1329 707 1427 758 pub-

306 766 420 804 licum
441 780 578 818 equum
598 768 815 806 habebant:
853 769 1029 820 tribuque
1058 771 1168 815 moti,
1196 771 1315 807 aerarii
1343 784 1424 808 om-

306 844 372 868 nes
399 831 504 870 facti.
560 834 696 884 Neque
723 841 857 871 senatu
881 835 996 871 modo
1022 841 1088 872 aut
1109 836 1273 885 equestri
1292 835 1426 872 ordine

305 898 472 946 regendo
493 911 583 934 cura
611 911 650 935 se
679 912 879 936 censorum
899 900 1046 937 tenuit:
1078 901 1236 936 nomina
1254 900 1425 936 omnium

305 973 352 997 ex
373 960 574 1011 juniorum
600 961 740 1000 tabulis
771 970 1053 1014 excerpserunt,
1081 964 1146 1013 qui
1175 963 1426 1013 quadriennio

303 1037 382 1062 non
405 1026 646 1070 militassent,
668 1027 803 1077 quibus
823 1040 946 1077 neque
967 1029 1114 1064 vacatio
1133 1026 1241 1077 justa
1263 1026 1423 1072 militiae,

303 1102 425 1140 neque
444 1091 599 1128 morbus
621 1105 753 1129 caussa
772 1092 917 1129 fuisset.
947 1092 1001 1129 Et
1020 1105 1064 1128 ea
1083 1105 1196 1142 supra
1216 1092 1289 1128 duo
1305 1091 1423 1129 millia

303 1156 502 1193 nominum
530 1158 569 1194 in
599 1159 749 1195 aerarios
780 1157 914 1202 relata,
945 1158 1123 1207 tribuque
1152 1170 1284 1194 omnes
1314 1158 1422 1195 moti.

303 1220 560 1272 Additumque
580 1222 690 1259 inerti
713 1223 894 1260 censoriae
913 1229 1015 1258 notae
1043 1222 1151 1258 triste
1176 1228 1424 1259 senatuscon-

305 1284 462 1322 sultum:
496 1293 538 1322 ut
557 1287 581 1322 ii
603 1300 750 1332 omnes,
771 1292 1061 1338 quos'censores
1082 1292 1294 1330 notassent,
1316 1286 1421 1337 pedi-

300 1347 372 1385 bus
402 1357 604 1394 mererent,
634 1351 950 1401 mitterenturque
979 1352 1019 1387 in
1049 1351 1216 1388 Siciliam
1245 1350 1292 1386 ad
1322 1350 1424 1386 Can-

303 1414 429 1449 nensis
459 1415 647 1451 exercitus
680 1415 871 1464 reliquias,
904 1416 964 1452 cui
993 1415 1156 1451 militum
1186 1414 1316 1463 generi
1344 1426 1422 1450 non

300 1478 419 1528 prius,
440 1491 553 1527 quam
582 1479 711 1529 pulsus
741 1479 855 1516 Italia
883 1480 1004 1515 hostis
1035 1485 1147 1522 esset,
1177 1478 1326 1515 finitum
1353 1478 1421 1513 sti-

300 1542 524 1592 pendiorum
552 1549 699 1594 tenipus
731 1550 823 1580 erat.
881 1543 1011 1582 Quum
1037 1555 1226 1586 censores,
1257 1542 1306 1578 ob
1336 1542 1421 1578 ino-

301 1606 403 1656 piam
426 1608 561 1650 aerarii,
583 1620 622 1644 se
641 1607 725 1658 jam
745 1608 1001 1644 locationibus
1029 1607 1266 1643 abstinerent
1286 1606 1422 1642 aedium

304 1683 494 1707 sacrarum
530 1672 770 1715 tuendarum,
810 1671 1069 1720 curuliumque
1107 1683 1289 1720 equorum
1326 1682 1423 1720 prae-

304 1733 527 1778 bendorum,
542 1748 585 1771 ac
602 1734 781 1771 similium
801 1735 859 1771 his
880 1748 1004 1771 rerum
1021 1751 1031 1780 3
1065 1746 1275 1770 convenere
1291 1734 1337 1770 ad
1357 1745 1421 1769 eos

303 1801 534 1850 frequenteS,
570 1802 633 1851 qui
666 1802 785 1838 hastae
820 1800 930 1851 hujus
965 1801 1112 1850 generis
1151 1800 1418 1836 adsueverant:

303 1866 520 1915 hortatique
541 1878 730 1909 censores,
750 1872 791 1902 ut
811 1867 939 1902 omnia
954 1865 1109 1917 perinde
1129 1874 1300 1913 agerent,
1317 1862 1421 1898 loca-

301 1937 399 1973 rent,
421 1944 465 1967 ac
484 1931 513 1966 si
541 1931 702 1980 pecunia
722 1931 759 1966 in
782 1931 913 1967 aerario
941 1936 1052 1966 esset.
1108 1929 1326 1969 Neminem,
1348 1926 1420 1962 nisi

300 1994 401 2030 bello
426 1994 616 2037 confecto,
638 1995 838 2044 pecuniam
865 1994 911 2030 ab
933 1995 1065 2031 aerari'o
1092 1993 1299 2043 petiturum
1326 2002 1419 2027 esse.

301 2059 522 2094 Convenere
547 2058 679 2094 deindo
706 2058 850 2094 domini
878 2071 1023 2100 eorum,
1045 2069 1138 2106 quos
1164 2055 1223 2092 Ti.
1242 2054 1418 2103 Sempro-

300 2124 384 2160 nius
413 2124 458 2159 ad
484 2123 747 2159 Beneventum
774 2135 890 2159 manu
916 2122 1113 2158 emiserat:
1146 2119 1419 2167 arcessitosque

300 2201 338 2224 se
367 2188 414 2224 ab
442 2188 645 2224 triumviris
673 2188 869 2223 mensariis
900 2199 980 2222 esse
1010 2187 1199 2227 dixerunt,
1227 2190 1268 2218 ut
1297 2183 1418 2233 pretia

300 2265 492 2288 servorum
512 2253 746 2302 acciperent:
777 2259 942 2288 ceterum
963 2264 1041 2287 non
1061 2256 1163 2292 ante,
1185 2260 1298 2298 quam
1316 2246 1418 2283 bello

301 2316 491 2359 confecto,
531 2322 752 2367 accepturos
791 2328 883 2352 esse.
941 2315 1069 2355 Quum
1102 2313 1182 2349 haec
1220 2310 1418 2348 inclinatio
