1527 2661
287 143 349 195 481
736 153 783 180 Τ.
810 152 945 181 L1v11

91 239 183 272 U-C·
201 248 275 273 443.
290 250 402 294 cepto
422 242 532 279 ullius
559 255 625 278 sua
653 248 789 292 sponte
815 241 1032 278 struebatur
1051 239 1164 282 acies,
1186 235 1333 280 consul,
1353 234 1415 271 adf

90 284 132 316 ᾧ
146 284 182 315 C‘
200 291 273 318 3⁰9⁶
289 308 493 357 ancipitem
512 307 674 342 maxime
690 318 856 355 pugnam
873 306 1066 346 advectus,
1084 302 1209 339 desilit
1224 314 1271 337 ex
1287 312 1412 348 equo,

289 378 329 409 et
346 372 496 413 Jovem,
516 371 759 418 Martemque
778 377 892 418 atque
918 369 1012 405 alios
1038 373 1201 404 testatur
1225 365 1347 406 Deos,
1366 374 1403 398 se
1436 383 1439 388 ·

287 439 429 473 nullam
445 449 548 471 suam
564 437 720 483 gloriam
742 436 837 476 inde,
857 435 918 470 sed
933 434 1098 481 praedam
1116 432 1226 467 militi
1245 439 1402 478 quaeren-

289 506 373 543 tem,
393 502 430 536 in
451 513 527 536 eum
547 501 663 535 locum
683 500 858 534 devenisse
873 514 885 534 .·
913 509 1023 545 neque
1042 499 1080 532 in
1097 508 1132 531 se
1151 495 1269 536 aliud,
1293 503 1402 540 quam

287 567 438 601 nimiam
474 565 614 600 ditandi
647 575 688 598 ex
722 563 820 598 hoste
852 563 980 598 militis
1016 573 1154 602 curam,
1191 555 1405 606 reprehendi

261 639 263 642 ⁴
282 641 410 677 posse:
439 629 482 663 ab
496 640 535 663 eo
554 640 590 662 se
610 628 781 662 dedecore
799 627 939 662 nullam
959 637 1034 661 rem
1054 625 1180 665 aliam,
1202 633 1311 670 quam
1328 620 1402 655 vir⁴

287 697 400 729 tutem
421 693 590 733 militum,
612 691 877 726 vindicaturam
891 706 903 725 .·
925 691 1191 725 conniterentur
1210 686 1313 721 modo
1332 694 1404 719 uno

288 758 411 792 animo
444 767 562 791 omnes
594 755 763 790 invadere
799 754 946 795 hostem,
983 754 1118 788 victum
1153 751 1242 791 acie,
1278 747 1416 784 castris*

286 826 446 862 exutum,
466 820 643 855 nudatum
663 818 817 860 urbibus,
838 819 1005 853 ultimam
1019 828 1117 864 spem
1125 814 1236 863 furto
1251 812 1403 848 insidia-

286 897 369 920 rum
391 888 599 925 tentantem,
620 887 655 918 et
675 884 764 924 loco,
785 894 856 917 non
875 883 998 922 armis,
1009 879 1165 929 fretum.
1206 877 1280 914 Sed
1298 886 1404 923 quem

286 960 359 984 esse
368 947 449 994 jam
468 948 596 983 virtuti
611 947 786 982 Romame
806 944 1117 993 inexpugnabilem>
1137 942 1284 977 locum?
1310 939 1402 976 Fre-

284 1012 439 1062 gellana
467 1025 548 1054 arx,
580 1012 814 1059 Soranaque,
842 1015 879 1045 et
906 1009 1134 1056 ubicumque
1154 1006 1289 1054 iniquo
1316 1016 1402 1040 suc-

285 1089 433 1113 cessum
473 1082 554 1111 erat
590 1074 689 1117 loco,
728 1073 1050 1109 memorabantur.
1107 1070 1181 1107 His
1219 1078 1401 1105 accensus

285 1139 408 1181 miles,
432 1139 604 1174 omnium
623 1139 809 1173 inmemor
835 1135 1127 1176 difficultatium,
1147 1133 1250 1169 vadit
1269 1132 1402 1167 adver-

286 1216 350 1240 sus
370 1204 619 1238 inminentem
645 1202 814 1237 hostium
841 1201 983 1237 aciem:
1017 1199 1071 1235 ibi
1095 1197 1265 1248 paullum
1290 1195 1399 1232 labo·-

286 1269 336 1304 ris
362 1268 449 1310 fuit,
478 1268 566 1303 dum
594 1267 632 1301 in
664 1265 861 1301 adversum
888 1263 1026 1299 clivum
1052 1263 1209 1311 erigitur
1235 1272 1398 1310 agmen:

286 1340 468 1373 ceterum,
489 1337 690 1380 postquam
710 1329 833 1379 prima
862 1328 970 1376 signa
989 1326 1190 1376 planiciem
1211 1337 1397 1361 summam

285 1402 482 1446 ceperunt,
504 1395 694 1442 sensitque
721 1394 819 1429 acies
847 1404 955 1441 aequo
982 1403 1021 1427 se
1039 1389 1122 1440 jam
1141 1389 1324 1426 institisse
1342 1388 1401 1424 lo·

286 1474 347 1504 oo,
367 1471 493 1496 versus
523 1458 714 1507 extemplo
738 1464 795 1493 est
819 1463 945 1493 terror
973 1458 1011 1493 in
1041 1455 1296 1497 insidiatores,
1317 1467 1401 1492 eas—

286 1526 446 1572 demque
475 1522 653 1565 latebras,
686 1522 820 1571 quibus
856 1535 895 1558 se
928 1521 1056 1571 paullo
1088 1527 1176 1556 ante
1208 1526 1422 1564 texerant,-

286 1588 406 1639 palati
434 1592 546 1635 atque
566 1588 727 1621 inermes
747 1585 839 1634 fuga
859 1585 1103 1636 repetebant:
1138 1583 1203 1620 sed
1221 1582 1307 1619 loca
1325 1582 1399 1620 dif-

286 1651 414 1694 ficilia,
436 1651 537 1686 hosti
559 1651 730 1700 quaesita,
752 1651 852 1699 ipsos
872 1655 954 1685 tum
980 1661 1047 1684 sua
1071 1648 1203 1684 fraude
1228 1647 1400 1697 inpedie-

285 1717 392 1753 bant.
437 1715 573 1764 Itaque
593 1728 684 1763 ergo
705 1715 902 1764 perpaucis
923 1713 1102 1761 effugium
1121 1712 1267 1762 patuit:
1301 1724 1399 1749 caesa

286 1781 334 1818 ad
352 1781 488 1829 uiginti
515 1780 633 1815 millia
662 1780 874 1821 hominum,
905 1778 1109 1826 victorque,
1127 1775 1324 1812 Romanus
1351 1776 1400 1814 ad

286 1845 455 1881 oblatam
476 1844 576 1880 ultro
597 1844 643 1880 ab
664 1845 774 1880 hoste
793 1843 957 1893 praedam
977 1853 1157 1892 pecorum
1174 1840 1362 1878 discurrit.

69 1919 193 1950 Etrusci
212 1919 274 1948 Su-
341 1908 521 1945 XXXII.
565 1908 670 1944 Dum
707 1909 788 1944 haec
822 1914 1005 1955 geruntur
1036 1906 1077 1941 in
1113 1905 1283 1948 Samnio,
1315 1903 1400 1954 jam

66 1963 238 2046 ἓὲὲῗᾶὲξ·
287 1986 418 2010 omnes
438 1973 602 2008 Etruriae
622 1971 751 2022 populi
773 1978 908 2021 praeter
927 1969 1126 2005 Arretinos
1151 1968 1197 2004 ad
1222 1980 1326 2004 arma
1344 1968 1399 2004 ie-

218 2028 225 2035 ·
286 2044 386 2080 rant,
416 2036 462 2072 ab
494 2035 752 2085 obpugnando
785 2035 926 2077 Sutrio,
948 2047 1030 2082 quae
1057 2032 1160 2076 urbs,
1185 2032 1289 2068 socia
1314 2031 1399 2068 Ro-

285 2102 424 2143 manis,
446 2099 548 2135 velut
568 2099 730 2136 claustra
760 2094 923 2134 Etruriae
951 2103 1045 2140 erat,
1066 2097 1201 2144 ingens
1220 2096 1297 2132 orsi
1316 2095 1398 2132 bel-

283 2164 375 2201 lum.
431 2165 491 2201 Eo
521 2163 616 2199 alter
639 2162 838 2199 consulum
857 2161 1036 2198 AEmilius
1058 2173 1144 2198 cum
1162 2160 1330 2197 exercitu
1349 2160 1396 2197 ad

283 2228 500 2264 liberandos
535 2228 734 2264 obsidione
769 2228 892 2263 socios
926 2226 1040 2263 venit.
1096 2224 1396 2261 Advenientibus

284 2290 486 2337 Romanis,
509 2293 652 2329 Sutrini
673 2297 906 2329 commeatus
925 2290 1090 2339 benigne
1109 2289 1148 2327 in
1166 2295 1290 2327 castra
1308 2295 1397 2327 ante
