1527 2661
99 304 188 335 U.C.
208 313 280 338 540.

98 348 136 377 Α,
151 349 186 379 C.
205 357 279 382 212.

83 1530 180 1560 <Cosa
196 1529 234 1560 ad

92 1574 238 1612 Capuam

91 1624 165 1648 ως).

87 2183 253 2222 Crispinus

86 2227 184 2257 Rom.

87 2311 203 2342 Badius

86 2355 201 2396 Camp-

291 199 381 249 462
754 213 799 242 r.
826 213 961 243 mvn

293 313 389 350 puro
415 313 472 343 ca,
495 314 576 350 quae
604 307 691 337 ante
719 301 820 338 dicta
845 302 1020 352 prodigia
1049 308 1151 346 sunt,
1173 308 1409 353 procuraret,

292 364 339 402 ab
361 366 609 402 insidentibus
629 366 729 402 forte
748 366 875 402 locum
895 366 1039 403 duabus
1066 367 1199 403 turmis
1219 367 1409 404 Numida-

291 442 373 465 rum
411 430 707 466 circumventum
744 429 935 466 scribant:
968 430 1063 466 adeo
1092 443 1162 467 nec
1193 431 1313 475 locus,
1338 443 1415 467 nec

290 495 388 530 ratio
422 495 554 530 mortis
586 495 623 530 in
653 495 734 530 viro
763 503 842 531 tam
872 494 974 531 claro
1003 501 1041 531 et
1070 495 1210 544 insigni
1244 502 1409 533 constat.

290 557 448 594 Funeris
480 572 631 608 quoque
669 559 836 595 Gracchi
865 559 970 595 varia
998 565 1055 595 est
1083 559 1196 596 fama.
1253 560 1332 596 Alii
1369 561 1409 596 in

290 622 421 658 castris
442 621 629 658 Romanis
651 622 838 672 sepultum
859 623 906 659 ab
928 624 1018 665 suis,
1040 623 1104 660 alii
1124 623 1171 660 ab
1188 623 1410 660 Hannibale

293 692 305 733 (
311 694 349 722 et
368 699 411 723 ea
438 686 628 736 vulgatior
647 687 749 723 fama
772 688 846 734 est)
868 687 1026 723 tradunt·
1050 687 1093 723 in
1116 687 1304 724 vestibulo
1330 688 1408 724 Pu·

288 752 462 788 nicorum
490 759 699 788 castrorum
725 764 862 800 rogum
888 757 1123 788 exstructum
1149 765 1254 788 esse:
1286 764 1413 789 arma-

287 824 370 852 tum
398 816 605 852 exercitum
626 816 882 852 decucurrisse
903 829 988 852 cum
1011 816 1184 866 tripudiis
1213 816 1410 867 Hispano-

288 892 385 922 rum,
406 879 649 929 motibusque
676 893 870 916 armorum
889 885 928 916 et
948 893 1151 930 corporum
1177 892 1253 916 suae
1273 880 1410 929 cuique

288 945 394 992 genti
420 944 601 988 adsuetis,
622 945 706 994 ipso
735 943 953 980 Hannibale
982 944 1087 980 omni
1117 956 1242 980 rerum
1271 944 1410 980 verbo-

287 1020 445 1057 rumque
464 1008 611 1044 honore
629 1009 825 1057 exsequias
844 1007 1073 1044 celebrante.
1120 1007 1217 1045 Haec
1236 1008 1406 1052 tradunt,

287 1073 350 1121 qui
372 1073 410 1108 in
430 1073 597 1108 Lucanis
619 1074 672 1109 rei
692 1079 808 1121 gestae
829 1079 1003 1108 auctores
1023 1078 1125 1109 sunt.
1174 1072 1219 1108 Si'
1233 1071 1321 1116 illis,
1342 1072 1412 1122 qui⁴

287 1137 333 1172 ad
355 1136 531 1174 Calorem
551 1138 706 1175 flum‘um
732 1137 977 1175 interfectum
1003 1142 1233 1180 memorant,
1257 1137 1413 1174 credere

286 1200 392 1251 velis,
415 1203 549 1252 capitis
572 1208 723 1238 tautum
743 1200 907 1238 Gracchi
926 1200 1061 1237 hostes
1076 1199 1190 1251 potiti
1216 1206 1327 1237 sunt:
1361 1212 1414 1238 eo

287 1265 413 1301 delato
435 1267 481 1302 ad
502 1266 775 1310 Hannibalem,
797 1267 932 1302 missus
953 1265 1000 1302 ab
1022 1278 1067 1302 eo
1085 1265 1286 1302 confestim
1303 1265 1408 1302 Kar-

284 1330 407 1375 thalo,
429 1332 491 1381 qui
511 1333 551 1367 in
572 1338 695 1368 castra
713 1330 892 1368 Romana
912 1331 959 1367 ad
976 1331 1046 1368 Cn.
1061 1330 1281 1368 Cornelium
1301 1344 1406 1381 quae-

284 1401 424 1431 storem
446 1395 630 1433 deferret:
663 1397 694 1432 is
715 1396 827 1432 funus
854 1396 1095 1446 imperatoris
1116 1396 1155 1432 in
1175 1397 1322 1440 castris,
1343 1409 1405 1434 ce·

283 1459 519 1496 iebrantibus
541 1474 624 1497 cum
646 1462 813 1497 exercitu
832 1460 1128 1504 Beneventanis,
1148 1460 1254 1498 fecit.

338 1523 493 1561 XVIII.
532 1525 731 1568 Consules,
770 1538 903 1574 agrum
948 1525 1189 1575 Campanum>
1227 1525 1402 1574 ingressi,

284 1603 400 1639 quum
426 1591 566 1640 passim
589 1590 876 1640 popularentur,
899 1590 1098 1640 eruptione
1123 1590 1407 1640 oppidanorum

284 1661 323 1692 et
340 1655 522 1704 BIagonis
550 1668 635 1691 cum
656 1655 827 1704 equitatu
846 1655 969 1690 territi
996 1660 1033 1690 et
1052 1654 1204 1704 trepidi,
1225 1654 1272 1690 ad
1292 1655 1407 1703 signa

282 1719 422 1757 milites
449 1719 596 1770 palatos
627 1720 767 1770 passim
796 1725 1046 1755 revocarunt:
1079 1724 1131 1762 et,
1154 1718 1309 1755 vixdum
1340 1719 1404 1755 in-

282 1789 427 1820 structa
452 1784 533 1820 acie
552 1783 643 1826 fusi,
671 1796 785 1833 supra
813 1782 915 1819 mille
945 1789 982 1818 et
1001 1783 1230 1832 quingentos
1261 1782 1406 1819 milites-

281 1850 500 1887 amiserunt.
558 1849 652 1885 Inde
672 1849 806 1898 ingens
826 1849 969 1885 ferocia
995 1848 1165 1899 superbae
1186 1854 1330 1898 suopte
1340 1848 1404 1884 in-

282 1915 395 1962 genio
429 1915 534 1963 genti
573 1915 703 1956 crevit,
742 1912 945 1963 multisque
982 1912 1127 1964 proeliis
1162 1912 1400 1949 lacessebant

281 1978 505 2015 Romanos:
539 1979 604 2014 sed
637 1979 867 2014 intentiores
899 1978 944 2014 ad
983 1978 1188 2014 cavendum
1227 1977 1407 2014 consules-

283 2057 360 2080 una
389 2057 517 2093 pugna
536 2044 692 2085 fecerat,
719 2044 872 2079 incaute
903 2042 1259 2093 atquessinconsulte
1289 2043 1396 2078 inita.

282 2108 470 2145 Restituit
485 2114 611 2144 tamen
628 2109 685 2143 his
703 2109 863 2150 animm,
882 2115 917 2143 et
938 2107 1010 2143 illis
1032 2108 1169 2143 minuit
1184 2107 1394 2149 audaciam,

281 2186 396 2223 parva
417 2186 491 2209 una
510 2186 567 2208 res
585 2188 591 2208 :
625 2173 689 2208 sed
711 2173 745 2208 in
768 2172 870 2208 bello
888 2171 984 2209 nihil
1003 2177 1080 2208 tam
1104 2171 1184 2207 leve
1203 2178 1273 2213 est,
1295 2171 1398 2220 qumi

281 2251 360 2273 non
393 2250 539 2285 magnae
578 2237 765 2273 interdum
804 2238 856 2273 rei
894 2242 1129 2272 momentum
1162 2235 1289 2273 faciat.
1346 2235 1393 2272 T.

280 2302 464 2341 Quinctio
499 2301 675 2351 Crispino
709 2300 849 2337 'Badius
881 2302 1096 2351 Campanus
1130 2301 1266 2350 hospes
1297 2307 1393 2343 erat,

281 2362 522 2418 nerfamiliari
551 2366 914 2418 bospitiojunctus:
949 2374 1116 2404 creverat
1144 2366 1393 2410 consuetudo,
