1527 2661
222 483 587 532 EPITOME
631 482 858 532 LIBRI
904 481 1055 530 ΧΙΧ.Ι

87 798 392 878 CAECILIUS
411 801 596 847 Metellus,
620 801 723 838 rebus
743 802 913 838 adversus
938 802 1065 837 Poenos
1088 811 1193 849 pros-

164 877 251 913 pere
275 866 396 912 gestis,
426 866 622 913 speciosum
652 867 724 913 egit
758 865 992 913 triumphum,
1025 865 1193 900 tredecim

78 929 224 965 ducibus
250 929 400 965 hostium
432 934 467 965 et
504 934 643 966 centum
678 930 810 977 viginti
845 929 1042 978 elephantis
1078 930 1116 964 in
1153 939 1194 964 eo

75 994 202 1030 ductis.
252 993 428 1029 Claudius
448 993 608 1030 Pulcher
627 994 761 1036 consul,
784 997 910 1029 contra
928 994 1088 1040 auspicia
1103 1004 1193 1041 pro-

64 1057 205 1107 fectuS,
227 1056 335 1104 jussis
358 1060 472 1106 mergi
490 1059 616 1106 pullis,
639 1060 700 1107 qui
725 1058 837 1094 cibari
862 1058 1042 1100 nolebant,
1070 1056 1193 1106 infeli·

77 1123 166 1158 citer
183 1123 351 1158 adversas
370 1122 690 1170 Karthaginienses
715 1124 824 1159 classe
839 1123 1015 1171 pugnavit
1025 1138 1038 1166 ,-
1067 1125 1115 1163 et,
1135 1133 1193 1157 re-

77 1192 224 1223 vocatus
259 1199 282 1222 a
304 1192 444 1229 senatu,
465 1186 654 1236 jussusque
682 1189 896 1224 dictatorem
925 1188 1053 1228 dicere,
1083 1186 1194 1222 Clau-

76 1251 176 1286 dium
200 1251 355 1287 Gliciam
384 1252 487 1294 dixit,
517 1253 624 1288 sortis
651 1252 789 1288 ultimae
809 1251 1008 1287 hominem:
1040 1251 1112 1298 qui,
1134 1262 1193 1285 co-

78 1319 179 1351 actus
207 1316 373 1352 abdicare
401 1328 438 1352 se
467 1305 697 1364 magistratu,
722 1321 846 1365 postea
873 1317 974 1352 ludos
996 1319 1193 1363 praetexta-

76 1384 133 1416 tus
150 1381 334 1429 spectavit.
391 1381 527 1416 Atilius
547 1380 736 1417 Calatinus
757 1382 898 1428 primus
916 1381 1072 1415 dictator
1091 1383 1194 1415 extra

79 1444 227 1480 Italiam
246 1446 436 1480 exercitum
456 1446 569 1481 duxit.
613 1445 702 1481 Cum
718 1445 836 1480 Poenis
855 1445 1077 1493 captivorum
1095 1457 1191 1480 com-

75 1510 231 1544 mutatio
246 1508 358 1557 facta
378 1514 439 1546 est.
489 1510 645 1545 Coloniae
664 1511 823 1546 deducta:
847 1514 929 1545 sunt
947 1508 1124 1556 Fregence,
1153 1510 1192 1543 in

76 1584 165 1620 agro
198 1573 400 1610 Sallentino
432 1575 690 1611 Brundusium.
739 1573 911 1610 Lustrum
942 1586 966 1608 a
995 1573 1191 1610 censoribus

74 1638 258 1673 conditum
284 1643 359 1674 est:
387 1650 489 1674 censa
507 1644 590 1674 sunt
615 1640 744 1675 civium
769 1639 892 1686 capita
910 1639 1066 1673 ducenta
1085 1639 1190 1685 quin-

74 1702 249 1748 quaginta
278 1714 387 1737 unum
413 1703 543 1745 millia,
565 1704 719 1738 ducenta
743 1702 972 1749 vigintiduo.
1017 1701 1188 1744 Claudia,

75 1776 175 1800 soror
198 1765 242 1801 P.
262 1765 420 1809 Claudii,
449 1768 521 1815 qui,
553 1768 739 1803 contemtis
766 1767 944 1814 auspiciis,
975 1767 1070 1802 male
1093 1779 1188 1814 pu„-

75 1834 237 1871 naverat,
269 1842 292 1865 a
327 1832 420 1866 ludis
455 1837 643 1874 revertens,
681 1843 788 1879 quum
825 1831 926 1866 turba
951 1835 1189 1878 premeretur,

76 1894 191 1929 dixit.-
221 1894 379 1930 Utinam
398 1895 515 1931 frater
540 1907 644 1932 meus
671 1896 825 1937 viveret,
854 1895 1065 1943 iterumque
1091 1893 1188 1930 clas-

75 1968 152 1992 sem
183 1956 358 1993 duceret!
391 1959 432 1995 ob
461 1972 537 1995 eam
574 1971 734 1995 caussam
769 1960 886 1995 multa
923 1961 954 1995 ei
991 1961 1089 1995 dicta
1125 1965 1188 1997 est.

74 2021 164 2057 Duo
184 2027 353 2070 praetores
373 2028 448 2059 tum
468 2026 628 2072 primum
653 2026 765 2060 creati
782 2029 874 2060 sunt.
924 2023 1086 2060 Caecilius
1105 2025 1187 2061 Me·

76 2085 180 2121 tellus
201 2087 366 2136 pontifex
383 2090 558 2125 maximus
576 2090 623 2125 A.
642 2089 863 2124 Postumium
884 2090 1076 2132 consulem,
1098 2102 1186 2138 quo-

72 2151 170 2186 niam
197 2153 290 2187 idem
315 2158 348 2188 et
360 2153 500 2203 flamen
522 2154 709 2189 Martialis
733 2158 824 2196 erat,
849 2165 955 2201 quum
982 2155 1012 2189 is
1038 2155 1087 2189 ad
1113 2154 1185 2190 bel-

75 2214 150 2249 lum
166 2217 361 2261 gerendum
378 2218 555 2266 proficisci
574 2218 692 2259 vellet,
714 2218 749 2252 in
769 2217 852 2253 urbe
874 2218 1000 2259 tenuit,
1020 2229 1084 2253 nec
1100 2230 1185 2265 pas-

72 2288 130 2312 sus
148 2283 199 2313 est
217 2291 240 2314 a
257 2282 367 2316 sacris
384 2282 553 2316 recedere.
596 2280 712 2316 Rebas
731 2282 899 2317 adversus
918 2281 1044 2316 Poenos
1062 2294 1084 2318 a
1099 2283 1185 2329 plu-

74 2342 170 2378 ribus
188 2344 332 2381 ducibus
352 2355 520 2394 prospere
535 2346 658 2392 gestis,
677 2356 854 2380 summam
874 2346 1030 2381 victoriae
1051 2344 1089 2381 C.
1107 2345 1188 2383 Lu·

581 2407 665 2446 H4
