1527 2661
350 168 505 195 LIBER
529 166 672 194 xxiv.
705 164 812 193 cAP.
836 166 906 193 xi.
1101 155 1182 211 383

74 258 175 294 amni
202 262 397 293 cruentum
424 258 543 292 visum
563 271 571 291 :
604 262 640 291 et
661 254 815 291 Calibus
846 260 961 297 creta,
983 261 1020 291 et
1048 255 1184 292 Romae
1197 263 1240 293 U.
1252 261 1290 292 C.
1307 267 1383 295 588.

20 317 22 360 ἦ
72 322 110 356 in
137 320 221 356 foro
248 320 381 356 boario
410 321 593 368 sanguine
619 319 781 368 pluisse:
814 324 851 354 et
874 319 911 353 in
938 319 1021 355 vico
1048 305 1287 356 Ist1·icoA·C·
1305 311 1379 336 214.

19 380 21 396 ⁴¹
73 383 217 421 fontem
238 383 306 419 sub
326 389 426 418 terra
445 389 553 418 tanta
568 383 602 417 vi
622 394 802 430 aquarum
822 381 987 424 fluxisse,
1010 388 1052 417 ut
1071 384 1184 419 serias

20 444 21 448 ¹
72 447 260 496 doliaque,
283 460 364 495 quae
392 448 429 482 in
457 460 502 482 eo
527 446 613 482 loco
640 452 760 489 erant,
781 445 982 496 provoluta
1002 446 1102 481 velut
1128 447 1186 482 in-

19 503 20 511 *
71 516 179 561 petus
199 512 378 547 torrentis
400 510 550 546 tulerit:
583 516 685 545 tacta
705 510 750 545 (le
777 509 874 549 coelo
901 510 1036 545 atrium
1061 509 1185 559 publi-

18 565 20 608 i
71 587 156 611 cum
186 575 224 610 in
255 574 461 624 Capitolio,
484 574 601 609 aedem
627 575 664 609 in
692 587 825 622 campo
847 573 1021 616 Vulcani,
1050 586 1184 609 nucem

70 639 109 678 in
132 638 280 674 Sabinis
297 638 561 687 publicamque
582 639 693 680 viam,
712 650 857 672 murum
879 650 921 672 ac
941 644 1088 686 portani
1107 637 1184 673 Ga-

72 702 157 738 biis.
191 702 277 738 Jam
298 702 371 738 alia
390 702 544 750 vulgata
562 701 743 738 miracula
762 707 888 737 erant:
911 701 1059 736 hastam
1078 701 1185 736 Mar-

71 766 118 802 tis
139 765 330 802 Praeneste
350 779 417 801 sua
437 772 572 816 sponte
592 772 824 815 promotam:
847 765 982 800 bovem
1003 766 1040 800 in
1058 765 1186 801 Sicilia

71 828 262 867 locutum:
294 829 480 865 infantem
510 830 548 865 in
579 836 686 864 utero
716 830 844 864 matris
875 829 914 865 in
939 828 1183 872 lli-armeniis,

73 894 113 929 Io
139 894 339 941 triumphe!
378 893 580 929 clamasse:
622 906 666 928 ex
701 892 855 928 muliere
886 892 1029 941 Spoleti
1062 894 1184 929 virum

70 957 230 993 factum:
259 957 413 993 Hadriae
434 971 535 993 aram
557 958 595 992 in
615 957 727 999 coelo,
749 958 966 1006 speciesque
986 958 1184 993 hominum

71 1021 209 1057 circum
240 1034 336 1064 eam,
368 1034 452 1057 cum
482 1022 640 1057 candida
665 1028 781 1064 veste,
803 1022 899 1056 visas
930 1034 1021 1057 esse.
1079 1022 1184 1060 Quin

70 1084 204 1121 Romae
222 1098 371 1134 quoque
391 1086 429 1121 in
449 1087 530 1134 ipsa
551 1085 654 1128 urbe,
674 1086 877 1121 secundum
898 1098 1009 1134 apum
1026 1097 1183 1121 examen

70 1149 109 1184 in
139 1148 223 1183 foro
243 1149 378 1191 visum,
409 1149 648 1185 adfirmantes
670 1149 835 1197 quidam,
863 1148 1031 1196 legiones
1060 1161 1098 1184 se
1123 1161 1182 1184 ar-

70 1218 190 1248 matas
225 1213 262 1248 in
297 1212 474 1248 Janiculo
502 1212 640 1254 videre,
673 1214 959 1249 concitaverunt
991 1213 1183 1248 civitatem

70 1276 117 1313 ad
150 1289 250 1312 arma
271 1291 278 1311 :
325 1277 388 1325 qui
422 1283 501 1312 tum
535 1277 573 1312 in
607 1277 784 1312 Janiculo
819 1284 957 1319 essent,
995 1282 1184 1324 negarunt

71 1352 294 1387 quemquam
316 1339 382 1381 ibi,
405 1346 541 1388 praeter
566 1340 742 1375 adsuetos
770 1340 875 1376 collis
903 1339 982 1389 ejus
1004 1340 1182 1382 cultores,

70 1403 296 1451 adparuisse.
345 1402 439 1438 Haec
466 1403 640 1452 prodigia
664 1403 798 1438 hostiis
820 1403 1025 1452 majoribus
1047 1416 1183 1451 procu-

69 1472 151 1505 rata
184 1472 271 1502 sunt
303 1479 349 1502 ex
386 1467 600 1515 aruspicum
634 1478 815 1515 responso
835 1481 842 1501 ;
883 1473 920 1502 et
957 1466 1183 1516 supplicatio

69 1529 243 1565 omnibus
267 1528 374 1572 Deis,
396 1542 555 1578 quorum
575 1528 787 1579 pulvinaria
808 1529 943 1565 Romae
965 1536 1104 1572 essent,
1126 1530 1182 1565 in-

70 1593 170 1628 dicta
189 1599 257 1629 est.

123 1657 196 1692 XI.
216 1657 462 1706 Perpetratis,
477 1670 558 1706 quae
575 1658 620 1693 ad
637 1670 768 1706 pacem
781 1656 908 1693 Deum
925 1656 1182 1706 pertinebant,

70 1721 115 1756 de
131 1720 323 1769 republica
334 1721 509 1769 belloque
527 1721 706 1768 gerendo,
722 1727 759 1756 et
774 1727 956 1769 quantum
974 1720 1182 1768 copiarum,

70 1791 105 1819 et
122 1783 183 1818 ubi
197 1797 353 1832 quaeque
369 1790 507 1826 essent,
523 1783 694 1819 consules
712 1784 757 1819 ad
774 1789 946 1819 senatum
961 1782 1182 1819 retulerunt.

70 1845 344 1894 Duodeviginti
368 1846 580 1894 legionibus
601 1846 740 1882 bellum
766 1847 844 1894 geri
872 1845 1014 1895 placuit
1034 1860 1041 1880 τ
1072 1845 1180 1881 binas
1194 1851 1357 1899 Duodevi-

70 1909 241 1944 consules
263 1909 334 1944 sibi
355 1921 517 1944 sumere:
544 1909 643 1944 binis
665 1909 842 1950 Galliam,
864 1908 1118 1957 Siciliamque,
1137 1922 1179 1944 ac
1192 1901 1269 1966 {sensu
1288 1894 1383 1933 legw‘

69 1973 280 2009 Sardiniam
297 1973 480 2017 obtineri3
505 1972 722 2021 duabusque
738 1973 786 2011 Q.
800 1972 960 2008 Fabium
980 1978 1182 2022 praetorem

68 2036 228 2085 Apuliae,
252 2037 395 2072 duabus
417 2036 594 2072 volonum
622 2036 682 2072 Ti.
700 2035 914 2072 Gracchum
938 2037 1038 2071 circa
1057 2036 1182 2076 Luce-

69 2104 162 2138 riam
190 2116 370 2153 praeesse:
413 2102 578 2150 singulas
609 2103 652 2138 C.
672 2102 854 2138 Terentio
888 2102 1103 2152 proconsuli
1135 2103 1182 2138 ad

70 2166 264 2209 Picenum,
285 2173 322 2201 et
341 2166 397 2202 M.
411 2165 563 2201 Valerio
584 2166 631 2201 ad
648 2165 803 2201 classem
824 2167 922 2201 circa
937 2165 1181 2200 Brundisium

71 2230 242 2278 relinqui,
265 2238 303 2266 et
321 2231 412 2266 duas
442 2229 526 2265 urbi
546 2230 718 2278 praesidio
745 2242 836 2266 esse.
893 2228 969 2264 Hic
990 2233 1031 2263 ut
1049 2241 1180 2263 nume-

69 2307 130 2330 rus
160 2293 353 2342 legionum
381 2294 608 2344 expleretur,
640 2306 704 2330 sex
734 2306 841 2329 novae
869 2292 1038 2340 legiones
1073 2297 1179 2328 erant
