1527 2661
302 170 453 198 LIBER
477 170 621 198 XXIV.
655 170 760 197 CAP.
784 169 924 196 XLIV.
1083 167 1165 210 425

61 257 226 293 arcessiti
246 258 508 306 magistratum
532 259 719 294 inierunt:
753 264 1000 305 senatumque
1020 256 1064 291 de
1084 256 1164 292 bel·
1178 257 1271 329 {DCC
1289 262 1363 287 538·

1210 323 1216 329 .
1257 307 1354 330 ‚214-

59 320 94 356 lo
114 334 157 357 ac
176 315 377 371 provinciis
399 322 474 358 suis
492 316 784 372 praetorumque,
802 328 839 356 et
855 321 899 356 de
921 321 1163 363 exercitibus,

56 385 189 433 quibus
209 386 345 433 quique
366 392 582 435 praeessent,
604 384 886 421 consuluerunt.

108 447 253 484 XLIV.
284 449 418 497 Itaque
443 450 646 499 provinciae
684 456 796 497 fitque
828 449 1012 484 exereitus
1042 444 1264 516 ‹living-g·
1284 452 1357 518 gig

1175 541 1354 570 Provincia-

54 511 202 548 Bellum
236 525 320 549 cum
354 513 572 550 Hannibale
609 513 826 549 consulibus
861 513 1094 555 mandatum,
1126 520 1161 548 et

53 577 285 612 exercituum
312 589 422 619 unus,
445 590 555 626 quem
582 577 661 626 ipse
682 577 924 626 Sempronius
951 575 1157 621 habuerat,
1175 594 1249 614 rum
1265 585 1342 613 dixi-

52 639 160 682 alter,
182 653 292 688 quem
313 642 450 677 Fabius
473 640 626 677 consul:
661 653 713 676 eae
735 640 831 676 binae
853 647 959 676 erant
979 628 1228 688 legionesfm·

49 702 298 740 M.AE1nilius
317 713 470 755 praetor,
492 704 550 755 cuj
558 718 597 741 us
618 705 815 755 peregrina
835 717 914 740 sors
935 711 1028 747 erat,
1044 704 1161 753 juris-

0 806 1 815 *
50 767 216 804 dictione
235 769 292 805 M.
305 770 425 805 Atilio
446 769 600 817 collegae
620 770 774 818 praetori
793 768 942 804 urbano
968 769 1159 812 mandata,

0 842 2 867 ἱ
48 831 250 868 Luceriam
286 834 519 883 provinciam
564 833 735 876 haberet,
773 833 1016 881 legionesque
1054 834 1160 877 duas,

48 895 183 944 quibus
203 897 251 935 Q.
264 896 419 939 Fabius,
441 898 505 945 qui
530 903 612 932 tum
631 896 764 932 consul
784 902 878 938 erat,
899 902 1038 945 praetor
1063 909 1159 945 prae-

46 959 182 996 fuerat.
225 960 268 996 P.
283 961 507 1010 Sempronio
528 961 722 1009 provincia
738 960 966 1002 Ariminum,
985 960 1055 995 Cn.
1069 960 1159 996 Ful-

46 1024 109 1059 vio
130 1023 319 1067 Suessula,
341 1037 426 1060 cum
445 1024 543 1060 binis
565 1025 655 1060 item
674 1023 904 1072 legionibuS‚
926 1032 1131 1060 evenerunt
1148 1040 1154 1060 z

46 1094 90 1123 ut
117 1087 271 1124 Fulvius
304 1088 463 1124 urbanas
494 1087 663 1136 legiones
694 1088 860 1130 duceret,
891 1088 1103 1124 Tuditanus
1136 1102 1159 1124 a

46 1150 116 1187 M.
136 1150 352 1200 Pomponio
381 1152 580 1200 acciperet.
637 1151 850 1199 Prorogata
879 1151 1036 1200 imperia
1067 1164 1156 1201 pro-

46 1214 269 1263 vinciaeque,
300 1214 358 1251 M.
389 1214 549 1251 Claudio
587 1214 716 1250 Sicilia
747 1215 884 1251 finibus
918 1217 985 1258 eis,
1021 1215 1155 1264 quibus

46 1290 202 1327 regnum
223 1278 404 1315 Hieronis
432 1279 588 1315 fuisset:
620 1279 788 1314 Lentulo
816 1280 1041 1329 propraetori
1068 1292 1158 1328 pro-

45 1341 169 1377 vincia
179 1348 285 1378 vetus
302 1357 310 1378 :
343 1342 388 1377 T.
402 1342 571 1377 Otacilio
589 1341 717 1378 classis
735 1356 742 1377 :
775 1343 961 1378 exercitus
982 1341 1075 1377 nulli
1090 1342 1156 1378 ad-

43 1405 112 1441 diti
141 1406 242 1442 novi.
298 1404 356 1442 M.
376 1405 530 1441 Valerio
564 1405 713 1441 Graecia
736 1404 1040 1453 Macedoniaque
1071 1417 1161 1441 cum

42 1469 192 1518 legione
212 1476 250 1506 et
269 1469 401 1514 classe,
422 1483 536 1519 quam
554 1470 734 1506 haberet:
767 1470 816 1509 Q.
832 1470 966 1506 Mucio
986 1484 1072 1506 cum
1091 1483 1155 1506 ve·

42 1539 123 1570 tere
142 1535 310 1570 exercitu
332 1535 431 1583 (duae
461 1541 587 1571 autem
607 1534 775 1582 legiones
807 1535 932 1581 erant)
956 1534 1151 1570 Sardinia:

43 1596 88 1633 C.
113 1597 295 1633 Terentio
331 1597 433 1646 legio
471 1611 559 1639 una,
599 1599 658 1633 cui
689 1597 771 1646 jam
808 1605 982 1647 praeerat,
1017 1605 1054 1633 et
1090 1597 1154 1633 Pi—

43 1673 190 1697 cenum.
221 1661 340 1697 Scribi
362 1668 544 1711 praeterea
563 1662 644 1697 duae
664 1661 833 1710 legiones
854 1661 1007 1697 urbanae
1020 1660 1152 1710 jussae,

42 1731 81 1760 et
98 1724 233 1772 viginti
254 1723 371 1760 millia
397 1726 598 1761 sociorum.
655 1725 728 1761 His
749 1725 920 1767 ducibus,
941 1726 1000 1760 his
1020 1726 1154 1774 copiis,

43 1787 218 1823 adversus
244 1786 365 1822 multa
390 1787 515 1830 simul,
540 1794 606 1823 aut
635 1795 741 1823 mota
774 1795 839 1824 aut
872 1794 1046 1838 suspecta
1074 1788 1153 1824 bel-

41 1850 90 1893 la,
111 1851 329 1886 munierunt
347 1850 566 1887 Romanum
587 1853 798 1902 imperium.
844 1851 1044 1894 Consules,
1063 1852 1154 1888 dua-

41 1914 111 1950 bus
160 1914 311 1950 urbanis
356 1914 569 1962 legionibus
614 1917 777 1966 scriptis,
816 1915 1154 1966 supplementoque

39 1978 79 2013 in
103 1977 194 2013 alias
221 1977 335 2021 lecto,
356 1979 573 2029 priusquam
600 1980 647 2016 ab
669 1980 760 2016 urbe
786 1987 995 2022 moverent,
1023 1981 1150 2030 prodi·
1166 1980 1321 2019 Prodigia.

39 2042 101 2090 gia
137 2050 400 2091 procurarunt,
432 2057 513 2092 quae
548 2044 728 2080 nunciata
764 2050 883 2080 erant.
939 2044 1074 2080 Murus
1108 2057 1151 2080 ac

37 2112 157 2155 portae
186 2112 311 2149 tactae,
343 2114 380 2142 et
406 2108 542 2144 Ariciae
573 2109 685 2144 etiam
714 2108 821 2144 Jovis
852 2108 947 2144 aedes
978 2109 1022 2143 de
1053 2107 1151 2143 coelo

39 2175 141 2204 tacta
160 2169 295 2207 fuerat.
354 2171 405 2207 Et
425 2171 499 2207 alia
518 2171 682 2208 ludibria
703 2172 901 2209 oculorum
930 2173 1149 2219 auriumque

38 2233 178 2268 credita
205 2245 273 2281 pro
297 2235 416 2269 veris:
450 2235 602 2270 navium
628 2234 825 2284 longarum
855 2235 995 2284 species
1022 2235 1061 2269 in
1081 2234 1148 2269 flu-

37 2296 136 2332 mine
155 2296 384 2342 'Fari-acinae,
403 2312 483 2346 qua:
505 2299 615 2335 nullae
637 2307 757 2341 erant,
780 2301 866 2335 vizae
884 2315 893 2337 2
926 2306 961 2335 ct
985 2299 1022 2334 iu
1042 2298 1148 2335 Jovis

1523 2647 1525 2656 u
1523 2606 1525 2613 „
1511 2384 1527 2574 „ff-*5155m—f-
1513 2305 1527 2346 ³1„
