1527 2661
65 275 108 306 U.
125 274 160 305 C.
176 280 249 306 536.

67 320 107 350 A.
121 318 158 349 C.
173 323 248 349 216.

69 658 249 689 Casilinum

68 702 234 733 Hannibal

66 746 242 786 obpugnat.

258 171 343 226 326
715 184 761 212 T.
789 183 923 223 mvn

261 279 322 308 tur
347 278 385 308 et
413 271 595 308 Perusina
621 272 771 315 cohors,
800 274 974 310 homines
995 274 1262 324 quadringenti
1287 288 1372 312 sex-

262 337 405 386 aginta,
427 337 561 372 eodem
580 338 736 380 nuncio,
757 351 833 387 quo
861 339 1085 375 Praenestini
1113 352 1253 389 paucos
1283 347 1372 376 ante

261 402 352 443 dies,
385 401 593 437 Casilinum
623 402 833 452 compulsi:
875 410 913 438 et
941 404 1030 440 satis
1060 403 1179 440 ferme
1207 409 1374 440 armato-

261 479 342 503 rum
372 466 419 502 ad
438 472 517 501 tam
539 466 677 513 exigua
704 467 860 509 moenia,
881 473 918 502 et
940 466 1094 503 flumine
1121 466 1240 504 altera
1267 473 1376 517 parte

260 531 399 573 cincta,
420 530 561 566 tuenda
590 535 692 565 erat:
717 530 882 580 penuria
909 530 1102 574 frumenti,
1130 531 1289 567 nimium
1318 538 1374 567 et-

261 595 337 630 iam
356 600 399 630 ut
417 594 606 630 videretur
624 594 837 637 hominum,
859 594 1056 630 efficiebat.

316 657 471 694 XVIII.
502 657 701 694 Hannibal
730 671 845 707 quum
870 657 954 708 jam
986 658 1075 694 inde
1106 658 1208 694 haud
1241 658 1374 708 procul

264 730 376 766 esset,
407 722 577 758 Gaetulos
608 734 693 758 cum
712 720 907 771 praefecto,
938 723 1092 758 nomine
1115 722 1250 765 Isalca,
1281 735 1378 772 prae-

263 788 406 824 mittit:
440 800 484 823 ac
503 787 640 837 primo,
661 787 692 822 si
717 786 784 822 fiat
804 786 997 835 conloquii
1022 788 1144 836 copia,
1167 787 1288 822 verbis
1308 786 1375 822 be-

262 853 387 900 nignis
409 851 456 888 ad
484 857 612 901 portas
633 851 853 901 aperiendas
874 851 1164 901 praesidiumque
1183 851 1374 901 accipien-

261 917 350 952 dum
373 916 552 966 perlicere
575 915 711 965 jubet:
744 915 831 951 siin
858 916 1067 964 pertinacia
1093 920 1276 965 perstent,
1297 927 1376 950 rem

260 992 391 1028 gerere
411 992 454 1015 ac
479 986 640 1021 tentare,
661 979 692 1015 si
712 992 785 1028 qua
805 986 911 1029 parte
931 978 1106 1015 invadere
1136 978 1266 1014 urbem
1286 991 1375 1029 pos-

260 1045 320 1080 sit.
379 1043 456 1080 Ubi
487 1044 533 1080 ad
562 1044 704 1079 moenia
730 1055 934 1085 accessere,
956 1043 1045 1091 quia
1069 1042 1261 1078 silentium
1281 1048 1375 1087 erat,

261 1108 426 1144 solitudo
446 1108 523 1143 visa
538 1124 548 1152 3
586 1114 763 1155 metuque
793 1119 1014 1143 concessum
1042 1107 1225 1143 barbarus
1254 1113 1372 1150 ratus,

261 1172 387 1209 moliri
416 1178 544 1222 portas
580 1178 617 1207 et
650 1171 813 1207 claustra
841 1171 1047 1220 refringere
1076 1177 1207 1221 parat:
1244 1183 1373 1220 quum,

261 1236 461 1286 patefactis
483 1243 636 1286 repente
655 1237 790 1285 portis,
812 1236 988 1271 cohortes
1011 1235 1108 1278 duae,
1130 1235 1176 1271 ad
1195 1235 1233 1271 id
1252 1236 1375 1286 ipsum

263 1301 457 1337 instructae
493 1302 610 1342 intus,
648 1300 794 1349 ingenti
832 1312 917 1336 cum
955 1299 1120 1335 tumultu
1156 1306 1372 1349 erumpunt,

263 1371 503 1413 stragemque
533 1364 700 1400 hostium
732 1363 890 1399 faciunt.
947 1362 1009 1399 Ita
1041 1363 1171 1413 primis
1200 1362 1374 1413 repulsis,

260 1427 479 1469 'Malim-bal,
502 1440 585 1463 cum
606 1426 750 1476 majore
775 1426 912 1463 robore
940 1427 1106 1462 virorum
1135 1427 1284 1469 missus,
1305 1439 1375 1463 nec

262 1493 342 1542 ipse
386 1492 623 1542 eruptionem
668 1491 884 1527 cohortium
927 1491 1131 1527 sustinuit:
1181 1497 1375 1540 postremo

263 1555 474 1598 Hannibal,
506 1556 636 1591 castris
666 1561 755 1590 ante
780 1556 862 1605 ipsa
890 1555 1031 1591 moenia
1061 1554 1261 1604 obpositiS,
1290 1567 1376 1604 par-

262 1633 346 1656 vam
376 1619 507 1655 urbem
534 1631 764 1668 parvumque
790 1619 1005 1669 praesidium
1031 1631 1178 1654 summa
1195 1619 1231 1653 vi
1262 1625 1376 1667 atque

262 1684 439 1720 omnibus
460 1684 578 1733 copiis
599 1683 819 1732 obpugnare
838 1689 965 1733 parat:
998 1696 1056 1726 ac,
1077 1683 1165 1718 dum
1185 1684 1302 1718 instat
1321 1682 1379 1719 la·

262 1750 464 1797 cessitque,
485 1760 649 1784 ·corona
685 1747 849 1795 undique
886 1747 1126 1783 circumdatis
1171 1746 1374 1791 moenibus,

262 1813 408 1861 aliquot
436 1812 573 1848 milites
604 1819 641 1847 et
670 1812 969 1861 promtissimum
988 1824 1187 1861 quemque,
1218 1824 1237 1847 e
1266 1824 1374 1848 muro

260 1876 502 1924 turribusque
528 1877 638 1917 ictos,
666 1876 803 1911 amisit.
861 1875 984 1911 Semel
1010 1875 1109 1912 ultro
1136 1881 1373 1924 erumpentes

261 1941 412 1990 agmine
449 1940 737 1990 elephantorum
775 1939 954 1989 obposito
991 1953 1108 1990 prope
1146 1939 1371 1982 interclusit,

259 2004 503 2054 trepidosque
529 2003 712 2053 compulit
742 2004 780 2039 in
806 2004 951 2046 urbem,
973 2005 1062 2040 satis
1091 2004 1233 2046 multis,
1259 2010 1300 2039 ut
1328 2015 1374 2039 ex

260 2074 369 2104 tanta
402 2068 606 2117 paucitate,
637 2067 872 2104 interfectis:
912 2067 1036 2117 plures
1066 2068 1303 2110 cecidissent,
1333 2068 1373 2103 ni

261 2145 340 2168 nox
357 2131 493 2182 proelio
514 2132 789 2169 intervenisset.
843 2132 1003 2168 Postero
1024 2132 1083 2168 die
1103 2133 1271 2168 omnium
1291 2133 1373 2168 ani·

260 2196 314 2232 mi
333 2196 379 2232 ad
399 2195 696 2246 obpugnandum
717 2196 972 2232 accenduntur
980 2211 991 2242 3
1023 2196 1153 2245 utique
1172 2202 1373 2246 postquam

262 2273 404 2297 corona
433 2273 546 2297 aurea
571 2260 723 2297 muralis
747 2260 944 2310 proposita
966 2265 1036 2303 est,
1057 2266 1170 2308 atque
1194 2260 1275 2309 ipse
1297 2259 1374 2296 dux

262 2324 420 2367 castelli,
451 2324 566 2375 plano
594 2324 681 2361 loco
710 2325 839 2375 positi,
861 2336 1016 2372 segnem
1044 2323 1371 2375 obpugnationem
