1527 2661
264 422 637 476 EPITOME‘
658 428 882 477 LIBRI
916 430 1108 478 XXIV.

133 761 557 840 H‘IERONYMUS,
592 763 899 810 Syracusanorum
926 775 1001 805 rex,
1032 763 1130 809 c‘zcy'us
1161 777 1248 801 avus

231 827 344 862 Hiero
362 829 497 862 amicus
511 827 640 875 populi
660 827 815 863 Romani
823 826 970 875 fuerat,
988 828 1036 862 ad
1048 827 1248 876 Karthagi-

132 891 269 927 nienses
296 889 426 939 defecit
440 907 452 934 ‚-
481 895 517 926 et
540 895 690 938 propter
709 891 956 926 crudelitatem
982 891 1250 940 superbiamque

133 967 156 992 α
173 956 244 991 suis
272 953 478 1003 interfectus
495 959 558 990 est.
620 955 673 990 Ti.
690 954 921 1002 Sempronius
954 953 1135 990 Gracchus
1158 968 1248 1003 pro-

133 1019 255 1055 consul
278 1030 447 1066 prospere
475 1019 640 1054 adversus
668 1018 793 1054 Poenos
821 1022 856 1053 et
881 1018 1093 1054 Hannonem
1122 1019 1248 1056 ducem

133 1083 181 1118 ad
200 1082 439 1118 Beneventum
452 1083 645 1130 pugnavit,
660 1093 839 1117 servorum
857 1083 1011 1117 maxime
1025 1094 1145 1130 opera,
1163 1095 1250 1131 quos

135 1146 258 1182 liberos
276 1159 347 1182 esse
365 1145 485 1192 jussit.
535 1145 709 1182 Claudius
727 1145 926 1181 Marcellus
944 1147 1078 1188 consul,
1099 1149 1135 1182 in
1154 1147 1248 1184 Sici·-

133 1211 198 1253 lia,
219 1222 296 1258 quoe
321 1222 432 1257 prope
453 1215 529 1246 tota
547 1211 595 1245 acl
614 1210 742 1246 Poenos
762 1209 952 1258 defecerat,
974 1210 1169 1258 Syracusas
1187 1212 1247 1248 ob-

130 1274 233 1309 sedit.
281 1273 454 1320 Philippo
474 1273 713 1309 ‚Macedonum
732 1274 808 1320 regi
826 1273 955 1309 bellum
975 1275 1148 1310 indictum
1168 1280 1219 1311 est
1232 1292 1246 1318 ,-

132 1337 205 1384 qui,
226 1337 275 1372 ad
292 1337 523 1384 Apolloniam
542 1341 715 1372 nocturno
730 1338 856 1384 proelio
876 1336 1055 1384 obpressus
1068 1337 1246 1386 fugatus·
1282 1358 1285 1361 ⁴

131 1412 210 1448 que,
233 1402 268 1435 in
290 1400 541 1436 Macedoniam
560 1412 640 1436 cum
663 1411 777 1448 prope
795 1401 922 1436 inermi
941 1404 1096 1437 exercitu
1118 1402 1246 1451 perfu-

127 1465 182 1511 git
199 1480 210 1499 .·
247 1464 296 1499 ad
324 1465 362 1499 id
390 1464 520 1500 bellum
549 1464 743 1510 gerendum
777 1463 938 1499 Valerius
960 1470 1096 1512 praetor
1123 1469 1249 1502 missus

130 1533 192 1564 est.
240 1528 312 1564 Res
335 1533 511 1576 proeterea
529 1529 567 1563 in
585 1528 765 1576 Hispania
784 1540 807 1563 a
827 1528 871 1563 P.
889 1533 923 1564 et
944 1529 1006 1565 Cn.
1023 1529 1248 1577 Scipionibus

131 1593 298 1628 adversus
316 1593 633 1640 Karthaginienses
649 1597 766 1640 gestas
785 1595 952 1629 continet.
1000 1593 1159 1641 Syphax,
1186 1606 1248 1631 rex

132 1657 390 1699 Numidarum,
420 1658 456 1692 in
488 1658 685 1693 amicitiam
717 1657 886 1698 adscitus,
920 1661 955 1692 et
985 1669 1008 1692 a
1037 1657 1245 1701 Masinissa,

131 1732 214 1768 rege
231 1715 481 1767 Massylorum‚
497 1733 568 1768 pro
584 1720 945 1767 Karthaginiensibus
958 1727 1156 1768 pugnante,
1173 1724 1246 1758 vic-

132 1790 202 1826 tus,
231 1785 269 1819 in
300 1784 506 1820 Maurusios
535 1797 615 1820 cum
645 1796 777 1832 magna
805 1797 915 1820 manu
949 1787 1091 1821 transiit
1122 1791 1248 1822 contra

139 1848 255 1883 Gades
266 1864 279 1891 ,-
315 1848 374 1883 ubi
409 1853 558 1895 angusto
586 1847 688 1896 freto
720 1847 851 1896 Africa
884 1853 918 1884 et
946 1849 1126 1897 Hispania
1155 1851 1247 1887 diri-

132 1916 288 1948 muntur.
338 1912 502 1948 Celtiberi
530 1924 667 1960 quoque
695 1914 732 1948 in
757 1914 956 1948 amicitiam
983 1915 1116 1962 recepti
1139 1919 1246 1950 sunt:

131 1986 281 2022 quorum
313 1976 458 2011 auxiliis
489 1977 647 2019 adscitis,
682 1980 765 2011 tunc
797 1978 956 2023 primum
988 1978 1246 2014 mercenarium

132 2038 281 2074 militem
296 2038 464 2076 Romana
482 2045 600 2076 castra
620 2039 829 2077 habuerunt.

677 2358 756 2395 R5
