1527 2661
314 169 471 198 LIBER
496 169 654 198 XXIII.
686 168 792 197 CAP.
814 168 970 197 XVIII.
1112 166 1195 211 327

87 253 245 304 Sagunti
258 257 580 306 expugnatoribus
594 255 863 307 exprobrabat,
874 257 1091 292 Cannarum
1100 255 1196 293 Tra·
1212 262 1251 293 U.
1265 264 1301 294 C.
1318 269 1391 295 536.

58 318 291 369 'simenique
320 327 357 356 et
378 320 527 358 Trebiae
547 320 715 369 singulos
746 321 952 356 admonens
982 320 1195 356 universos·
1207 306 1247 337 A·
1264 307 1300 339 C·
1317 314 1392 341 2¹⁶·

84 395 169 431 que.
206 383 300 420 Inde
317 384 433 421 vineae
446 397 596 434 quoqne
612 390 746 434 eoeptae
764 384 822 432 agi
842 383 1079 432 cuniculique
1096 398 1103 419 :
1126 396 1195 420 nec

86 447 132 482 ad
148 448 269 483 varios
284 455 442 485 conatus
460 449 630 485 hostium
645 454 709 485 aut
725 450 779 484 vis
797 448 885 491 nlla,
900 454 965 484 aut
981 460 1039 483 ars
1053 448 1193 486 deerat.

85 509 187 546 Socii
204 511 466 549 Romanorum
483 513 768 564 propugnacula
783 513 959 549 adversus
972 513 1100 548 vineas
1119 518 1197 548 sta·-

84 580 204 619 tuere,
237 579 458 614 transversis
490 578 672 614 cuniculis
708 578 873 614 hostium
903 576 1097 613 cuniculos
1132 589 1197 613 ex-

85 638 223 688 cipere,
245 648 282 676 et
300 641 426 690 palam
453 648 490 677 et
517 641 613 678 clam
633 641 767 691 coeptis
796 640 946 676 obviam
966 641 1043 686 ire5
1077 640 1198 676 donec

83 703 206 752 pudor
234 706 347 741 etiam
375 705 634 742 Hannibalem
663 705 710 741 ab
741 706 892 754 incepto
922 704 1083 741 avertit:
1117 717 1197 741 cas-
1211 709 1379 741 Hannibal

83 766 226 814 trisque
246 769 502 811 communitis,
524 781 566 804 ac
587 768 761 818 praesidio
781 769 931 804 modico
950 768 1133 817 inposito,
1150 780 1197 804 ne
1211 753 1400 826 ζὲἷῗξέῐῗζ

82 830 223 866 omissa
250 843 308 866 res
331 832 530 875 videretur,
551 833 590 867 in
618 832 776 867 hiberna
805 831 975 881 Capuam
998 832 1197 868 concessit.

84 893 145 930 Ibi
184 901 330 945 partem
371 896 554 946 majorem
591 897 724 932 hiemis
762 897 968 932 exercitum
1005 897 1044 931 in
1087 897 1196 932 tectis

82 957 230 1001 habuit,
258 959 432 995 adversus
463 960 592 995 omnia
620 960 785 996 humana
815 959 913 995 mala
941 972 1039 1009 saepe
1068 972 1112 996 ac
1137 960 1200 996 diu

84 1021 273 1065 duratum,
293 1021 403 1058 bonis
424 1023 660 1072 inexpertum
683 1029 796 1071 atque
816 1023 1023 1058 insuetum:
1054 1023 1196 1072 itaque,

84 1097 176 1133 quos
208 1085 311 1122 nulla
339 1086 428 1122 mali
459 1087 599 1122 vicerat
623 1088 691 1129 vis,
723 1086 918 1135 perdidere
948 1086 1068 1121 nimia
1095 1086 1197 1123 bona
1210 1087 1371 1136 Conmm-

84 1161 127 1184 ac
164 1148 375 1199 voluptates
414 1151 636 1195 inmodicae,
674 1157 710 1186 et
731 1163 776 1186 eo
796 1150 1002 1199 inpensius,
1024 1164 1099 1199 quo
1120 1151 1197 1187 avi·
1210 1131 1384 1211 {3330ssng

84 1213 165 1249 dius
204 1226 249 1248 ex
286 1214 489 1250 insolentia
524 1216 562 1250 in
595 1227 655 1250 eas
687 1227 725 1250 se
758 1207 976 1251 merserant.
1035 1215 1197 1252 Somnus
1210 1218 1304 1247 citus.

84 1277 198 1320 enim,
229 1284 266 1313 et
286 1278 427 1321 vinum,
455 1287 492 1314 et
521 1279 653 1328 epulae,
675 1286 713 1314 et
741 1285 879 1321 scorta,
901 1278 1137 1328 balineaque,
1160 1286 1197 1316 et

85 1341 219 1383 otium,
243 1343 516 1377 consuetudine
544 1343 580 1377 in
605 1343 681 1378 dies
706 1341 893 1385 blandius,
920 1343 974 1377 ita
997 1355 1198 1378 enervave-

85 1410 172 1438 runt
192 1416 352 1454 corpora
376 1406 611 1454 animosque,
633 1412 674 1440 nt
697 1406 816 1453 magis
840 1405 973 1440 deinde
996 1407 1196 1454 praeteritae

81 1470 249 1506 victoriae
270 1483 349 1514 eos,
371 1483 481 1519 quam
505 1476 707 1519 praesentes
728 1475 942 1504 tutarentur
961 1470 1083 1515 vires5
1116 1483 1196 1506 ma-

76 1536 215 1587 jusque
231 1536 268 1572 id
287 1544 482 1586 peccatum
501 1535 603 1570 ducis
621 1535 720 1584 ‘apud
736 1535 877 1584 peritos
899 1536 1035 1570 artium
1055 1535 1195 1572 milita-

80 1603 178 1638 rium
206 1602 421 1644 haberetur,
449 1613 560 1649 quam
588 1600 688 1648 quod
716 1611 793 1635 non
821 1612 863 1635 ex
894 1600 1085 1635 Cannensi
1115 1602 1195 1637 acie

82 1666 253 1715 protinus
284 1666 329 1701 ad
357 1665 488 1701 urbem
520 1664 736 1700 Romanam
769 1665 958 1699 duxisset:
1003 1663 1064 1699 illa
1094 1666 1194 1700 enim

83 1730 275 1765 cunctatio
305 1729 492 1764 distulisse
524 1729 638 1764 modo
667 1729 865 1764 victoriam
894 1728 1009 1763 videri
1038 1730 1190 1777 potuit3

82 1793 144 1828 hic
182 1804 285 1827 error
319 1793 411 1827 vires
449 1791 631 1827 ademisse
668 1792 714 1826 ad
749 1791 985 1826 vincendum.
1042 1791 1191 1840 Itaque,

84 1855 263 1899 Hercule,
284 1855 385 1891 velut
405 1855 436 1891 si
462 1868 546 1890 cum
573 1855 646 1891 alio
668 1857 834 1890 exercitu
860 1869 881 1890 a
902 1855 1031 1905 Capua
1058 1857 1190 1898 exiret,

84 1920 177 1956 nihil
198 1933 354 1969 usquam
373 1920 540 1969 pristinae
561 1920 767 1969 ‹lisciplinae
789 1921 910 1955 tenuit
930 1935 936 1954 :
968 1933 1056 1955 nam
1077 1926 1113 1955 et
1133 1933 1191 1956 re-

83 1985 232 2020 dierunt
264 1983 431 2033 plerique
464 1985 597 2018 scortis
627 1983 809 2032 inpliciti:
851 1990 901 2026 et,
935 1984 997 2018 ubi
1029 1984 1192 2033 prinlum

81 2047 150 2083 sub
170 2046 329 2097 pellibus
348 2046 479 2082 haberi
505 2049 619 2097 coepti
641 2056 741 2091 sunt,
762 2050 895 2098 viaque
922 2056 957 2085 et
979 2049 1072 2085 alius
1093 2049 1191 2085 mili-

80 2112 169 2148 taris
200 2111 307 2147 labor
336 2113 497 2160 excepit,
525 2113 691 2148 tironum
717 2113 830 2149 modo
858 2113 1078 2163 corporibus
1109 2113 1190 2148 ani—

80 2176 225 2224 misque
249 2176 496 2212 deficiebant:
529 2184 566 2212 et
591 2177 722 2212 deinde
748 2190 813 2226 per
838 2190 949 2213 omne
978 2178 1193 2212 aestivorum

83 2245 227 2290 tempus
249 2252 384 2288 magna
401 2252 485 2290 pars
507 2241 588 2277 sine
603 2241 873 2277 commeatibus
895 2241 941 2277 ab
963 2240 1078 2288 signis
1098 2239 1194 2276 dila-
