1527 2661
1 126 5 233 Ι
351 193 506 222 LIBER
532 192 602 220 IX.
636 193 742 221 CAP.
765 192 968 221 XXXVII.
1160 191 1213 235 57

1 292 4 329 ξ
102 291 165 320 vat
195 284 403 322 Etruscos:
435 297 499 321 nec
534 284 668 320 hostem
704 284 808 326 hosti,
846 296 909 320 nec
944 284 1214 319 multitudinem
1227 289 1269 319 U.
1282 289 1407 320 0444.

1 349 3 354 ⁴
99 349 326 384 multitudini
358 349 638 397 comparandam
674 348 727 384 ait.
762 360 842 384 esse.
886 349 1067 384 Praeterea
1104 349 1214 384 telum
1226 334 1263 363 A.
1280 333 1316 363 C.
1330 339 1405 363 3⁰⁸·

99 412 202 448 aliud
221 413 397 448 occultum
413 415 564 449 scituros
583 413 617 447 in
639 416 795 460 tempore
807 428 818 448 .·
839 413 975 448 interea
995 413 1106 448 taceri
1125 423 1214 460 opus

0 493 3 510 ι
99 487 181 512 esse.
223 474 296 512 His
330 475 552 524 ambagibus
584 477 693 526 prodi
726 475 928 512 simulabat
959 476 1103 519 hostes,
1137 489 1212 525 quo

99 539 246 576 animus
277 540 439 577 militum
473 540 714 577 multitudine
742 541 894 576 territus
925 541 1208 577 restitueretur:

99 611 151 649 et,
177 605 278 654 quod
307 607 387 642 sine
417 607 652 642 munimento
683 605 945 649 consederant,
975 604 1211 641 verisimilius

99 675 194 712 erat,
214 670 315 717 quod
342 669 601 705 simulabatur.
647 670 779 704 Curati
799 669 885 705 cibo
915 681 1075 719 corpora
1094 669 1212 718 quieti

96 732 202 776 (lant,
224 739 261 769 et
280 740 413 782 quarta
432 733 510 769 fere
536 733 665 782 vigilia
685 734 765 769 sine
791 733 957 768 tumultu
977 734 1131 769 excitati
1152 745 1212 769 ar-

96 809 157 833 ma
177 798 344 847 capiunt.
386 797 568 834 Dolabrae
598 797 795 834 calonibus
817 797 1035 833 dividuntur
1063 798 1110 833 ad
1131 797 1210 833 val-

95 860 173 898 lum
193 862 447 912 proruendum
476 863 673 912 fossasque
702 861 921 912 inplendas:
953 862 1054 898 intra
1085 862 1210 898 muni-

95 932 224 963 menta
251 927 450 963 instruitur
469 928 591 963 acies:
625 927 779 964 delectae
808 927 985 964 cohortes
1015 927 1062 964 ad
1081 933 1212 978 porta-

95 1003 178 1027 rum
207 992 328 1027 exitus
353 992 624 1029 conlocantur:
657 993 747 1029 dato
776 992 911 1029 deinde
940 993 1053 1041 signo
1082 991 1211 1042 paullo

96 1062 184 1092 ante
210 1055 345 1100 lucem,
376 1057 478 1106 quod
507 1058 645 1094 aestivis
674 1057 852 1094 noctibus
883 1058 1016 1108 sopitae
1045 1057 1209 1094 maxime
1222 1062 1342 1111 Etrusci
1359 1061 1415 1093 ob-

1221 1115 1328 1146 pressx.

95 1120 231 1168 quietis
251 1126 398 1170 tempus
420 1127 490 1164 est,
510 1128 670 1171 proruto
693 1121 792 1158 vallo
813 1122 937 1172 erupit
955 1121 1079 1166 acies3
1112 1127 1208 1158 stra-

96 1190 156 1219 tos
177 1185 315 1234 passim
336 1185 479 1221 invadit
496 1186 626 1222 hostes
643 1200 650 1221 :
683 1186 777 1222 alios
798 1185 1014 1229 inmobiles,
1035 1185 1129 1222 alios
1150 1199 1214 1222 se·

95 1248 302 1284 misomnos
323 1249 362 1284 in
378 1248 564 1285 cubilibus
586 1250 676 1293 suis,
694 1250 898 1285 maximam
918 1255 1065 1300 partem
1085 1249 1132 1286 ad
1151 1263 1211 1286 ar-

95 1325 156 1347 ma
174 1312 420 1362 trepidantes,
442 1313 562 1349 caedes
583 1313 772 1364 obpressit
791 1329 798 1350 :
831 1314 967 1364 paucis>
981 1314 1151 1351 armandi
1171 1327 1211 1351 se

94 1376 222 1412 datum
242 1377 404 1426 spatium
425 1384 494 1415 est.
536 1377 615 1416 Eos
636 1379 761 1428 ipsos,
774 1391 853 1415 non
879 1379 1030 1427 signum
1049 1384 1209 1424 certum,

93 1452 170 1476 non
207 1440 344 1477 ducem
381 1449 600 1491 sequentes,
632 1443 758 1479 fundit
803 1442 1018 1487 Romanus,
1054 1443 1208 1493 fugatos

93 1515 209 1552 eques
234 1506 493 1554 persequitur:
525 1507 728 1550 adeastra,
751 1507 800 1543 ad
827 1507 938 1544 silvas
959 1507 1097 1544 diversi
1125 1514 1210 1545 ten-

92 1567 250 1606 deba-nt..
288 1568 402 1605 Silvae
429 1571 545 1607 tutius
564 1571 696 1608 dedere
725 1572 937 1622 refugium:
969 1585 1058 1610 nam
1088 1580 1212 1610 castra

90 1632 130 1668 in
150 1634 295 1683 campis
320 1635 394 1671 sita
421 1636 553 1672 eodem
584 1636 644 1672 die
664 1638 864 1687 capiuntur
882 1652 889 1673 :
922 1651 1055 1674 aurum
1074 1651 1210 1688 argen—

92 1703 248 1746 tumque
262 1697 421 1748 jussum·
442 1700 573 1736 referri
603 1701 650 1736 ad
676 1702 895 1738 consulem:
930 1710 1055 1739 cetera
1082 1704 1217 1753 praeda‘

94 1760 224 1797 militis
244 1761 329 1798 fuit.
377 1764 485 1800 Caesa
514 1771 580 1800 aut
610 1771 723 1814 capta
742 1778 788 1801 eo
809 1766 867 1802 die
895 1766 1064 1803 hostium
1089 1766 1208 1803 millia

94 1824 141 1859 ad
184 1827 395 1874 sexaginta.
452 1827 550 1864 Eam
596 1835 675 1864 tam
712 1828 851 1865 claram
894 1843 1061 1880 pugnam
1103 1838 1207 1867 trans

94 1889 297 1925 Ciminiam
330 1890 459 1927 silvam
491 1893 538 1928 ad
572 1892 769 1930 Perusiam
802 1902 1025 1944 pugnatam,
1057 1897 1208 1944 quidam

93 1959 265 1989 auctores
286 1960 398 1999 sunt;
430 1962 608 2005 metuque
634 1958 672 1992 in
703 1969 843 2006 magno
863 1959 1056 1995 civitatem
1074 1960 1205 2003 fuisse,

92 2029 139 2053 ne
182 2017 406 2055 interclusus
450 2021 636 2058 exercitus
687 2029 766 2058 tam
804 2023 944 2059 infesto
989 2024 1101 2067 saltu,
1140 2038 1205 2061 co-

92 2081 184 2116 ortis
235 2083 400 2132 undique
443 2083 580 2120 Tuscis
625 2085 871 2135 Umbrisque,
917 2086 1204 2138 obprimeretur.

93 2146 179 2189 sed,
214 2147 441 2197 ubicumque
477 2156 689 2199 pugnatum
728 2159 799 2195 est,
838 2165 896 2188 res
933 2151 1110 2189 Romana
1143 2166 1205 2189 su-

93 2212 219 2260 perior
238 2211 332 2246 fuit:
366 2213 494 2262 itaque
525 2227 546 2249 a
573 2213 744 2259 Perusia,
766 2222 803 2251 et
824 2216 1008 2260 Cortona,
1037 2224 1074 2253 et
1091 2218 1204 2253 Arre-

92 2276 161 2317 tio,
185 2288 268 2323 quae
294 2276 411 2313 ferme
439 2279 564 2328 capita
589 2278 754 2315 Etruriae
781 2281 1008 2331 populorum
1038 2294 1081 2317 ea
1108 2289 1204 2317 tem—

94 2345 237 2390 pestate
278 2349 400 2385 erant,
430 2341 561 2392 legati,
592 2355 723 2393 pacem
753 2344 950 2395 foedusque
983 2346 1030 2382 ab
1061 2346 1203 2383 Roma--

615 2408 653 2444 D
673 2409 694 2445 5
