1527 2661
115 268 206 299 ΠΟ.
226 275 296 300 ⁵40.

115 313 154 342 A.
167 311 201 342 C.
221 318 296 343 212.

307 176 393 221 450
766 180 811 209 Τ.
837 181 970 210 mvn

312 266 351 302 in
369 267 582 304 munientes
603 268 774 319 inpetum
793 269 966 307 fecerunt
981 270 1172 309 Romani:
1205 273 1367 324 pellique
1387 287 1423 311 se

312 332 428 367 statio
462 344 573 382 passa
601 339 671 376 est,
701 346 785 383 quae
814 347 883 384 pro
913 348 1026 385 opere
1055 345 1150 380 erat,
1181 345 1223 373 ut
1252 350 1423 374 successu

312 403 496 432 cresceret
525 397 696 441 audacia,
717 398 918 448 pluresque
947 405 985 435 et
1006 399 1157 449 longius
1187 401 1315 452 pulsos
1341 414 1425 452 per·

312 467 569 509 sequerentur.
625 462 726 498 Tum
745 464 856 512 signo
876 464 967 500 dato
987 466 1108 501 coorti
1132 468 1297 516 undique
1316 467 1427 504 Poeni

313 531 413 568 sunt,
445 538 539 574 quos
574 527 780 563 instructos
817 528 864 564 ad
892 529 966 564 hoc
997 528 1195 567 Hannibal
1227 538 1426 577 tenuerat,

312 600 382 624 nec
415 589 599 626 sustinere
632 591 803 641 inpetum
832 591 1015 635 Romani,
1036 593 1102 629 sed
1130 593 1177 630 ab
1205 594 1322 631 effusa
1339 595 1431 644 fuga

312 649 388 687 loci
407 654 592 701 angustiae
613 666 691 698 eos,
713 655 956 706 inpeditaque
972 656 1046 693 alia
1060 670 1174 707 opere
1186 656 1270 708 jam
1285 664 1428 709 coeptO,

313 713 389 754 alia
405 715 588 766 adparatu
604 719 742 768 operis,
759 719 1007 756 morabantur
1021 735 1029 756 :
1062 720 1214 770 plurimi
1232 722 1272 757 in
1289 720 1432 758 fossam

313 780 610 830 praecipitavere,
629 784 818 833 occisique
839 790 927 820 sunt
944 784 1068 834 plures
1085 785 1124 822 in
1139 785 1245 834 fuga,
1261 798 1375 835 quam
1392 786 1432 822 in

314 855 455 894 pugna.
500 845 593 882 Inde
613 856 651 883 et
670 861 764 898 opus
784 848 890 885 nullo
910 848 1136 899 prohibente
1155 849 1237 886 fieri
1251 855 1432 900 coeptum.

317 907 438 945 Fossa
464 909 595 959 ingens
627 912 753 956 ducta,
785 919 823 948 et
841 911 981 948 vallum
1010 913 1110 948 intra
1140 925 1223 949 eam
1249 913 1430 962 erig-itur:

317 973 544 1023 modicoque
571 983 659 1025 post
685 976 885 1013 intervallo
912 989 1060 1012 murum
1081 976 1196 1014 etiam
1221 976 1353 1013 eadem
1375 988 1435 1014 re·

316 1037 432 1086 gione
452 1038 587 1076 addere
607 1047 729 1090 parat,
750 1046 793 1076 ut
812 1040 871 1076 vel
891 1040 972 1076 sine
990 1040 1166 1090 praesidio
1185 1041 1284 1077 tueri
1310 1053 1349 1077 se
1370 1041 1436 1078 ad-

315 1114 448 1139 .versus
468 1102 667 1141 Romanos
687 1112 856 1155 possent.
911 1104 1085 1154 Reliquit
1100 1111 1229 1141 tamen
1247 1105 1439 1143 modicum

315 1166 552 1216 -praesidIum,
583 1175 626 1204 ut
655 1168 766 1205 simul
802 1169 842 1205 in
871 1168 1047 1205 faciendo
1076 1181 1185 1205 muro
1218 1167 1437 1220 adjuvaret:

320 1231 415 1281 ipse,
437 1231 629 1282 profectus
661 1245 746 1270 cum
766 1233 900 1268 ceteris
927 1232 1061 1284 copiis,
1082 1232 1131 1269 ad
1159 1231 1350 1270 Galaesum
1367 1232 1439 1270 flu-

316 1308 409 1334 men
431 1296 615 1347 (quinque
643 1297 764 1335 millia
791 1297 839 1334 ab
869 1297 964 1335 urbe
992 1297 1118 1346 abest)
1144 1299 1274 1350 posuit
1302 1304 1441 1336 castra.

320 1359 384 1398 Ex
402 1359 445 1396 iis
467 1360 614 1397 stativis
634 1374 825 1411 regressus
845 1361 892 1399 ad
910 1362 1188 1412 inspiciendum
1206 1374 1302 1413 opus
1321 1362 1441 1412 (quod

323 1423 562 1474 aliquantum
593 1426 777 1476 opinione
813 1425 894 1476 ejus
932 1426 1088 1463 celerius
1119 1426 1304 1473 creverat)
1336 1438 1442 1477 spem

321 1489 440 1540 cepit,
461 1490 576 1526 etiam
595 1503 720 1527 arcem
735 1491 944 1541 expugnari
962 1503 1087 1542 posse.
1143 1491 1196 1527 Et
1214 1498 1271 1527 est
1286 1502 1366 1527 non
1385 1490 1441 1539 al-

323 1553 501 1597 titudine,
520 1560 562 1590 ut
581 1561 720 1598 cetera,
737 1562 833 1598 tuta,
851 1555 914 1591 sed
934 1554 1021 1590 loco
1041 1554 1156 1605 plano
1176 1554 1315 1604 posita,
1333 1560 1371 1590 et
1389 1554 1438 1591 ab

325 1617 419 1654 urbe
438 1630 549 1654 muro
568 1625 719 1656 tantum
745 1633 790 1656 ac
806 1619 911 1655 fossa
930 1619 1061 1656 divisa.
1117 1619 1247 1658 Quum
1258 1618 1344 1668 jam
1360 1631 1442 1655 ma-

326 1683 594 1719 chinationum
612 1685 715 1720 omni
732 1696 871 1733 genere
891 1690 929 1719 et
948 1682 1126 1734 operibus
1143 1682 1441 1734 obpugnaretur,

326 1748 484 1784 missum
504 1761 527 1784 a
544 1748 776 1798 Metaponto
802 1747 1019 1799 praesidium
1039 1747 1224 1784 Romanis
1245 1747 1337 1783 fecit
1362 1747 1443 1783 ani-

326 1825 445 1855 mum,
467 1819 509 1849 ut
536 1820 650 1849 nocte
670 1826 716 1849 ex
744 1813 938 1863 inproviso
958 1825 1074 1862 opera
1099 1812 1268 1848 hostium
1293 1811 1445 1847 invade-

327 1883 425 1913 rent.
472 1877 561 1913 Alia
577 1876 820 1927 disjecerunt,
838 1876 912 1913 alia
928 1877 1007 1925 igni
1023 1881 1279 1926 conruperunt
1297 1890 1304 1912 z
1337 1876 1445 1924 isque

330 1941 414 1977 finis
436 1940 647 1977 Hannibali
663 1940 736 1976 fuit
751 1953 796 1976 ea
810 1948 917 1991 parte
938 1954 1062 1977 arcem
1079 1939 1337 1990 obpugnandi.
1366 1938 1446 1974 Re-

329 2006 433 2054 liqua
462 2012 543 2042 erat
576 2006 614 2041 in
645 2005 845 2042 obsidione
875 2017 972 2056 speS,
1004 2018 1073 2041 nec
1103 2017 1147 2041 ea
1176 2004 1266 2040 satis
1301 2003 1445 2046 efficax,

330 2071 419 2119 quia
439 2082 563 2106 arcem
590 2076 778 2113 tenentes,
800 2082 882 2119 quae
909 2070 947 2105 iu
968 2068 1168 2119 peninsula
1186 2068 1311 2118 posita
1336 2067 1448 2102 inmi-

330 2142 396 2170 net
415 2133 587 2170 faucibus
615 2142 761 2184 portuS,
790 2147 892 2171 mare
922 2133 1083 2170 liberum
1111 2131 1327 2169 habebant:
1360 2130 1447 2166 urbs

331 2206 466 2234 contra
495 2198 647 2234 exclusa
675 2200 872 2235 maritimis
901 2197 1189 2240 commeatibus,
1214 2195 1445 2246 propiusque

323 2262 500 2311 inopiam
522 2268 629 2298 erant
644 2262 875 2305 obsidentes,
890 2275 1001 2312 quam
1018 2262 1173 2298 obsessi.
1230 2257 1443 2301 Hannibal,

331 2327 553 2363 convocatis
583 2327 816 2379 principibus
845 2327 1155 2369 Tarentinorum,
1187 2335 1316 2361 omnes
1347 2335 1443 2375 prae-
