1527 2661
313 207 467 236 Lmen
493 206 624 235 χχιι.
657 204 765 234 CAP.
789 204 931 233 xxxx.
1093 193 1172 247 265

55 302 186 333 untem
206 296 342 333 dixisse
361 295 502 338 ferunt,
524 295 667 331 tandem
687 305 765 329 eam
789 293 929 336 nubem,
951 305 1028 342 quae
1045 295 1166 331 sedere
1178 307 1219 338 U,
1233 307 1268 338 c,
1284 314 1356 339 585.

53 362 93 397 ἑτι
99 359 200 409 jugis
211 362 384 397 montium
397 361 576 403 solitarsit,
590 372 670 396 cum
684 359 845 408 procella
859 358 1004 394 imbrem
1020 359 1164 395 dedisse.
1177 351 1216 380 Α·
1230 351 1267 381 C·
1282 358 1353 386 217.

111 425 269 462 XXXI.
298 425 401 462 Dum
431 425 511 461 haec
541 430 723 473 geruntur
752 425 790 459 in
820 423 946 467 Italia,
976 424 1047 460 Cn.
1078 424 1164 460 Ser·
1177 423 1327 455 Servilius

1155 489 1162 496 .
1176 476 1242 497 cos.
1259 469 1343 498 maie

56 489 165 525 vilius
199 489 382 526 Geminus
418 488 554 525 ¹consul
583 500 668 525 cum
699 487 817 524 classe
846 493 999 524 centum
1030 488 1246 541 vigintirem
1261 513 1337 550 gerit

0 587 1 591 ,
57 555 223 597 navium,
245 555 516 591 circumvectus
538 553 719 590 Sardiniae
745 559 783 588 et
803 553 968 589 Corsicae
987 565 1108 596 oram,
1129 561 1167 590 et
1180 554 1212 584 in
1228 555 1342 585 Africa.

1 659 2 662 Ἰ
56 618 253 656 obsidibus
274 620 463 669 utrimque
489 619 666 669 acceptiS‚
686 618 726 654 in
745 617 914 654 Africam
933 619 1166 655 transmisit:

59 690 111 726 et,
130 684 350 733 priusquam
373 683 414 720 in
441 684 702 720 continentem
728 682 992 719 exscensiones
1012 682 1169 726 faceret,

1 792 3 799 A
58 745 216 795 Menige
232 746 358 783 insula
375 752 536 789 vastata,
559 752 597 782 et
616 745 663 782 ab
683 745 938 782 incolentibus
954 746 1170 790 Cercinam,

3 855 4 860 ¹
57 821 107 846 ne
133 815 172 845 et
199 810 367 860 ipsorum
396 816 567 846 ureretur
593 810 889 860 diripereturque
917 822 1020 859 ager,
1042 810 1174 848 decem

55 872 212 909 talentis
238 874 387 923 argenti
416 873 594 924 acceptis,
621 872 669 909 ad
692 872 807 909 litora
826 872 968 909 Africae
997 874 1170 919 accessit,

5 962 6 982 ;
59 937 264 987 copiasque
294 937 482 988 exposuit.
538 936 633 973 Inde
663 936 710 973 ad
742 935 1001 987 populandum
1037 950 1171 987 agrum

5 988 7 1053 ζ
59 1000 165 1037 ducti
184 1000 336 1047 milites,
356 1002 584 1051 navalesque
603 1001 697 1038 socii
716 1000 831 1052 juxta
849 1001 971 1045 effusi,
992 1015 1035 1038 ac
1060 1003 1093 1039 si
1111 1003 1171 1040 in-

6 1065 7 1096 Ϊ
58 1065 151 1102 sulis
172 1065 360 1104 cultorum
376 1066 576 1116 egentibus
593 1067 852 1118 praedarentur
868 1081 874 1102 :
907 1067 1035 1116 itaque
1054 1068 1093 1104 in
1113 1068 1173 1105 in-

58 1130 172 1167 sidias
199 1136 339 1168 temere
365 1131 488 1176 inlati,
509 1145 623 1182 quum
650 1144 672 1168 a
696 1130 957 1181 frequentibus
984 1131 1171 1182 palantes,

61 1194 109 1231 ab
145 1194 317 1232 locorum
350 1197 476 1246 gnaris
513 1197 636 1245 ignari
673 1196 1045 1240 circumvenirentur,
1084 1210 1171 1235 cum

61 1258 182 1295 multa
207 1260 308 1295 caede
333 1273 376 1296 ac
394 1261 497 1298 foeda
517 1260 608 1310 fuga
635 1266 737 1297 retro
767 1260 814 1296 ad
843 1272 955 1297 naves
986 1261 1170 1312 compulsi

10 1328 11 1357 1
60 1328 162 1359 sunt.
209 1323 271 1359 Ad
286 1323 387 1360 mille
402 1324 613 1368 hominum,
631 1337 715 1361 cum
729 1324 787 1360 his
806 1324 1030 1374 Sempronio
1044 1325 1173 1363 Blaeso

10 1374 11 1390 ³
62 1393 264 1435 quaestore,
280 1389 460 1425 amissum
475 1403 484 1424 ι
515 1388 658 1432 classis,
676 1401 698 1424 a
715 1388 890 1424 litoribus
906 1389 1073 1425 hostium
1092 1389 1172 1440 ple-

11 1458 13 1502 }
62 1453 120 1489 nis
140 1454 285 1504 trepide
302 1454 442 1498 soluta,
463 1455 502 1490 in
523 1454 689 1491 Siciliam
709 1467 859 1491 cursum
877 1456 1023 1491 tenuit:
1054 1456 1173 1492 tradi—

12 1523 14 1558 ξ
61 1522 175 1566 taque
193 1517 355 1567 Lilybaei
373 1518 420 1555 T.
441 1518 607 1555 Otacilio
627 1519 794 1569 praetori,
815 1525 859 1554 ut
876 1518 925 1555 ab
945 1518 1073 1568 legato
1093 1519 1173 1571 ejus

63 1581 108 1618 P.
126 1582 222 1618 Sura
239 1581 406 1619 Romam
424 1584 665 1620 reduceretur
680 1598 687 1619 :
720 1583 814 1633 ipse,
835 1596 902 1634 per
922 1583 1090 1620 Siciliam
1107 1598 1175 1636 pe—

3 1667 16 1687 „
63 1644 172 1680 dibus
199 1645 407 1695 profectus,
427 1646 528 1683 freto
555 1647 592 1682 in
621 1646 774 1683 ltaliam
798 1645 963 1696 trajecit,
986 1647 1104 1684 literis
1124 1649 1175 1688 Q.

1 1704 17 1744 '2
64 1707 174 1744 Fabii
203 1709 347 1745 adcitus
368 1716 406 1745 et
434 1711 528 1760 ipse,
550 1716 587 1746 et
611 1710 758 1758 collega
788 1709 867 1760 ejus
886 1710 944 1746 M.
957 1711 1112 1754 Atilius,
1134 1718 1178 1748 ut

62 1773 251 1808 *exercitus
272 1772 319 1809 ab
339 1786 392 1816 se,
414 1780 547 1810 exacto
560 1773 643 1823 jam
662 1786 780 1824 prope
804 1776 974 1810 semestri
998 1776 1173 1826 imperio,

16 1839 19 1862 ἶ
62 1840 293 1889 acciperent,
348 1840 529 1876 Omnium
558 1853 676 1891 prope
702 1841 854 1878 annales
874 1842 1034 1878 Fabium
1053 1843 1172 1880 dicta·
1187 1854 1307 1886 Utrum
1320 1853 1382 1885 Fa.

5 1913 20 1939 ἐ
68 1889 190 1939 torem
220 1904 394 1940 adversus
424 1904 682 1941 Hannibalem
712 1918 790 1941 rem
819 1907 979 1954 gessisse
1006 1907 1173 1945 tradunt.
1186 1899 1258 1928 bius
1274 1899 1375 1928 dicta·

66 1967 212 2004 Coelius
234 1969 346 2005 etiam
367 1982 452 2005 eum
477 1970 639 2020 primum
659 1983 681 2006 a
700 1970 842 2021 populo
869 1977 1035 2007 creatum
1055 1972 1172 2009 dicta·
1185 1948 1374 2015 (tiquaatxgrgro

21 2062 22 2075 2
66 2040 187 2068 torem
207 2032 350 2070 scribit.
407 2033 479 2070 Sed
506 2040 543 2070 et
563 2033 726 2071 Coelium
745 2041 783 2070 et
807 2041 951 2071 ceteros
971 2035 1084 2084 fugit,
1108 2038 1175 2073 uni
1187 2029 1291 2059 fuerit.

20 2082 22 2148 ζ
65 2096 214 2133 consuli
240 2097 310 2134 Cn.
332 2098 504 2141 Servilio,
526 2100 588 2148 qui
614 2105 695 2135 tum
722 2099 854 2150 procul
875 2101 914 2135 in
934 2100 1059 2137 Gallia
1084 2114 1174 2151 pro-

23 2191 24 2202 ,
68 2161 191 2197 vincia
220 2161 364 2206 aberat,
391 2162 455 2213 jus
488 2163 602 2199 fuisse
632 2164 779 2200 dicendi
810 2164 1028 2200 dictatoris:
1062 2178 1175 2214 quam

67 2237 212 2262 moram
228 2227 317 2275 quia
335 2235 554 2279 exspectare
574 2229 707 2264 territa
719 2227 801 2279 jam
821 2224 925 2265 clade
945 2229 1076 2266 civitas
1097 2244 1176 2268 non

68 2296 232 2340 poterat,
262 2304 307 2327 eo
327 2292 523 2329 decursum
552 2305 646 2336 esse,
679 2300 720 2329 ut
748 2306 771 2329 a
797 2293 940 2344 populo
970 2301 1173 2340 crearetur,

24 2350 27 2387 1
68 2353 135 2401 qui
154 2366 222 2403 pro
242 2356 426 2394 dictatore
452 2364 572 2394 esset:
604 2370 661 2394 res
690 2357 776 2394 inde
796 2365 920 2407 gestas
941 2357 1175 2409 gloriamque

126 2417 224 2456 VoL.
254 2419 308 2458 Π.
603 2422 642 2457 N
