1527 2661
315 199 470 228 mnan
496 199 656 228 xxin.
689 199 956 228 CAP.XX11.
1113 201 1194 244 331

88 288 264 338 diniaque
278 287 443 325 Romam
459 287 606 325 adlatae.
654 287 805 324 Priores
826 301 872 324 ex
889 287 1017 324 Sicilia
1034 287 1080 325 T.
1102 288 1198 325 Ota-
1212 295 1254 325 U.
1272 294 1308 325 C.
1327 298 1401 326 536.

87 351 164 388 cilii
182 352 424 402 propraetoris
443 352 483 387 in
503 357 636 388 senatu
660 352 827 388 recitatae
848 357 958 388 sunt:
992 352 1036 388 L.
1051 352 1199 389 Furium
1210 338 1249 367 A·
1267 338 1304 367 C·
1321 342 1393 368 ²¹6'

81 421 272 465 praetorem
291 428 372 452 cum
399 417 508 452 classe
533 428 575 452 ex
593 415 724 465 Africa
744 416 940 464 Lilybaeum
957 417 1090 452 venisse
1101 432 1113 453 .·
1142 418 1198 464 ip·
1212 392 1400 464 ῗὲῗὶῃῗῃῑξξ,

82 492 160 516 sum
175 481 338 527 graviter
364 482 525 517 saucium
552 482 590 516 in
610 481 813 516 discrimine
840 481 967 516 ultimo
994 482 1076 517 υἱέα»
1104 492 1174 517 esse
1187 497 1199 517 .·
1211 478 1295 508 cilia.

84 543 194 579 milz'ti
212 548 247 579 et
270 544 454 580 navalibus
476 545 578 580 sociis
602 556 714 592 neque
731 545 959 591 stipendium,
979 555 1091 592 neque
1106 544 1198 593 fru-

83 611 242 642 mentum
253 609 304 643 ad
319 608 410 643 diem
427 608 507 643 dari
521 623 532 653 5
564 619 688 656 neque,
704 609 799 643 unde
815 609 931 651 detur,
949 620 1030 644 esse.
1087 608 1198 656 Mag-

82 681 212 718 nopere
237 672 399 714 suadere,
429 676 470 707 ut
489 684 596 719 quam
617 674 777 719 primum
804 683 847 707 ea
874 673 1091 715 mittantur5
1118 673 1202 709 sibi·-

85 744 165 781 (με,
190 735 220 768 sz'
248 735 302 770 ita
328 736 508 777 videatur,
539 746 582 770 eas
608 736 708 770 novis
731 735 942 782 praetoribus
970 747 1200 772 successorem

84 797 242 833 mittant.
296 796 517 844 Eademque
532 796 649 832 ferme
665 798 710 833 de
725 797 915 847 stipendio
931 797 1199 848 frumentoque

84 858 132 895 ab
160 860 208 897 A.
230 860 410 897 Cornelio
441 860 656 898 Mammula
684 867 918 911 propraetore
948 874 995 898 cx
1024 862 1200 899 Sardinia

83 924 235 974 scripta.
290 924 534 975 Responsum
563 925 746 973 utrisque,
768 937 845 960 non
867 936 962 967 esse,
984 925 1082 961 unde
1107 927 1197 962 mit·-

81 993 247 1023 teretur:
272 986 447 1040 jussique
485 989 559 1038 ipsi
596 987 778 1024 classibus
816 994 930 1036 atque
966 989 1196 1025 exercitibus

82 1051 158 1087 suis
184 1051 393 1089 consulere.
449 1052 484 1088 T
509 1052 711 1094 Otacilius,
734 1052 781 1088 ad
807 1052 959 1088 unicum
987 1051 1196 1089 subsidium

81 1115 212 1165 populi
230 1116 398 1153 Romani
417 1117 628 1153 Hieronem
647 1116 793 1165 legatos
814 1129 929 1165 quum
958 1117 1135 1160 misisset,
1157 1118 1196 1153 in
1209 1122 1307 1196 Hieip
1319 1123 1412 1162 adju-

1208 1173 1260 1196 Vat
1305 1175 1396 1196 oma-

82 1179 326 1229 stipendium,
340 1181 473 1230 quanti
492 1181 640 1228 argenti
656 1193 750 1230 opus
766 1180 853 1223 fuit,
872 1187 908 1215 et
925 1192 991 1216 sex
1009 1181 1195 1218 mensium
1208 1218 1277 1239 nos.

80 1241 312 1279 frumentum
337 1245 494 1294 accepit.
551 1243 731 1280 Cornelio
761 1244 799 1279 in
826 1244 999 1280 Sardinia
1022 1244 1194 1281 civitates

79 1307 192 1343 sociae
207 1306 372 1356 benigne
388 1307 641 1344 contulerunt.
697 1308 750 1343 Et
764 1307 899 1343 Romae
915 1320 1064 1356 quoque
1079 1321 1196 1359 prop-

80 1376 140 1407 ter
163 1372 359 1420 penuriam
388 1373 535 1420 argenti
566 1372 752 1407 triumviri
779 1372 970 1414 mensarii,
991 1373 1192 1420 rogatione
1202 1376 1380 1425 Triumviri

79 1433 137 1482 Μ,
151 1434 315 1471 Minucii
333 1435 478 1472 tribuni
503 1435 638 1485 plebis,
659 1435 766 1478 facti,
787 1435 831 1471 L.
848 1435 1029 1472 AEmilius
1050 1436 1192 1487 Papus,
1205 1429 1368 1452 mensam.

80 1498 145 1548 qui
164 1499 296 1536 consul
319 1513 528 1549 censorque
546 1500 683 1543 fuerat,
712 1506 750 1535 et
769 1499 825 1536 M.
845 1500 985 1536 Atilius
1005 1499 1192 1549 Regulus,

80 1567 145 1616 qui
177 1566 235 1604 bis
269 1568 402 1604 consul
430 1568 569 1611 fuerat,
601 1574 639 1603 et
659 1567 704 1604 L.
733 1567 953 1603 Scribonius
982 1567 1098 1612 Libo,
1129 1570 1195 1617 qui

80 1636 162 1667 tum
190 1631 365 1668 tribunus
391 1631 511 1682 plebis
539 1639 632 1668 erat.
688 1632 742 1669 Et
761 1632 947 1667 duumviri
974 1634 1105 1676 creati,
1132 1633 1191 1671 M.

81 1700 120 1730 et
148 1695 192 1732 C.
220 1695 345 1739 Atilii,
383 1697 500 1732 aedem
530 1696 768 1739 Concordiae,
800 1709 910 1744 quam
949 1696 994 1732 L.
1020 1696 1190 1733 Manlius

80 1766 220 1809 praetor
254 1767 423 1803 voverat,
458 1761 737 1798 dedicaverunt.
792 1761 845 1797 Et
878 1768 953 1796 tres
990 1762 1190 1811 pontifices

80 1825 211 1867 creati,
232 1825 280 1864 Q.
295 1824 468 1861 Caecilius
486 1824 681 1868 hletellus,
703 1831 740 1861 et
759 1825 807 1864 Q.
821 1825 959 1861 Fabius
979 1825 1189 1871 Maximus,

80 1894 119 1923 et
137 1888 186 1926 Q.
206 1888 359 1924 Fulvius
379 1888 550 1931 Flaccus,
572 1889 609 1924 in
631 1889 756 1925 locum
776 1889 818 1925 P.
839 1890 1024 1925 Scantinii
1040 1890 1189 1926 demor-

80 1951 150 1994 tui,
181 1958 218 1987 et
242 1951 288 1989 L.
309 1952 457 1988 AEmilii
477 1952 599 1988 Paulli
629 1953 808 1997 consulis,
830 1960 868 1990 et
887 1955 935 1993 Q.
950 1953 1045 1990 AElii
1076 1954 1187 1998 Paeti,

77 2016 140 2064 qui
161 2016 374 2052 ceciderant
393 2029 522 2066 pugna
541 2017 744 2054 Cannensi.

131 2078 269 2116 XXII.
300 2080 427 2118 Quum
448 2086 585 2121 cetera,
606 2093 688 2128 quae
712 2081 901 2116 continuis
922 2080 1090 2116 cladibus
1110 2080 1191 2117 for-

80 2148 173 2178 tuna
201 2144 402 2186 minuerat,
430 2150 613 2192 quantum
643 2144 808 2180 consiliis
834 2145 1008 2180 humanis
1036 2145 1189 2193 adsequi

77 2211 266 2254 poterant,
294 2205 426 2243 Patres
463 2207 699 2257 explessent3
730 2208 881 2244 tandem
907 2220 946 2243 se
976 2220 1125 2255 quoque
1151 2217 1191 2243 et

80 2268 322 2306 solitudinem
342 2272 468 2313 curiae,
489 2273 795 2321 paucitatemque
814 2271 1121 2307 convenientium
1140 2271 1187 2308 ad

79 2331 272 2383 publicum
297 2334 497 2371 consilium
524 2342 790 2384 respexerunt:
822 2347 945 2385 neque
971 2335 1071 2371 enim
1099 2342 1188 2386 post
