1527 2661
326 168 408 212 232
780 174 826 204 T.
853 174 981 204 L1v11

132 265 175 296 U.
186 265 221 296 C.
241 262 412 299 ⁵35.inde
440 275 575 311 agmen
604 263 742 313 coepit:
782 264 1023 314 primoribus,
1053 277 1165 316 super
1192 278 1305 315 quam
1330 267 1432 316 quod

131 309 170 340 Α·
186 309 223 341 C'
239 314 577 366 21⁷’dissenserant
603 343 625 366 a
650 330 824 374 consilio,
844 332 984 367 territis
1005 332 1117 368 etiam
1138 332 1276 382 duplici
1302 335 1431 383 prodi-

127 524 239 564 Pugna
254 527 292 556 ad

127 568 287 599 Trasime-

128 620 222 643 num.

323 395 407 443 gio;
437 395 557 431 milite
576 396 615 430 in
634 394 767 443 vulgus
788 395 876 432 laeto
895 395 1037 432 ferocia
1056 397 1173 440 ducis,
1191 409 1307 445 quum
1327 410 1431 448 spem

320 458 441 506 magis
462 459 596 507 ipsam,
616 472 727 506 quam
747 472 916 495 caussam
936 461 1029 509 spei,
1051 461 1272 497 intueretur.
1386 458 1389 459 ⁷

374 523 441 559 IV.
472 522 682 565 Hannibal,
704 523 805 571 quod
824 524 904 571 agri
934 530 990 559 est
1016 524 1113 559 inter
1142 525 1350 560 Cortonam
1369 537 1431 560 ur-

318 587 404 624 bem
434 587 772 635 Trasimenumque
802 586 938 629 lacum,
960 588 1064 622 omni
1093 586 1198 623 clade
1227 587 1316 623 belli
1345 600 1431 637 per-

319 656 455 692 vastat,
478 663 553 699 quo
574 651 692 698 magis
718 650 812 685 iram
842 651 944 685 hosti
969 651 1014 686 ad
1035 651 1277 687 vindicandas
1304 652 1429 687 socio-

318 727 402 750 rum
422 714 577 763 injurias
599 720 721 750 acuat.
768 714 821 749 Et
834 712 917 762 jam
937 720 1183 763 pervenerant
1203 714 1250 749 ad
1268 713 1353 750 loca
1371 715 1430 750 in-

318 778 420 813 sidiis
440 784 544 820 nata,
572 778 635 814 ubi
658 779 819 814 maxime
848 786 995 814 montes
1018 779 1273 814 Cortonenses
1299 778 1428 815 Trasi-

316 854 447 878 menus
469 841 571 878 subit
590 857 597 877 :
630 842 690 877 via
707 848 855 877 tantum
878 842 1035 877 interest
1061 848 1303 890 perangusta,
1324 841 1429 877 velut

316 907 363 942 ad
382 907 419 941 id
439 907 562 956 ipsum
581 905 625 941 de
645 905 830 941 industria
844 904 976 940 relicto
997 905 1139 954 spatio:
1167 904 1301 940 deinde
1320 903 1428 954 paul·

314 969 353 1005 lo
390 969 503 1005 latior
539 968 699 1018 patescit
736 980 903 1017 campus,
936 968 1024 1003 inde
1058 967 1172 1003 colles
1206 967 1428 1015 adsurgunt.

314 1033 375 1069 Ibi
396 1040 518 1070 castra
537 1033 576 1068 in
597 1038 728 1081 aperto
754 1031 868 1074 locat,
890 1032 953 1067 ubi
974 1032 1053 1081 ipse
1080 1044 1164 1067 cum
1183 1031 1286 1067 Afris
1313 1030 1428 1066 modo

314 1098 572 1147 Hispanisque
592 1096 815 1132 consideret.
862 1095 1031 1132 Baliares
1052 1103 1288 1144 ceteramque
1307 1094 1428 1130 levem

315 1168 544 1198 armaturam
563 1167 649 1210 post
666 1168 813 1196 montes
835 1160 1105 1195 circumducit:
1138 1160 1281 1207 equites
1302 1159 1349 1194 ad
1367 1159 1426 1208 ip-

316 1239 374 1262 sas
394 1226 520 1262 fauces
542 1225 673 1267 saltus,
694 1224 849 1259 tumulis
871 1231 957 1273 apte
976 1223 1208 1271 tegentibus,
1224 1223 1327 1258 locat
1335 1239 1345 1268 5
1370 1228 1426 1265 ut,

315 1290 381 1326 ubi
399 1291 604 1326 intrassent
622 1289 804 1330 Romani,
823 1287 975 1337 objecto
991 1288 1176 1336 equitatu,
1197 1287 1322 1324 clausa
1343 1299 1427 1322 om-

313 1355 378 1390 nia
396 1353 480 1390 lacu
506 1366 550 1389 ac
576 1352 768 1388 montibus
795 1358 931 1388 essent.
988 1351 1194 1387 Flaminius
1216 1363 1328 1399 quum
1349 1351 1427 1400 pri-

314 1418 373 1454 die
393 1404 481 1453 solis
509 1429 645 1452 occasu
672 1415 719 1451 ad
742 1415 865 1450 lacum
895 1415 1137 1464 pervenisset,
1169 1413 1424 1462 inexplorato,

312 1488 466 1532 postero
483 1481 556 1523 die,
573 1480 636 1515 vix
656 1479 743 1514 dum
763 1479 853 1514 satis
874 1486 976 1513 certa
990 1478 1087 1520 luce,
1109 1478 1291 1525 angustiis
1312 1489 1423 1526 supe·

312 1546 417 1588 ratis,
438 1551 640 1595 postquam
669 1543 708 1578 in
736 1543 989 1591 patentiorem
1018 1554 1192 1591 campum
1211 1541 1325 1590 pandi
1354 1552 1423 1589 ag-

312 1621 399 1645 men
415 1609 544 1657 coepit,
563 1607 600 1643 id
615 1612 764 1642 tantum
778 1606 959 1648 hostium,
975 1606 1075 1654 quod
1092 1618 1139 1641 ex
1153 1606 1310 1641 adverso
1327 1611 1420 1647 erat,

312 1672 530 1721 conspexit:
554 1670 600 1706 ab
620 1676 728 1717 tergo
749 1676 786 1705 et
806 1681 916 1718 super
936 1676 1050 1718 caput
1068 1669 1246 1718 decepere
1265 1668 1422 1703 insidiae.

311 1739 454 1775 Poenus
475 1738 553 1781 ubi,
573 1738 612 1773 id
632 1737 732 1785 quod
757 1737 931 1785 petierat,
953 1735 1120 1771 clausum
1146 1735 1230 1771 lacu
1250 1747 1292 1770 ac
1312 1747 1420 1770 mon—

311 1803 413 1839 tibus
435 1809 472 1838 et
490 1800 756 1837 circumfusum
776 1800 851 1835 suis
872 1799 990 1848 copiis
1010 1799 1144 1834 habuit
1161 1799 1324 1840 hostem,
1345 1798 1422 1846 sig-

312 1880 402 1903 num
436 1865 611 1901 omnibus
645 1865 708 1900 dat
739 1863 850 1900 simul
882 1863 1106 1899 invadendi:
1147 1863 1209 1911 qui
1240 1861 1319 1904 ubi,
1349 1874 1424 1910 qua

312 1932 446 1979 cuique
471 1929 686 1978 proximum
713 1927 800 1969 fuit,
830 1927 1088 1969 decucurrere,
1115 1938 1161 1961 eo
1190 1926 1309 1973 magis
1338 1923 1422 1960 Ro-

310 1995 431 2030 manis
453 1992 578 2028 subita
603 1998 717 2039 atque
735 1991 926 2040 inprovisa
953 2002 1010 2025 res
1035 1990 1122 2031 fuit,
1143 1989 1245 2037 quod
1264 1994 1348 2024 orta
1374 2000 1419 2024 ex

309 2058 395 2095 lacu
423 2055 562 2092 nebula
591 2068 738 2105 campo,
767 2067 878 2103 quam
904 2053 1110 2096 montibus,
1139 2053 1289 2088 densior
1315 2051 1419 2087 sede-

310 2129 383 2165 rat,
417 2122 643 2171 agminaque
671 2120 839 2155 hostium
869 2131 915 2154 ex
946 2117 1115 2167 pluribus
1148 2115 1306 2152 vallibus
1338 2116 1420 2165 ipsa

308 2187 409 2222 inter
438 2197 477 2220 se
503 2185 593 2221 satis
614 2189 830 2232 conspecta,
853 2195 973 2232 eoque
1000 2182 1120 2230 magis
1146 2181 1286 2231 pariter
1306 2180 1419 2216 decu-

309 2254 518 2286 currerunt.
570 2247 767 2283 Romanus
802 2247 964 2283 clamore
994 2246 1095 2296 prius
1124 2244 1289 2293 undique
1317 2248 1417 2286 orto,

309 2325 423 2362 quam
451 2312 540 2349 satis
571 2316 752 2354 cerneret,
773 2323 812 2347 se
842 2310 1139 2348 circumventum
1166 2319 1246 2344 esse
1275 2307 1417 2351 sensit3
