<?xml version="1.0" encoding="UTF-8"?>
<!DOCTYPE html PUBLIC "-//W3C//DTD XHTML 1.0 Transitional//EN"
    "http://www.w3.org/TR/xhtml1/DTD/xhtml1-transitional.dtd">
<html xmlns="http://www.w3.org/1999/xhtml" xml:lang="en" lang="en">
 <head>
  <title>
</title>
<meta http-equiv="Content-Type" content="text/html;charset=utf-8" />
  <meta name='ocr-system' content='tesseract 3.04.00' />
  <meta name='ocr-capabilities' content='ocr_page ocr_carea ocr_par ocr_line ocrx_word'/>
</head>
<body>
  <div class='ocr_page' id='page_1' title='image "./historiarumquaes02livyuoft/historiarumquaes02livyuoft_0350.png"; bbox 0 0 1527 2661; ppageno 0'>
   <div class='ocr_carea' id='block_1_1' title="bbox 313 174 978 223">
    <p class='ocr_par' dir='ltr' id='par_1_1' title="bbox 313 174 978 223">
     <span class='ocr_line' id='line_1_1' title="bbox 313 174 978 223; baseline 0.009 -14"><span class='ocrx_word' id='word_1_1' title='bbox 313 174 399 223; x_wconf 76' lang='lat'>340</span> <span class='ocrx_word' id='word_1_2' title='bbox 773 187 817 215; x_wconf 78' lang='lat' dir='ltr'>T.</span> <span class='ocrx_word' id='word_1_3' title='bbox 842 186 978 217; x_wconf 73' lang='lat' dir='ltr'>L1v11</span> 
     </span>
    </p>
   </div>
   <div class='ocr_carea' id='block_1_2' title="bbox 118 270 1421 326">
    <p class='ocr_par' dir='ltr' id='par_1_2' title="bbox 118 270 1421 326">
     <span class='ocr_line' id='line_1_2' title="bbox 118 270 1421 326; baseline 0.006 -22"><span class='ocrx_word' id='word_1_4' title='bbox 118 272 210 303; x_wconf 84' lang='lat' dir='ltr'><strong>U.C·</strong></span> <span class='ocrx_word' id='word_1_5' title='bbox 230 270 707 316; x_wconf 69' lang='lat' dir='ltr'>⁵36.conducta,habuisse</span> <span class='ocrx_word' id='word_1_6' title='bbox 719 290 731 320; x_wconf 86' lang='lat'>;</span> <span class='ocrx_word' id='word_1_7' title='bbox 762 275 930 326; x_wconf 83' lang='lat' dir='ltr'>inopem,</span> <span class='ocrx_word' id='word_1_8' title='bbox 945 282 1095 314; x_wconf 80' lang='lat' dir='ltr'>tantum</span> <span class='ocrx_word' id='word_1_9' title='bbox 1110 277 1182 314; x_wconf 87' lang='lat' dir='ltr'>iter</span> <span class='ocrx_word' id='word_1_10' title='bbox 1195 276 1421 325; x_wconf 79' lang='lat' dir='ltr'>ingressum,</span> 
     </span>
    </p>
   </div>
   <div class='ocr_carea' id='block_1_3' title="bbox 118 316 303 347">
    <p class='ocr_par' dir='ltr' id='par_1_3' title="bbox 118 316 303 347">
     <span class='ocr_line' id='line_1_3' title="bbox 118 316 303 347; baseline 0.011 -2"><span class='ocrx_word' id='word_1_11' title='bbox 118 317 160 346; x_wconf 74' lang='lat' dir='ltr'>A.</span> <span class='ocrx_word' id='word_1_12' title='bbox 175 316 211 347; x_wconf 92' lang='lat' dir='ltr'>C.</span> <span class='ocrx_word' id='word_1_13' title='bbox 230 322 303 347; x_wconf 82' lang='lat'>216.</span> 
     </span>
    </p>
   </div>
   <div class='ocr_carea' id='block_1_4' title="bbox 314 329 1424 579">
    <p class='ocr_par' dir='ltr' id='par_1_4' title="bbox 314 329 1424 579">
     <span class='ocr_line' id='line_1_4' title="bbox 316 329 1424 392; baseline 0.005 -21"><span class='ocrx_word' id='word_1_14' title='bbox 316 337 376 372; x_wconf 86' lang='lat' dir='ltr'>vix</span> <span class='ocrx_word' id='word_1_15' title='bbox 403 329 687 386; x_wconf 85' lang='lat' dir='ltr'>penetraturum</span> <span class='ocrx_word' id='word_1_16' title='bbox 717 339 764 375; x_wconf 87' lang='lat' dir='ltr'>ad</span> <span class='ocrx_word' id='word_1_17' title='bbox 793 340 909 391; x_wconf 85' lang='lat' dir='ltr'>Alpes</span> <span class='ocrx_word' id='word_1_18' title='bbox 938 341 1077 378; x_wconf 86' lang='lat' dir='ltr'>fuisse:</span> <span class='ocrx_word' id='word_1_19' title='bbox 1109 341 1278 392; x_wconf 87' lang='lat' dir='ltr'>pecuniis</span> <span class='ocrx_word' id='word_1_20' title='bbox 1307 340 1424 389; x_wconf 78' lang='lat' dir='ltr'>igitur</span> 
     </span>
     <span class='ocr_line' id='line_1_5' title="bbox 314 402 1423 456; baseline 0.004 -20"><span class='ocrx_word' id='word_1_21' title='bbox 314 402 450 451; x_wconf 84' lang='lat' dir='ltr'>raptim</span> <span class='ocrx_word' id='word_1_22' title='bbox 473 403 630 456; x_wconf 80' lang='lat' dir='ltr'>exactiS‚</span> <span class='ocrx_word' id='word_1_23' title='bbox 648 403 695 438; x_wconf 87' lang='lat' dir='ltr'>ad</span> <span class='ocrx_word' id='word_1_24' title='bbox 711 403 861 440; x_wconf 86' lang='lat' dir='ltr'>Iberum</span> <span class='ocrx_word' id='word_1_25' title='bbox 880 406 1082 442; x_wconf 86' lang='lat' dir='ltr'>descendit.</span> <span class='ocrx_word' id='word_1_26' title='bbox 1140 406 1306 442; x_wconf 81' lang='lat' dir='ltr'><strong>Decreta</strong></span> <span class='ocrx_word' id='word_1_27' title='bbox 1321 404 1423 441; x_wconf 84' lang='lat' dir='ltr'>Kar-</span> 
     </span>
     <span class='ocr_line' id='line_1_6' title="bbox 314 465 1423 513; baseline 0.004 -14"><span class='ocrx_word' id='word_1_28' title='bbox 314 465 611 513; x_wconf 87' lang='lat' dir='ltr'>thaginiensium</span> <span class='ocrx_word' id='word_1_29' title='bbox 639 472 677 502; x_wconf 85' lang='lat' dir='ltr'>et</span> <span class='ocrx_word' id='word_1_30' title='bbox 703 466 952 504; x_wconf 84' lang='lat' dir='ltr'>Hasdrubalis</span> <span class='ocrx_word' id='word_1_31' title='bbox 971 469 1044 504; x_wconf 88' lang='lat' dir='ltr'>iter</span> <span class='ocrx_word' id='word_1_32' title='bbox 1070 469 1133 505; x_wconf 91' lang='lat' dir='ltr'>ubi</span> <span class='ocrx_word' id='word_1_33' title='bbox 1161 469 1207 505; x_wconf 89' lang='lat' dir='ltr'>ad</span> <span class='ocrx_word' id='word_1_34' title='bbox 1224 468 1423 505; x_wconf 83' lang='lat' dir='ltr'>Romanos</span> 
     </span>
     <span class='ocr_line' id='line_1_7' title="bbox 314 529 1424 579; baseline 0.004 -16"><span class='ocrx_word' id='word_1_35' title='bbox 314 535 402 564; x_wconf 89' lang='lat' dir='ltr'>sunt</span> <span class='ocrx_word' id='word_1_36' title='bbox 431 529 590 579; x_wconf 85' lang='lat' dir='ltr'>perlata,</span> <span class='ocrx_word' id='word_1_37' title='bbox 619 531 795 567; x_wconf 88' lang='lat' dir='ltr'>omnibus</span> <span class='ocrx_word' id='word_1_38' title='bbox 826 532 974 568; x_wconf 88' lang='lat' dir='ltr'>omissis</span> <span class='ocrx_word' id='word_1_39' title='bbox 1005 533 1131 576; x_wconf 89' lang='lat' dir='ltr'>rebus,</span> <span class='ocrx_word' id='word_1_40' title='bbox 1162 533 1275 569; x_wconf 88' lang='lat' dir='ltr'>ambo</span> <span class='ocrx_word' id='word_1_41' title='bbox 1295 533 1424 575; x_wconf 88' lang='lat' dir='ltr'>duces,</span> 
     </span>
    </p>
   </div>
   <div class='ocr_carea' id='block_1_5' title="bbox 308 592 1425 646">
    <p class='ocr_par' dir='ltr' id='par_1_5' title="bbox 308 592 1425 646">
     <span class='ocr_line' id='line_1_8' title="bbox 308 592 1425 646; baseline 0.004 -19"><span class='ocrx_word' id='word_1_42' title='bbox 308 592 454 642; x_wconf 84' lang='lat' dir='ltr'>junctis</span> <span class='ocrx_word' id='word_1_43' title='bbox 475 594 608 643; x_wconf 89' lang='lat' dir='ltr'>copiis,</span> <span class='ocrx_word' id='word_1_44' title='bbox 628 594 682 630; x_wconf 88' lang='lat' dir='ltr'>ire</span> <span class='ocrx_word' id='word_1_45' title='bbox 702 594 854 631; x_wconf 86' lang='lat' dir='ltr'>obviam</span> <span class='ocrx_word' id='word_1_46' title='bbox 870 597 1005 645; x_wconf 86' lang='lat' dir='ltr'>coeptis</span> <span class='ocrx_word' id='word_1_47' title='bbox 1026 602 1140 645; x_wconf 84' lang='lat' dir='ltr'>atque</span> <span class='ocrx_word' id='word_1_48' title='bbox 1154 596 1339 632; x_wconf 84' lang='lat' dir='ltr'>obsistere</span> <span class='ocrx_word' id='word_1_49' title='bbox 1358 609 1425 646; x_wconf 90' lang='lat' dir='ltr'>pa-</span> 
     </span>
    </p>
   </div>
   <div class='ocr_carea' id='block_1_6' title="bbox 120 658 1427 776">
    <p class='ocr_par' dir='ltr' id='par_1_6' title="bbox 120 658 1427 776">
     <span class='ocr_line' id='line_1_9' title="bbox 120 658 1426 711; baseline 0.004 -20"><span class='ocrx_word' id='word_1_50' title='bbox 120 662 283 711; x_wconf 19' lang='lat' dir='ltr'>chipiohnes</span> <span class='ocrx_word' id='word_1_51' title='bbox 314 663 423 703; x_wconf 80' lang='lat' dir='ltr'>rant3</span> <span class='ocrx_word' id='word_1_52' title='bbox 456 658 527 693; x_wconf 88' lang='lat' dir='ltr'>rati</span> <span class='ocrx_word' id='word_1_53' title='bbox 556 659 585 693; x_wconf 90' lang='lat' dir='ltr'>si</span> <span class='ocrx_word' id='word_1_54' title='bbox 616 658 841 703; x_wconf 83' lang='lat' dir='ltr'>Hannibali,</span> <span class='ocrx_word' id='word_1_55' title='bbox 875 661 938 697; x_wconf 86' lang='lat' dir='ltr'>vix</span> <span class='ocrx_word' id='word_1_56' title='bbox 970 673 1037 711; x_wconf 90' lang='lat' dir='ltr'>per</span> <span class='ocrx_word' id='word_1_57' title='bbox 1067 673 1106 696; x_wconf 91' lang='lat' dir='ltr'>se</span> <span class='ocrx_word' id='word_1_58' title='bbox 1130 661 1203 710; x_wconf 88' lang='lat' dir='ltr'>ipsi</span> <span class='ocrx_word' id='word_1_59' title='bbox 1228 659 1426 697; x_wconf 86' lang='lat' dir='ltr'>tolerando</span> 
     </span>
     <span class='ocr_line' id='line_1_10' title="bbox 120 706 1427 776; baseline 0.002 -18"><span class='ocrx_word' id='word_1_60' title='bbox 120 716 147 735; x_wconf 63' lang='lat'>⁶¹</span> <span class='ocrx_word' id='word_1_61' title='bbox 164 706 292 736; x_wconf 71' lang='lat' dir='ltr'>obvxam</span> <span class='ocrx_word' id='word_1_62' title='bbox 314 723 436 759; x_wconf 79' lang='lat' dir='ltr'>Italiae</span> <span class='ocrx_word' id='word_1_63' title='bbox 455 724 573 767; x_wconf 76' lang='lat' dir='ltr'>hosti,</span> <span class='ocrx_word' id='word_1_64' title='bbox 595 724 811 762; x_wconf 80' lang='lat' dir='ltr'>Hasdrubal</span> <span class='ocrx_word' id='word_1_65' title='bbox 831 726 906 762; x_wconf 86' lang='lat' dir='ltr'>dux</span> <span class='ocrx_word' id='word_1_66' title='bbox 933 732 1046 775; x_wconf 89' lang='lat' dir='ltr'>atque</span> <span class='ocrx_word' id='word_1_67' title='bbox 1066 725 1332 776; x_wconf 84' lang='lat' dir='ltr'>Hispaniensis</span> <span class='ocrx_word' id='word_1_68' title='bbox 1361 738 1427 761; x_wconf 90' lang='lat' dir='ltr'>ex-</span> 
     </span>
    </p>
   </div>
   <div class='ocr_carea' id='block_1_7' title="bbox 119 756 207 780">
    <p class='ocr_par' dir='ltr' id='par_1_7' title="bbox 119 756 207 780">
     <span class='ocr_line' id='line_1_11' title="bbox 119 756 207 780; baseline 0.023 -2"><span class='ocrx_word' id='word_1_69' title='bbox 119 756 207 780; x_wconf 68' lang='lat' dir='ltr'>eunt.</span> 
     </span>
    </p>
   </div>
   <div class='ocr_carea' id='block_1_8' title="bbox 312 787 1437 1673">
    <p class='ocr_par' dir='ltr' id='par_1_8' title="bbox 312 787 1437 1673">
     <span class='ocr_line' id='line_1_12' title="bbox 314 787 1427 839; baseline 0.002 -16"><span class='ocrx_word' id='word_1_70' title='bbox 314 789 452 823; x_wconf 87' lang='lat' dir='ltr'>ercitus</span> <span class='ocrx_word' id='word_1_71' title='bbox 487 793 585 824; x_wconf 84' lang='lat' dir='ltr'>esset</span> <span class='ocrx_word' id='word_1_72' title='bbox 610 787 783 839; x_wconf 83' lang='lat' dir='ltr'>junctus,</span> <span class='ocrx_word' id='word_1_73' title='bbox 815 789 920 826; x_wconf 86' lang='lat' dir='ltr'>illum</span> <span class='ocrx_word' id='word_1_74' title='bbox 939 790 1106 826; x_wconf 87' lang='lat' dir='ltr'>Romani</span> <span class='ocrx_word' id='word_1_75' title='bbox 1136 790 1250 826; x_wconf 87' lang='lat' dir='ltr'>finem</span> <span class='ocrx_word' id='word_1_76' title='bbox 1279 789 1427 839; x_wconf 88' lang='lat' dir='ltr'>imperii</span> 
     </span>
     <span class='ocr_line' id='line_1_13' title="bbox 312 851 1422 903; baseline 0.001 -16"><span class='ocrx_word' id='word_1_77' title='bbox 312 851 408 888; x_wconf 83' lang='lat' dir='ltr'>sore.</span> <span class='ocrx_word' id='word_1_78' title='bbox 457 852 529 888; x_wconf 86' lang='lat' dir='ltr'>His</span> <span class='ocrx_word' id='word_1_79' title='bbox 551 854 653 889; x_wconf 83' lang='lat' dir='ltr'>anxii</span> <span class='ocrx_word' id='word_1_80' title='bbox 670 855 767 890; x_wconf 87' lang='lat' dir='ltr'>curis</span> <span class='ocrx_word' id='word_1_81' title='bbox 789 854 835 890; x_wconf 89' lang='lat' dir='ltr'>ad</span> <span class='ocrx_word' id='word_1_82' title='bbox 852 854 1005 890; x_wconf 90' lang='lat' dir='ltr'>Iberum</span> <span class='ocrx_word' id='word_1_83' title='bbox 1021 854 1253 890; x_wconf 87' lang='lat' dir='ltr'>contrahunt</span> <span class='ocrx_word' id='word_1_84' title='bbox 1269 854 1396 903; x_wconf 87' lang='lat' dir='ltr'>copias</span> <span class='ocrx_word' id='word_1_85' title='bbox 1411 869 1422 898; x_wconf 84' lang='lat'><em>3</em></span> 
     </span>
     <span class='ocr_line' id='line_1_14' title="bbox 313 917 1430 966; baseline 0.001 -15"><span class='ocrx_word' id='word_1_86' title='bbox 313 922 364 959; x_wconf 84' lang='lat' dir='ltr'>et,</span> <span class='ocrx_word' id='word_1_87' title='bbox 393 917 556 952; x_wconf 87' lang='lat' dir='ltr'>transito</span> <span class='ocrx_word' id='word_1_88' title='bbox 586 930 710 960; x_wconf 84' lang='lat' dir='ltr'>amne,</span> <span class='ocrx_word' id='word_1_89' title='bbox 737 931 851 966; x_wconf 87' lang='lat' dir='ltr'>quum</span> <span class='ocrx_word' id='word_1_90' title='bbox 885 918 950 954; x_wconf 89' lang='lat' dir='ltr'>diu</span> <span class='ocrx_word' id='word_1_91' title='bbox 977 917 1270 959; x_wconf 82' lang='lat' dir='ltr'>consultassent,</span> <span class='ocrx_word' id='word_1_92' title='bbox 1301 922 1430 953; x_wconf 90' lang='lat' dir='ltr'>utrum</span> 
     </span>
     <span class='ocr_line' id='line_1_15' title="bbox 316 980 1426 1025; baseline 0.001 -10"><span class='ocrx_word' id='word_1_93' title='bbox 316 986 440 1015; x_wconf 85' lang='lat' dir='ltr'>castra</span> <span class='ocrx_word' id='word_1_94' title='bbox 469 981 599 1015; x_wconf 79' lang='lat' dir='ltr'>castris</span> <span class='ocrx_word' id='word_1_95' title='bbox 630 981 861 1025; x_wconf 84' lang='lat' dir='ltr'>conferrent,</span> <span class='ocrx_word' id='word_1_96' title='bbox 883 994 931 1017; x_wconf 89' lang='lat' dir='ltr'>an</span> <span class='ocrx_word' id='word_1_97' title='bbox 961 982 1051 1017; x_wconf 88' lang='lat' dir='ltr'>satis</span> <span class='ocrx_word' id='word_1_98' title='bbox 1081 981 1281 1024; x_wconf 87' lang='lat' dir='ltr'>haberent,</span> <span class='ocrx_word' id='word_1_99' title='bbox 1314 980 1426 1016; x_wconf 89' lang='lat' dir='ltr'>sociis</span> 
     </span>
     <span class='ocr_line' id='line_1_16' title="bbox 318 1036 1429 1094; baseline 0.002 -15"><span class='ocrx_word' id='word_1_100' title='bbox 318 1036 699 1093; x_wconf 64' lang='lat' dir='ltr'>Karthaginiensium</span> <span class='ocrx_word' id='word_1_101' title='bbox 729 1045 1009 1094; x_wconf 42' lang='lat' dir='ltr'>obpugnandi&amp;</span> <span class='ocrx_word' id='word_1_102' title='bbox 1039 1045 1179 1081; x_wconf 86' lang='lat' dir='ltr'>morari</span> <span class='ocrx_word' id='word_1_103' title='bbox 1212 1044 1259 1081; x_wconf 91' lang='lat' dir='ltr'>ab</span> <span class='ocrx_word' id='word_1_104' title='bbox 1292 1045 1429 1085; x_wconf 85' lang='lat' dir='ltr'>itinere</span> 
     </span>
     <span class='ocr_line' id='line_1_17' title="bbox 317 1108 1429 1159; baseline 0 -15"><span class='ocrx_word' id='word_1_105' title='bbox 317 1109 515 1158; x_wconf 76' lang='lat' dir='ltr'>proposito</span> <span class='ocrx_word' id='word_1_106' title='bbox 546 1109 710 1151; x_wconf 83' lang='lat' dir='ltr'>hostem,</span> <span class='ocrx_word' id='word_1_107' title='bbox 734 1109 863 1144; x_wconf 86' lang='lat' dir='ltr'>urbem</span> <span class='ocrx_word' id='word_1_108' title='bbox 884 1123 906 1145; x_wconf 89' lang='lat' dir='ltr'>a</span> <span class='ocrx_word' id='word_1_109' title='bbox 932 1110 1148 1159; x_wconf 85' lang='lat' dir='ltr'>propinquo</span> <span class='ocrx_word' id='word_1_110' title='bbox 1167 1109 1321 1145; x_wconf 85' lang='lat' dir='ltr'>flumine</span> <span class='ocrx_word' id='word_1_111' title='bbox 1341 1108 1429 1145; x_wconf 88' lang='lat' dir='ltr'>Ibe-</span> 
     </span>
     <span class='ocr_line' id='line_1_18' title="bbox 317 1172 1429 1223; baseline 0.001 -15"><span class='ocrx_word' id='word_1_112' title='bbox 317 1184 398 1209; x_wconf 86' lang='lat' dir='ltr'>ram</span> <span class='ocrx_word' id='word_1_113' title='bbox 426 1172 668 1223; x_wconf 84' lang='lat' dir='ltr'>adpellatam,</span> <span class='ocrx_word' id='word_1_114' title='bbox 691 1173 1020 1222; x_wconf 84' lang='lat' dir='ltr'>opulentissimam</span> <span class='ocrx_word' id='word_1_115' title='bbox 1047 1186 1091 1209; x_wconf 89' lang='lat' dir='ltr'>ea</span> <span class='ocrx_word' id='word_1_116' title='bbox 1118 1178 1345 1223; x_wconf 79' lang='lat' dir='ltr'>tempestate</span> <span class='ocrx_word' id='word_1_117' title='bbox 1371 1185 1429 1209; x_wconf 88' lang='lat' dir='ltr'>re—</span> 
     </span>
     <span class='ocr_line' id='line_1_19' title="bbox 319 1237 1431 1288; baseline 0 -16"><span class='ocrx_word' id='word_1_118' title='bbox 319 1238 441 1285; x_wconf 81' lang='lat' dir='ltr'>gionis</span> <span class='ocrx_word' id='word_1_119' title='bbox 481 1237 576 1286; x_wconf 85' lang='lat' dir='ltr'>ejus,</span> <span class='ocrx_word' id='word_1_120' title='bbox 616 1238 837 1287; x_wconf 82' lang='lat' dir='ltr'>obpugnare</span> <span class='ocrx_word' id='word_1_121' title='bbox 874 1245 1032 1288; x_wconf 82' lang='lat' dir='ltr'>parant:</span> <span class='ocrx_word' id='word_1_122' title='bbox 1072 1238 1174 1287; x_wconf 92' lang='lat' dir='ltr'>quod</span> <span class='ocrx_word' id='word_1_123' title='bbox 1210 1237 1276 1274; x_wconf 88' lang='lat' dir='ltr'>ubi</span> <span class='ocrx_word' id='word_1_124' title='bbox 1312 1238 1431 1274; x_wconf 82' lang='lat' dir='ltr'>sensit</span> 
     </span>
     <span class='ocr_line' id='line_1_20' title="bbox 320 1301 1431 1352; baseline -0.001 -14"><span class='ocrx_word' id='word_1_125' title='bbox 320 1301 551 1344; x_wconf 78' lang='lat' dir='ltr'>Hasdrubal,</span> <span class='ocrx_word' id='word_1_126' title='bbox 574 1314 641 1351; x_wconf 84' lang='lat' dir='ltr'>pro</span> <span class='ocrx_word' id='word_1_127' title='bbox 663 1314 734 1351; x_wconf 88' lang='lat' dir='ltr'>ope</span> <span class='ocrx_word' id='word_1_128' title='bbox 751 1302 903 1338; x_wconf 83' lang='lat' dir='ltr'>ferenda</span> <span class='ocrx_word' id='word_1_129' title='bbox 922 1303 1049 1345; x_wconf 87' lang='lat' dir='ltr'>sociis,</span> <span class='ocrx_word' id='word_1_130' title='bbox 1070 1302 1194 1352; x_wconf 86' lang='lat' dir='ltr'>pergit</span> <span class='ocrx_word' id='word_1_131' title='bbox 1214 1302 1293 1351; x_wconf 89' lang='lat' dir='ltr'>ipse</span> <span class='ocrx_word' id='word_1_132' title='bbox 1311 1301 1365 1337; x_wconf 84' lang='lat' dir='ltr'>ire</span> <span class='ocrx_word' id='word_1_133' title='bbox 1385 1301 1431 1337; x_wconf 90' lang='lat' dir='ltr'>ad</span> 
     </span>
     <span class='ocr_line' id='line_1_21' title="bbox 320 1366 1432 1416; baseline 0 -14"><span class='ocrx_word' id='word_1_134' title='bbox 320 1367 466 1410; x_wconf 80' lang='lat' dir='ltr'>urbem,</span> <span class='ocrx_word' id='word_1_135' title='bbox 484 1367 647 1403; x_wconf 75' lang='lat' dir='ltr'>deditam</span> <span class='ocrx_word' id='word_1_136' title='bbox 663 1380 783 1416; x_wconf 83' lang='lat' dir='ltr'>nuper</span> <span class='ocrx_word' id='word_1_137' title='bbox 804 1368 843 1403; x_wconf 87' lang='lat' dir='ltr'>in</span> <span class='ocrx_word' id='word_1_138' title='bbox 860 1368 971 1403; x_wconf 88' lang='lat' dir='ltr'>fidem</span> <span class='ocrx_word' id='word_1_139' title='bbox 991 1367 1269 1409; x_wconf 69' lang='lat' dir='ltr'>Romanorum,</span> <span class='ocrx_word' id='word_1_140' title='bbox 1283 1366 1432 1416; x_wconf 89' lang='lat' dir='ltr'>obpug-</span> 
     </span>
     <span class='ocr_line' id='line_1_22' title="bbox 320 1430 1432 1481; baseline -0.002 -13"><span class='ocrx_word' id='word_1_141' title='bbox 320 1432 485 1468; x_wconf 80' lang='lat' dir='ltr'>nandam</span> <span class='ocrx_word' id='word_1_142' title='bbox 502 1446 508 1466; x_wconf 90' lang='lat'>:</span> <span class='ocrx_word' id='word_1_143' title='bbox 542 1433 596 1467; x_wconf 85' lang='lat' dir='ltr'>ita</span> <span class='ocrx_word' id='word_1_144' title='bbox 608 1430 691 1480; x_wconf 88' lang='lat' dir='ltr'>jam</span> <span class='ocrx_word' id='word_1_145' title='bbox 711 1438 837 1481; x_wconf 84' lang='lat' dir='ltr'>coepta</span> <span class='ocrx_word' id='word_1_146' title='bbox 856 1431 1005 1468; x_wconf 88' lang='lat' dir='ltr'>obsidio</span> <span class='ocrx_word' id='word_1_147' title='bbox 1022 1432 1163 1468; x_wconf 84' lang='lat' dir='ltr'>omissa</span> <span class='ocrx_word' id='word_1_148' title='bbox 1182 1431 1229 1467; x_wconf 86' lang='lat' dir='ltr'>ab</span> <span class='ocrx_word' id='word_1_149' title='bbox 1245 1431 1432 1467; x_wconf 87' lang='lat' dir='ltr'>Romanis</span> 
     </span>
     <span class='ocr_line' id='line_1_23' title="bbox 322 1494 1292 1545; baseline 0 -14"><span class='ocrx_word' id='word_1_150' title='bbox 322 1502 392 1539; x_wconf 81' lang='lat' dir='ltr'>est,</span> <span class='ocrx_word' id='word_1_151' title='bbox 414 1502 452 1531; x_wconf 84' lang='lat' dir='ltr'>ct</span> <span class='ocrx_word' id='word_1_152' title='bbox 469 1496 508 1531; x_wconf 88' lang='lat' dir='ltr'>in</span> <span class='ocrx_word' id='word_1_153' title='bbox 530 1495 651 1545; x_wconf 85' lang='lat' dir='ltr'>ipsum</span> <span class='ocrx_word' id='word_1_154' title='bbox 673 1494 953 1531; x_wconf 84' lang='lat' dir='ltr'>Hasdrubalem</span> <span class='ocrx_word' id='word_1_155' title='bbox 972 1509 1120 1531; x_wconf 83' lang='lat' dir='ltr'>versum</span> <span class='ocrx_word' id='word_1_156' title='bbox 1139 1495 1292 1531; x_wconf 88' lang='lat' dir='ltr'>bellum.</span> 
     </span>
     <span class='ocr_line' id='line_1_24' title="bbox 377 1559 1436 1608; baseline -0.001 -12"><span class='ocrx_word' id='word_1_157' title='bbox 377 1560 536 1597; x_wconf 83' lang='lat' dir='ltr'>XXIX.</span> <span class='ocrx_word' id='word_1_158' title='bbox 566 1560 744 1608; x_wconf 84' lang='lat' dir='ltr'>Quinque</span> <span class='ocrx_word' id='word_1_159' title='bbox 764 1559 923 1595; x_wconf 81' lang='lat' dir='ltr'>millium</span> <span class='ocrx_word' id='word_1_160' title='bbox 938 1559 1136 1596; x_wconf 82' lang='lat' dir='ltr'>intervallo</span> <span class='ocrx_word' id='word_1_161' title='bbox 1157 1566 1279 1595; x_wconf 85' lang='lat' dir='ltr'>castra</span> <span class='ocrx_word' id='word_1_162' title='bbox 1294 1559 1436 1596; x_wconf 87' lang='lat' dir='ltr'>distan-</span> 
     </span>
     <span class='ocr_line' id='line_1_25' title="bbox 326 1622 1437 1673; baseline -0.002 -13"><span class='ocrx_word' id='word_1_163' title='bbox 326 1625 381 1660; x_wconf 88' lang='lat' dir='ltr'>tia</span> <span class='ocrx_word' id='word_1_164' title='bbox 403 1624 570 1660; x_wconf 78' lang='lat' dir='ltr'>habuere</span> <span class='ocrx_word' id='word_1_165' title='bbox 600 1635 740 1673; x_wconf 84' lang='lat' dir='ltr'>paucos</span> <span class='ocrx_word' id='word_1_166' title='bbox 761 1623 862 1659; x_wconf 83' lang='lat' dir='ltr'>dies:</span> <span class='ocrx_word' id='word_1_167' title='bbox 895 1636 965 1659; x_wconf 90' lang='lat' dir='ltr'>nec</span> <span class='ocrx_word' id='word_1_168' title='bbox 996 1624 1077 1660; x_wconf 85' lang='lat' dir='ltr'>sine</span> <span class='ocrx_word' id='word_1_169' title='bbox 1105 1622 1249 1659; x_wconf 86' lang='lat' dir='ltr'>levibus</span> <span class='ocrx_word' id='word_1_170' title='bbox 1279 1622 1437 1672; x_wconf 85' lang='lat' dir='ltr'>proeliis,</span> 
     </span>
    </p>
   </div>
   <div class='ocr_carea' id='block_1_9' title="bbox 137 1687 1440 1738">
    <p class='ocr_par' dir='ltr' id='par_1_9' title="bbox 137 1687 1440 1738">
     <span class='ocr_line' id='line_1_26' title="bbox 137 1687 1440 1738; baseline -0.002 -13"><span class='ocrx_word' id='word_1_171' title='bbox 137 1701 246 1738; x_wconf 71' lang='lat' dir='ltr'>Pugna</span> <span class='ocrx_word' id='word_1_172' title='bbox 260 1697 307 1725; x_wconf 76' lang='lat' dir='ltr'>m-</span> <span class='ocrx_word' id='word_1_173' title='bbox 328 1702 398 1724; x_wconf 86' lang='lat' dir='ltr'>nec</span> <span class='ocrx_word' id='word_1_174' title='bbox 420 1696 461 1724; x_wconf 87' lang='lat' dir='ltr'>ut</span> <span class='ocrx_word' id='word_1_175' title='bbox 480 1690 519 1724; x_wconf 89' lang='lat' dir='ltr'>in</span> <span class='ocrx_word' id='word_1_176' title='bbox 540 1689 658 1724; x_wconf 80' lang='lat' dir='ltr'>aciem</span> <span class='ocrx_word' id='word_1_177' title='bbox 680 1687 849 1723; x_wconf 84' lang='lat' dir='ltr'>exirent:</span> <span class='ocrx_word' id='word_1_178' title='bbox 882 1688 1035 1723; x_wconf 84' lang='lat' dir='ltr'>tandem</span> <span class='ocrx_word' id='word_1_179' title='bbox 1056 1700 1133 1723; x_wconf 88' lang='lat' dir='ltr'>uno</span> <span class='ocrx_word' id='word_1_180' title='bbox 1153 1687 1361 1735; x_wconf 83' lang='lat' dir='ltr'>eodemque</span> <span class='ocrx_word' id='word_1_181' title='bbox 1380 1687 1440 1722; x_wconf 85' lang='lat' dir='ltr'>die</span> 
     </span>
    </p>
   </div>
   <div class='ocr_carea' id='block_1_10' title="bbox 135 1744 1441 1802">
    <p class='ocr_par' dir='ltr' id='par_1_10' title="bbox 135 1744 1441 1802">
     <span class='ocr_line' id='line_1_27' title="bbox 135 1744 1441 1802; baseline -0.002 -14"><span class='ocrx_word' id='word_1_182' title='bbox 135 1752 179 1773; x_wconf 65' lang='lat'>“³¹</span> <span class='ocrx_word' id='word_1_183' title='bbox 196 1744 316 1779; x_wconf 43' lang='lat'>509¹&amp;</span> <span class='ocrx_word' id='word_1_184' title='bbox 329 1753 433 1789; x_wconf 69' lang='lat' dir='ltr'>velut</span> <span class='ocrx_word' id='word_1_185' title='bbox 453 1766 498 1788; x_wconf 77' lang='lat' dir='ltr'>ex</span> <span class='ocrx_word' id='word_1_186' title='bbox 518 1752 732 1802; x_wconf 88' lang='lat' dir='ltr'>composito</span> <span class='ocrx_word' id='word_1_187' title='bbox 759 1751 946 1799; x_wconf 85' lang='lat' dir='ltr'>utrimque</span> <span class='ocrx_word' id='word_1_188' title='bbox 967 1751 1117 1799; x_wconf 85' lang='lat' dir='ltr'>signum</span> <span class='ocrx_word' id='word_1_189' title='bbox 1137 1762 1272 1800; x_wconf 85' lang='lat' dir='ltr'>pugnae</span> <span class='ocrx_word' id='word_1_190' title='bbox 1300 1763 1441 1799; x_wconf 89' lang='lat' dir='ltr'>propo-</span> 
     </span>
    </p>
   </div>
   <div class='ocr_carea' id='block_1_11' title="bbox 134 1793 282 1903">
    <p class='ocr_par' dir='ltr' id='par_1_11' title="bbox 134 1793 282 1903">
     <span class='ocr_line' id='line_1_28' title="bbox 134 1793 237 1815; baseline -0.01 0"><span class='ocrx_word' id='word_1_191' title='bbox 134 1796 189 1815; x_wconf 81' lang='lat' dir='ltr'>nes</span> <span class='ocrx_word' id='word_1_192' title='bbox 207 1793 237 1815; x_wconf 81' lang='lat' dir='ltr'>et</span> 
     </span>
     <span class='ocr_line' id='line_1_29' title="bbox 139 1829 282 1858; baseline -0.014 0"><span class='ocrx_word' id='word_1_193' title='bbox 139 1829 282 1858; x_wconf 81' lang='lat' dir='ltr'>Hasdru-</span> 
     </span>
     <span class='ocr_line' id='line_1_30' title="bbox 137 1873 257 1903; baseline -0.025 0"><span class='ocrx_word' id='word_1_194' title='bbox 137 1873 257 1903; x_wconf 81' lang='lat' dir='ltr'>balem.</span> 
     </span>
    </p>
   </div>
   <div class='ocr_carea' id='block_1_12' title="bbox 332 1813 1452 2379">
    <p class='ocr_par' dir='ltr' id='par_1_12' title="bbox 332 1813 1452 2379">
     <span class='ocr_line' id='line_1_31' title="bbox 332 1813 1441 1864; baseline -0.003 -12"><span class='ocrx_word' id='word_1_195' title='bbox 332 1818 446 1853; x_wconf 87' lang='lat' dir='ltr'>situm</span> <span class='ocrx_word' id='word_1_196' title='bbox 467 1822 536 1859; x_wconf 86' lang='lat' dir='ltr'>est,</span> <span class='ocrx_word' id='word_1_197' title='bbox 559 1822 672 1863; x_wconf 87' lang='lat' dir='ltr'>atque</span> <span class='ocrx_word' id='word_1_198' title='bbox 692 1814 866 1851; x_wconf 89' lang='lat' dir='ltr'>omnibus</span> <span class='ocrx_word' id='word_1_199' title='bbox 888 1814 1006 1864; x_wconf 89' lang='lat' dir='ltr'>copiis</span> <span class='ocrx_word' id='word_1_200' title='bbox 1032 1814 1072 1849; x_wconf 91' lang='lat' dir='ltr'>in</span> <span class='ocrx_word' id='word_1_201' title='bbox 1092 1826 1267 1864; x_wconf 88' lang='lat' dir='ltr'>campum</span> <span class='ocrx_word' id='word_1_202' title='bbox 1286 1813 1441 1850; x_wconf 88' lang='lat' dir='ltr'>descen-</span> 
     </span>
     <span class='ocr_line' id='line_1_32' title="bbox 334 1877 1444 1930; baseline -0.005 -13"><span class='ocrx_word' id='word_1_203' title='bbox 334 1894 428 1917; x_wconf 89' lang='lat' dir='ltr'>sum.</span> <span class='ocrx_word' id='word_1_204' title='bbox 485 1879 640 1930; x_wconf 85' lang='lat' dir='ltr'>Triplex</span> <span class='ocrx_word' id='word_1_205' title='bbox 672 1880 778 1915; x_wconf 87' lang='lat' dir='ltr'>stetit</span> <span class='ocrx_word' id='word_1_206' title='bbox 809 1878 988 1915; x_wconf 85' lang='lat' dir='ltr'>Romana</span> <span class='ocrx_word' id='word_1_207' title='bbox 1017 1878 1138 1914; x_wconf 80' lang='lat' dir='ltr'>acies:</span> <span class='ocrx_word' id='word_1_208' title='bbox 1171 1877 1326 1913; x_wconf 84' lang='lat' dir='ltr'>velitum</span> <span class='ocrx_word' id='word_1_209' title='bbox 1358 1889 1444 1927; x_wconf 86' lang='lat' dir='ltr'>pars</span> 
     </span>
     <span class='ocr_line' id='line_1_33' title="bbox 334 1942 1445 1992; baseline -0.005 -11"><span class='ocrx_word' id='word_1_210' title='bbox 334 1946 433 1981; x_wconf 85' lang='lat' dir='ltr'>inter</span> <span class='ocrx_word' id='word_1_211' title='bbox 459 1944 729 1992; x_wconf 83' lang='lat' dir='ltr'>antesignanos</span> <span class='ocrx_word' id='word_1_212' title='bbox 753 1942 892 1985; x_wconf 89' lang='lat' dir='ltr'>locata,</span> <span class='ocrx_word' id='word_1_213' title='bbox 914 1954 999 1992; x_wconf 86' lang='lat' dir='ltr'>pars</span> <span class='ocrx_word' id='word_1_214' title='bbox 1025 1948 1113 1991; x_wconf 92' lang='lat' dir='ltr'>post</span> <span class='ocrx_word' id='word_1_215' title='bbox 1142 1942 1251 1990; x_wconf 88' lang='lat' dir='ltr'>signa</span> <span class='ocrx_word' id='word_1_216' title='bbox 1275 1946 1445 1992; x_wconf 85' lang='lat' dir='ltr'>accepta,</span> 
     </span>
     <span class='ocr_line' id='line_1_34' title="bbox 335 2005 1446 2058; baseline -0.005 -13"><span class='ocrx_word' id='word_1_217' title='bbox 335 2010 480 2058; x_wconf 86' lang='lat' dir='ltr'>equites</span> <span class='ocrx_word' id='word_1_218' title='bbox 507 2021 650 2044; x_wconf 84' lang='lat' dir='ltr'>cornua</span> <span class='ocrx_word' id='word_1_219' title='bbox 671 2008 833 2043; x_wconf 86' lang='lat' dir='ltr'>cinxere.</span> <span class='ocrx_word' id='word_1_220' title='bbox 891 2005 1109 2042; x_wconf 89' lang='lat' dir='ltr'>Hasdrubal</span> <span class='ocrx_word' id='word_1_221' title='bbox 1137 2006 1298 2042; x_wconf 89' lang='lat' dir='ltr'>mediam</span> <span class='ocrx_word' id='word_1_222' title='bbox 1327 2006 1446 2041; x_wconf 88' lang='lat' dir='ltr'>aciem</span> 
     </span>
     <span class='ocr_line' id='line_1_35' title="bbox 337 2068 1447 2123; baseline -0.004 -15"><span class='ocrx_word' id='word_1_223' title='bbox 337 2073 521 2123; x_wconf 88' lang='lat' dir='ltr'>Hispanis</span> <span class='ocrx_word' id='word_1_224' title='bbox 542 2072 687 2108; x_wconf 83' lang='lat' dir='ltr'>firmat:</span> <span class='ocrx_word' id='word_1_225' title='bbox 721 2071 758 2106; x_wconf 85' lang='lat' dir='ltr'>in</span> <span class='ocrx_word' id='word_1_226' title='bbox 787 2070 979 2112; x_wconf 85' lang='lat' dir='ltr'>cornibus,</span> <span class='ocrx_word' id='word_1_227' title='bbox 1006 2070 1140 2105; x_wconf 87' lang='lat' dir='ltr'>dextro</span> <span class='ocrx_word' id='word_1_228' title='bbox 1159 2069 1300 2105; x_wconf 85' lang='lat' dir='ltr'>Poenos</span> <span class='ocrx_word' id='word_1_229' title='bbox 1331 2068 1447 2111; x_wconf 88' lang='lat' dir='ltr'>locat,</span> 
     </span>
     <span class='ocr_line' id='line_1_36' title="bbox 336 2132 1448 2183; baseline -0.004 -10"><span class='ocrx_word' id='word_1_230' title='bbox 336 2137 432 2174; x_wconf 59' lang='lat' dir='ltr'>laevo</span> <span class='ocrx_word' id='word_1_231' title='bbox 452 2136 566 2173; x_wconf 82' lang='lat' dir='ltr'>Afros</span> <span class='ocrx_word' id='word_1_232' title='bbox 583 2136 977 2183; x_wconf 78' lang='lat' dir='ltr'>mercenariorumque</span> <span class='ocrx_word' id='word_1_233' title='bbox 996 2133 1157 2170; x_wconf 85' lang='lat' dir='ltr'>auxilia:</span> <span class='ocrx_word' id='word_1_234' title='bbox 1181 2134 1349 2182; x_wconf 86' lang='lat' dir='ltr'>equitum</span> <span class='ocrx_word' id='word_1_235' title='bbox 1365 2132 1448 2169; x_wconf 83' lang='lat' dir='ltr'>Nu-</span> 
     </span>
     <span class='ocr_line' id='line_1_37' title="bbox 340 2197 1451 2250; baseline -0.005 -12"><span class='ocrx_word' id='word_1_236' title='bbox 340 2203 457 2239; x_wconf 87' lang='lat' dir='ltr'>midas</span> <span class='ocrx_word' id='word_1_237' title='bbox 477 2201 685 2237; x_wconf 85' lang='lat' dir='ltr'>Poeuorum</span> <span class='ocrx_word' id='word_1_238' title='bbox 711 2199 916 2250; x_wconf 81' lang='lat' dir='ltr'>peditibuS,</span> <span class='ocrx_word' id='word_1_239' title='bbox 937 2204 1081 2235; x_wconf 86' lang='lat' dir='ltr'>ceteros</span> <span class='ocrx_word' id='word_1_240' title='bbox 1102 2197 1203 2234; x_wconf 87' lang='lat' dir='ltr'>Afris</span> <span class='ocrx_word' id='word_1_241' title='bbox 1230 2210 1299 2247; x_wconf 89' lang='lat' dir='ltr'>pro</span> <span class='ocrx_word' id='word_1_242' title='bbox 1326 2198 1451 2233; x_wconf 89' lang='lat' dir='ltr'>corni-</span> 
     </span>
     <span class='ocr_line' id='line_1_38' title="bbox 339 2261 1452 2315; baseline -0.005 -12"><span class='ocrx_word' id='word_1_243' title='bbox 339 2268 410 2303; x_wconf 88' lang='lat' dir='ltr'>bus</span> <span class='ocrx_word' id='word_1_244' title='bbox 431 2265 616 2315; x_wconf 85' lang='lat' dir='ltr'>obponit:</span> <span class='ocrx_word' id='word_1_245' title='bbox 649 2278 718 2301; x_wconf 88' lang='lat' dir='ltr'>nec</span> <span class='ocrx_word' id='word_1_246' title='bbox 748 2277 879 2301; x_wconf 89' lang='lat' dir='ltr'>omnes</span> <span class='ocrx_word' id='word_1_247' title='bbox 899 2262 1076 2300; x_wconf 83' lang='lat' dir='ltr'>Numidae</span> <span class='ocrx_word' id='word_1_248' title='bbox 1106 2263 1144 2298; x_wconf 92' lang='lat' dir='ltr'>in</span> <span class='ocrx_word' id='word_1_249' title='bbox 1171 2262 1306 2297; x_wconf 86' lang='lat' dir='ltr'>dextro</span> <span class='ocrx_word' id='word_1_250' title='bbox 1335 2261 1452 2298; x_wconf 89' lang='lat' dir='ltr'>locati</span> 
     </span>
     <span class='ocr_line' id='line_1_39' title="bbox 343 2326 1450 2379; baseline -0.005 -12"><span class='ocrx_word' id='word_1_251' title='bbox 343 2345 476 2374; x_wconf 84' lang='lat' dir='ltr'>cornu,</span> <span class='ocrx_word' id='word_1_252' title='bbox 498 2330 562 2367; x_wconf 88' lang='lat' dir='ltr'>sed</span> <span class='ocrx_word' id='word_1_253' title='bbox 583 2329 733 2379; x_wconf 84' lang='lat' dir='ltr'>quibus,</span> <span class='ocrx_word' id='word_1_254' title='bbox 751 2328 985 2366; x_wconf 86' lang='lat' dir='ltr'>desultorum</span> <span class='ocrx_word' id='word_1_255' title='bbox 1000 2328 1040 2363; x_wconf 89' lang='lat' dir='ltr'>in</span> <span class='ocrx_word' id='word_1_256' title='bbox 1059 2326 1225 2368; x_wconf 85' lang='lat' dir='ltr'>modum,</span> <span class='ocrx_word' id='word_1_257' title='bbox 1241 2326 1353 2362; x_wconf 86' lang='lat' dir='ltr'>binos</span> <span class='ocrx_word' id='word_1_258' title='bbox 1373 2331 1450 2361; x_wconf 83' lang='lat' dir='ltr'>tra-</span> 
     </span>
    </p>
   </div>
  </div>
 </body>
</html>
