1527 2661
288 176 374 230 516
750 192 795 222 T.
819 194 950 223 mvn

99 279 190 311 U.C.
207 288 413 327 541.neque
436 279 476 316 in
502 287 673 318 senatum
695 283 780 331 cogi
800 290 1000 333 poterant:
1033 285 1072 321 in
1092 285 1315 334 magIStratu
1334 295 1403 321 au-

101 324 139 353 Α·
152 324 191 354 C·
204 332 278 356 21¹¹
291 348 368 378 tem
385 351 478 387 erat,
497 346 559 393 qni
578 358 655 381 non
677 346 749 383 sibi
767 347 953 384 honorem
968 348 1180 398 adjecisset,
1195 348 1260 384 sed
1278 348 1402 396 indig-

290 407 411 444 nitate
444 421 511 444 sua
542 410 617 445 vim
648 422 691 446 ac
716 408 781 459 jus
812 412 1063 460 magistratui,
1094 425 1203 461 quem
1233 411 1404 461 gerebat,

290 472 497 509 delusisset.
527 473 614 509 Jam
634 486 682 510 ne
701 475 739 510 in
760 473 846 510 foro
863 475 1027 523 quidem,
1045 482 1109 511 aut
1128 475 1281 526 publico
1301 475 1403 518 loco,

289 538 501 588 principum
539 539 736 589 quisquam
773 539 977 590 adparebat
1000 555 1006 576 :
1058 539 1231 576 domibus
1268 539 1404 575 inclusi

288 603 419 651 patriae
450 616 625 639 occasum
659 617 743 640 cum
774 617 843 640 suo
876 605 993 640 exitio
1026 604 1065 641 in
1098 604 1176 641 dies
1206 609 1403 654 exspecta-

98 669 209 699 Literae
286 664 380 702 bant
398 681 404 701 :
439 680 583 704 summa
603 681 700 704 curae
721 669 842 704 omnis
867 669 904 704 in
925 668 1126 704 Bostarem
1148 668 1401 704 Hannonem-

96 712 232 745 Bostaris
245 723 274 746 et

94 754 266 789 Hannonis

94 799 132 827 ad
148 799 273 833 Hanni·
286 795 490 839 sociorum,
526 797 695 846 periculo
728 796 924 833 sollicitos.
992 796 1060 839 Hi,
1097 796 1318 846 conscriptis
1352 795 1399 832 ad

95 840 211 876 belem,
285 852 544 896 Hannibalem
570 860 702 903 literis,
724 874 801 896 non
828 860 944 896 libere
970 861 1098 903 modo,
1121 852 1185 896 sed
1204 860 1317 896 etiam
1337 872 1396 896 as-

282 936 385 973 pere,
406 924 556 974 quibus,
578 938 647 962 non
670 926 829 974 Capuam
849 927 962 961 solam
989 926 1162 961 traditam
1191 926 1226 960 in
1252 937 1401 961 manum

286 742 357 778 que
386 729 585 780 praefectos
615 732 778 781 praesidii
809 732 943 768 Punici
967 745 1075 768 versa
1099 738 1193 775 erat,
1218 744 1300 774 suo,
1321 743 1401 767 non

282 989 450 1032 hostibus,
470 992 532 1026 sed
548 1003 583 1026 se
602 1003 739 1039 quoque
758 996 793 1026 et
810 992 1015 1038 praesidizcm
1034 991 1071 1025 in>
1090 1001 1207 1025 omnes
1222 991 1398 1025 cruciatus

275 1054 453 1101 proditos,
484 1054 734 1090 incusabant:
772 1055 896 1090 obiisse
923 1066 1001 1089 eum
1032 1055 1067 1088 in
1098 1053 1272 1094 Bruttios,
1302 1054 1398 1089 velut

279 1122 493 1153 avertentem
512 1130 597 1160 sese,
617 1130 661 1154 ne
682 1118 808 1166 Capua
828 1120 864 1153 in
883 1119 993 1153 oculis
1012 1116 1083 1163 ejus
1102 1121 1290 1172 caperetur
1304 1133 1316 1152 .·
1342 1121 1396 1158 at,

278 1180 448 1224 Hercule,
471 1181 652 1218 Romanos
679 1195 723 1217 ne
751 1182 1010 1230 obpugnatione
1034 1182 1176 1229 quidem
1202 1180 1294 1215 urbis
1320 1180 1394 1216 Ro-

279 1256 395 1281 mame
426 1246 586 1282 abstrahi
617 1247 660 1282 ab
694 1247 819 1294 Capua
851 1246 1043 1281 obsidenda
1068 1246 1224 1293 potuisse
1240 1260 1251 1279 .·
1293 1249 1397 1279 tanto

280 1312 555 1347 constantiorem
576 1313 756 1347 inimicum
776 1311 993 1352 Romanum,
1011 1322 1117 1357 quom·
1137 1311 1292 1345 amimnn
1311 1309 1394 1344 Pae-

279 1385 364 1409 num
382 1386 463 1411 esse.
523 1375 565 1410 Si
583 1377 705 1411 redeat
728 1375 904 1423 Capuam,
922 1375 1118 1421 bellumque
1137 1385 1239 1409 omne
1257 1385 1296 1409 eo
1315 1385 1391 1409 ver-

279 1443 347 1481 tat,
374 1444 409 1474 et
432 1452 468 1475 se
493 1445 529 1475 et
555 1440 756 1488 Campanos
783 1444 933 1488 paratos
957 1440 1135 1486 eruptioni
1152 1437 1252 1486 fore.
1309 1438 1393 1474 Non

277 1515 356 1539 cum
376 1503 561 1552 Rheginis‚
583 1517 694 1552 neque
719 1505 920 1540 Tarentinis
942 1504 1072 1539 bellum
1096 1508 1257 1550 gesturos
1275 1507 1391 1538 trans-

275 1569 340 1602 isse
359 1568 469 1615 Alpes
485 1584 496 1603 .·
529 1568 587 1603 ubi
607 1568 780 1604 Romame
799 1568 949 1615 legiones
966 1568 1049 1609 sint,
1071 1567 1119 1602 ibi
1137 1572 1171 1602 et
1190 1566 1391 1614 Karthagi-

275 1633 449 1668 niensium
474 1635 646 1668 exercitus
665 1633 786 1668 debere
804 1644 885 1668 esse.
943 1632 1005 1668 Sic
1029 1634 1077 1667 ad
1104 1632 1256 1673 Cannas,
1276 1633 1326 1667 sic
1345 1633 1393 1667 ad

282 1696 526 1731 Trasimenum
559 1709 631 1732 rem
664 1697 746 1732 bene
776 1701 941 1744 gestam‚·
975 1697 1142 1738 coenredo,
1178 1694 1392 1743 conferendo

275 1771 354 1794 eum
383 1759 481 1796 hoste
506 1765 636 1802 castra,
656 1760 853 1809 fortunam
880 1761 1059 1796 tentando.
1117 1759 1163 1795 In
1185 1759 1284 1794 hanc
1303 1771 1389 1794 scn-

277 1825 434 1859 tentiam
464 1824 580 1860 literae
611 1826 834 1875 conscriptae
864 1825 1055 1868 Numidis,
1075 1824 1272 1874 proposita
1290 1836 1388 1859 mer—

275 1888 364 1924 cede
377 1887 458 1937 jam
479 1889 658 1939 professis
675 1903 842 1940 operam,
860 1890 1008 1926 dantur.
1046 1888 1100 1924 Hi
1121 1888 1244 1937 specie
1262 1894 1386 1924 trans-

273 1952 449 2000 fugarum
479 1966 593 2001 quum
623 1953 670 1990 ad
697 1953 876 1990 Flaccum
905 1954 944 1990 in
971 1959 1094 1989 castra
1118 1953 1322 1995 venissent,
1345 1958 1386 1987 ut

273 2016 361 2051 inde
380 2023 550 2067 tempore
571 2024 684 2067 capto
704 2018 875 2062 abirent3
899 2016 1105 2066 famesque,
1123 2029 1205 2065 quae
1224 2022 1302 2052 tam
1323 2016 1388 2052 diu

275 2079 414 2129 Capuae
438 2087 532 2123 erat,
553 2080 647 2116 nulli
676 2094 753 2117 non
783 2080 1019 2132 probabilem
1049 2092 1219 2116 caussam
1247 2079 1384 2115 transi-

273 2144 388 2180 tionis
409 2144 564 2187 faceret,
581 2145 714 2181 mulier
733 2152 888 2196 repente
909 2145 1103 2194 Campana
1123 2145 1161 2179 in
1181 2149 1302 2179 castra
1321 2155 1385 2178 ve-

270 2208 343 2250 nit,
365 2214 530 2244 scortum
550 2208 830 2257 transfugarum
856 2210 991 2253 unius5
1024 2208 1238 2255 indicatque
1264 2206 1384 2256 impe-

272 2272 389 2308 ratori
417 2272 610 2316 Romano,
641 2273 827 2309 Numidas
862 2273 992 2309 fraude
1021 2271 1233 2322 composita
1256 2276 1381 2306 trans-

271 2336 357 2380 isse,
388 2336 590 2388 literasque
618 2337 665 2374 ad
693 2336 949 2374 Hannibalem
975 2336 1099 2374 ferre:
1131 2335 1169 2372 id
1196 2346 1384 2371 unumex
