1527 2661
292 178 367 219 186
753 192 797 219 T.
823 191 954 220 mvn

93 275 184 307 U·C·
203 283 274 308 ⁵³⁴·
288 281 357 312 tem
376 278 509 313 itineris
532 289 706 313 emensam
733 282 890 320 cernant,
913 278 1120 325 Pyrenaeum
1138 279 1271 313 saltum
1296 278 1387 313 inter

94 320 131 349 A*
145 318 183 349 C'
200 326 274 351 ⁹¹8'
274 337 518 389 ferocissimas
531 344 651 386 gentes
667 345 886 387 superatum,
903 341 1134 383 Rhodanum,
1153 345 1291 376 tantum
1309 352 1386 375 am-

284 415 378 445 nem,
396 408 448 438 tot
464 403 616 438 millibus
635 404 824 438 Gallorum
836 403 1111 450 prohibentibus,
1128 404 1263 439 domita
1280 404 1389 437 etiam

288 468 394 514 ipsius
407 467 573 515 fluminis
600 468 646 508 vi,
679 466 877 512 trajectum,
908 468 945 501 in
973 471 1158 513 conspectu
1186 467 1294 513 Alpes
1322 465 1387 500 hu-

286 530 403 571 beant,
424 541 574 576 quarum
601 530 754 564 alterum
776 530 870 564 latus
889 529 1008 564 Italiae
1023 531 1071 564 sit
1080 545 1093 572 ‚-
1122 531 1159 564 in
1176 530 1260 576 ipsis
1274 529 1390 576 portis

287 593 437 628 hostium
447 591 631 640 fatigatos
654 593 847 634 subsistere,
869 594 955 639 quid
975 593 1083 640 Alpes
1107 593 1208 628 aliud
1225 603 1296 627 esse
1314 602 1389 626 cre·

288 656 419 696 dentes,
441 668 548 703 quam
572 657 744 691 montium
769 657 1011 691 altitudines?
1038 656 1072 691 F
1074 657 1230 702 ingerent
1248 655 1391 690 altimus

288 719 451 766 Pyrenaei
469 718 594 766 jugis:
622 720 740 754 nullas
764 719 927 767 profecto
960 725 1073 754 terras
1100 721 1223 755 coelum
1252 716 1390 754 contin·

284 794 379 829 gere,
409 794 470 817 nec
497 783 790 829 inexsuperabiles
818 783 972 818 humano
997 784 1119 830 generi
1146 793 1227 818 esse.
1281 781 1392 828 Alpes

287 846 430 893 quidem
458 845 624 887 habitari,
644 847 724 887 coli,
743 847 886 892 gignere
911 852 1018 894 atque
1046 848 1143 882 alere
1170 847 1368 882 animantes
1380 858 1393 879 .-

284 909 425 955 pervias
449 910 574 955 paucis
592 920 675 949 esse,
705 909 911 944 exercitibus
938 910 1083 944 invias?
1111 920 1167 944 eos
1184 910 1287 956 ipsos,
1308 917 1394 954 quos

287 975 446 1012 cernant,
469 972 601 1018 legatos
618 983 687 1006 non
703 973 829 1018 pennis
853 972 998 1007 sublime
1017 974 1129 1008 elatos
1146 973 1257 1019 Alpes
1276 975 1392 1006 trans-

283 1045 442 1081 gressos:
470 1046 512 1069 ne
530 1033 680 1078 majores
699 1036 838 1081 quidem
867 1047 987 1071 eorum
1013 1037 1223 1082 indigenas,·
1250 1034 1310 1069 sed
1327 1033 1393 1069 ad-

285 1107 392 1131 venas
411 1096 530 1132 Italiae
556 1098 719 1139 cultores,
740 1098 804 1133 has
831 1099 925 1144 ipsas
944 1099 1053 1145 Alpes
1079 1097 1275 1144 ingentibus
1301 1106 1394 1142 saepe

287 1159 486 1205 agminibus
500 1172 575 1194 cum
598 1161 713 1196 liberis
728 1173 771 1196 ac
790 1160 1004 1208 conjugibus,
1021 1162 1255 1208 migrantium
1272 1159 1390 1200 modo,

288 1226 365 1256 tuto
385 1224 626 1257 transmisisse.
684 1223 801 1258 Militi
819 1225 957 1271 quidem
986 1228 1139 1265 armato,
1160 1222 1252 1258 nihil
1275 1232 1392 1257 secum

280 1289 414 1331 praeter
442 1287 676 1321 instrumenta
696 1286 779 1321 belli
795 1288 970 1333 portanti,
992 1287 1077 1334 quid
1102 1287 1236 1321 invium
1258 1289 1323 1320 aut
1337 1285 1393 1319 in·-

285 1348 523 1395 exsuperabile
551 1351 655 1384 esse.9
690 1350 891 1396 Saguntum
920 1355 961 1386 ut
988 1354 1187 1398 caperetur,
1217 1349 1304 1396 quid
1327 1359 1394 1396 per

285 1414 364 1445 octo
400 1423 531 1446 menses
562 1413 728 1459 periculi,
769 1414 854 1460 quid
890 1413 1017 1448 laboris
1048 1413 1257 1448 exhaustum
1291 1411 1395 1446 esse?

285 1473 454 1516 Romam,
484 1476 574 1511 orbis
604 1481 777 1511 terrarum
815 1482 936 1524 caput,
974 1477 1172 1524 petentibus
1201 1476 1393 1524 quidquam

284 1538 375 1573 adeo
404 1551 565 1586 asperum
598 1544 706 1587 atque
742 1541 896 1575 arduum
928 1542 1053 1582 videri,
1084 1541 1179 1588 quod
1214 1541 1394 1586 inceptum

283 1607 442 1637 moretur
458 1604 479 1638 ,9
508 1603 646 1651 Cepisse
663 1605 839 1651 quondam
865 1605 988 1640 Gallos
1012 1616 1068 1645 ea,
1089 1615 1165 1651 quae
1183 1604 1279 1638 adiri
1296 1612 1396 1649 posse

286 1665 415 1700 Poenus
449 1668 630 1714 desperet:
659 1669 810 1715 proinde
845 1673 909 1703 aut
945 1668 1107 1703 cederent
1135 1668 1254 1702 animo
1288 1669 1399 1712 atque

285 1728 417 1763 virtute
432 1731 542 1775 genti,
567 1742 634 1777 per
659 1742 716 1765 eos
742 1731 814 1765 dies
839 1732 942 1766 toties
966 1730 1008 1765 ab
1033 1742 1068 1765 se
1093 1731 1218 1765 victae:
1246 1733 1311 1763 aut
1329 1728 1392 1763 iti-

285 1793 378 1826 neris
396 1792 511 1840 finem
538 1799 679 1840 sperent
708 1806 873 1840 campum
902 1792 1164 1839 interjacentem
1198 1792 1314 1827 Tiberi
1349 1803 1394 1826 ac

287 1855 453 1890 moenibus
472 1855 655 1892 Romanis.

96 1928 245 1958 Mediter-
340 1916 498 1954 XXXI.
536 1919 608 1954 His
647 1920 973 1956 adhortationibus
1018 1920 1195 1954 incitatos
1233 1931 1392 1968 corpora

95 1970 275 2053 ἷὲἓῑῖξῗέ·
287 1991 431 2021 curare,
452 1987 564 2028 atque
584 1982 630 2017 ad
659 1983 730 2017 iter
747 1995 786 2018 se
812 1995 942 2032 parare
955 1981 1079 2030 jubet.
1137 1981 1296 2016 Postero
1316 1981 1389 2023 die,

238 2037 245 2044 ’
287 2042 478 2091 profectus
502 2044 657 2080 adversa
682 2046 763 2094 ripa
783 2045 974 2087 Rhodani,
1006 2044 1280 2080 mediterranea
1299 2043 1389 2078 Gal-

288 2104 346 2140 liae
366 2106 483 2154 petit:
516 2120 593 2142 non
613 2110 701 2155 quia
728 2111 866 2144 rectior
885 2108 932 2144 ad
951 2107 1065 2157 Alpes
1095 2108 1155 2142 via
1180 2113 1290 2149 esset,
1312 2107 1390 2148 sed,

289 2174 471 2216 quantum
490 2182 511 2204 a
531 2171 623 2205 mari
644 2172 870 2214 recessisset,
892 2172 1014 2206 minus
1035 2171 1188 2206 obvium
1206 2170 1288 2205 fore
1308 2169 1389 2205 Ro-

290 2243 441 2266 manum
479 2232 653 2268 credens:
687 2246 770 2269 cum
809 2247 897 2281 quo,
927 2234 1143 2283 priusquam
1172 2233 1210 2267 in
1240 2231 1390 2267 Italiam

290 2300 443 2329 ventum
461 2292 573 2338 foret,
602 2308 681 2331 non
701 2303 781 2332 erat
800 2297 839 2333 in
868 2298 994 2333 animo
1023 2308 1154 2333 manus
1184 2306 1391 2331 conserere.
