1527 2661
85 282 177 313 U.C.
196 292 270 318 459.

87 327 126 357 A.
140 325 177 357 C.
195 335 268 363 293.

95 1072 187 1109 {sque

92 1117 174 1143 ictus
190 1113 254 1153 pilo

95 1158 188 1187 cadit.

281 195 361 238 132
735 195 782 224 T.
807 195 940 224 mvn

282 283 363 319 nis:
397 283 476 332 qui,
506 295 585 319 rem
614 283 716 321 haud
745 285 996 334 spernendam
1035 287 1121 330 rati,
1154 287 1218 337 Sp.
1239 287 1394 338 Papirio

281 348 408 384 fratris
438 347 517 384 filio
551 348 732 392 consulis,
759 350 900 400 ambigi
924 351 970 388 de
1001 352 1186 401 auspicio,
1217 352 1395 389 renunci-

283 420 453 450 averunt.
490 414 663 457 Juvenis,
685 422 773 451 ante
793 416 1007 452 doctrinam
1027 416 1132 452 Deos
1154 422 1397 466 spernentem

282 486 410 521 natm,
430 491 509 514 rem
537 479 771 527 inquisitam,
791 492 840 515 ne
859 480 950 528 quid
977 481 1256 530 incompertum
1275 480 1397 517 defer-

284 550 340 578 ret
361 543 407 578 ad
429 542 638 586 consulem,
658 543 803 580 detulit.
853 545 926 580 Cui
947 544 1022 588 iile,
1050 547 1104 582 Tu
1123 547 1266 594 quidem
1286 550 1401 583 macte

284 611 416 646 virtute
435 611 692 657 diligentiaque
717 616 790 647 esto
803 627 814 647 .·
843 616 998 647 ceterum
1017 613 1078 659 qui
1103 612 1262 660 auspicio
1287 612 1401 654 adest,

285 676 315 710 si
334 674 524 723 qzciclfalsi
544 677 704 717 nunciat,
722 677 758 712 in
777 682 887 712 semet
905 679 1022 724 ipsum
1039 677 1245 725 religionem
1263 677 1404 724 recipit.

287 739 383 775 Mihi
411 741 553 787 quidem
584 734 785 788 tripudium
815 743 1040 784 nunciatum,
1072 743 1209 790 populo
1239 741 1406 777 Romano

277 805 525 852 *exercituique
556 807 737 852 egregium
766 808 965 854 auspicium
995 811 1057 842 est.
1107 804 1406 842 Centurionibus

287 868 423 904 deinde
453 869 668 918 imperavit,
703 875 745 904 ut
781 869 962 919 pullarios
1001 870 1101 905 inter
1137 870 1260 919 prima
1296 869 1406 917 signa

287 933 577 971 constituerent.
633 934 869 971 Promovent
898 942 936 971 et
962 935 1151 972 Samnites
1179 935 1312 984 signa3
1344 934 1403 970 in-

288 999 459 1046 sequitur
488 999 586 1034 acies
618 1006 755 1035 ornata
785 1005 1019 1048 armataque,
1048 1006 1090 1035 ut
1119 999 1287 1035 hostium
1308 1011 1404 1047 quo-

287 1074 360 1110 que
380 1062 626 1110 magnificum
645 1063 906 1112 spectaculum
926 1069 1037 1099 esset.
1081 1063 1308 1111 Priusquam
1328 1061 1404 1098 cla-

288 1139 372 1162 mor
390 1125 603 1168 tolleretur,
625 1133 1001 1175 concurrereturque‚
1023 1128 1162 1163 emisso
1187 1133 1329 1163 temere
1348 1127 1407 1176 pi-

289 1189 328 1225 lo
348 1191 445 1225 ictus
466 1189 648 1240 pullarius
669 1196 758 1225 ante
786 1191 895 1239 signa
915 1191 1074 1226 cecidit:
1107 1191 1209 1239 quod
1228 1190 1293 1227 ubi
1313 1203 1406 1227 con-

291 1254 361 1289 suli
381 1255 604 1290 nunciatum
625 1261 696 1297 est,
714 1255 786 1291 Dii
805 1257 842 1291 in
857 1256 985 1304 proelio
1003 1260 1100 1298 sunt,
1121 1256 1244 1304 inquit
1261 1271 1271 1301 3
1305 1256 1409 1292 habet

287 1332 427 1368 poemzm
447 1321 589 1354 noxium
612 1324 732 1367 caput.
777 1319 880 1354 Ante
901 1319 1096 1355 consulem
1118 1320 1199 1355 haec
1218 1319 1407 1355 dicentem

291 1396 424 1420 corvus
451 1396 544 1419 voce
564 1383 665 1419 clara
685 1384 853 1419 occinuit
870 1399 876 1419 :
911 1397 986 1432 quo
1006 1383 1114 1420 laetus
1135 1385 1294 1433 augurio
1314 1397 1407 1420 con-

292 1449 362 1492 sul,
384 1449 585 1485 adfirmans
605 1461 811 1497 numquam
838 1449 1014 1485 humanis
1040 1448 1150 1485 rebus
1171 1449 1292 1498 magis
1310 1462 1407 1499 prae-

283 1520 416 1550 sentes
443 1513 659 1549 interfuisse
684 1513 806 1556 Deos,
833 1514 943 1563 signa
968 1526 1117 1557 canere,
1138 1520 1176 1550 et
1203 1513 1407 1550 clamorem

295 1578 373 1614 tolli
391 1577 518 1627 jussit.

347 1642 458 1678 XLI.
488 1642 671 1678 Proelium
694 1643 938 1678 commissum
958 1648 1083 1685 atrox,
1105 1649 1272 1679 ceterum
1292 1642 1406 1692 longe

282 1706 505 1756 >disparibus
526 1706 674 1742 animis.
722 1705 921 1741 Romanos
941 1707 1010 1749 ira,
1033 1719 1132 1756 speS,
1153 1707 1265 1743 ardor
1285 1713 1407 1745 certa-

294 1771 420 1813 minis,
442 1770 571 1805 avidos
599 1770 768 1805 hostium
788 1771 982 1818 sanguinis
1011 1771 1050 1806 in
1075 1770 1252 1820 proelium
1281 1772 1404 1820 rapit:

295 1837 523 1872 Samnitium
543 1849 721 1884 magnam
742 1842 890 1885 partem
904 1837 1109 1872 necessitas
1131 1850 1173 1873 ac
1193 1837 1328 1885 religio
1348 1837 1406 1873 in-

295 1902 392 1937 vitos
413 1901 533 1949 magis
562 1902 750 1943 resistere,
771 1913 884 1948 quam
914 1901 1053 1936 inferre
1073 1913 1255 1950 pugnam,
1277 1902 1404 1951 cogit:

271 1978 364 2001 ⁴nec
385 1966 652 2000 sustinuissent
682 1965 842 2013 primum
864 1964 1066 2009 clamorem
1094 1971 1207 2013 atque
1236 1965 1409 2014 inpetum

297 2030 574 2072 Romanorum,
591 2030 662 2079 'per
690 2030 835 2078 aliquot
856 2028 936 2078 jam
967 2041 1086 2064 annos
1116 2029 1216 2064 vinc-i
1245 2029 1406 2072 adsueti,

280 2096 333 2131 >ni
355 2095 550 2144 potentior
569 2094 662 2130 alius
691 2100 813 2129 metus
840 2093 1006 2129 insidens
1032 2092 1249 2142 pectoribus
1277 2106 1300 2128 a
1318 2093 1410 2142 fuga

297 2160 489 2196 retineret.
536 2159 687 2209 Quippe
717 2159 756 2194 in
776 2158 894 2194 oculis
925 2164 1004 2194 erat
1026 2159 1148 2193 omnis
1178 2157 1240 2193 ille
1270 2158 1410 2194 occulti

298 2234 452 2275 paratus
480 2226 589 2268 sacri,
621 2232 658 2260 et
688 2226 819 2261 armati
856 2225 1085 2267 sacerdotes,
1125 2225 1410 2273 etpromiscua
1436 2231 1443 2237 ⁷

298 2290 500 2325 hominum
536 2288 798 2339 pecudumque
829 2296 987 2337 strages,
1020 2295 1058 2324 et
1086 2300 1264 2337 respersae
1293 2287 1412 2325 fando

299 2355 540 2404 nefandoque
570 2354 755 2403 sanguine
785 2367 874 2397 arae,
912 2360 950 2390 et
987 2353 1068 2390 dira
1104 2353 1328 2397 exsecratio,
1366 2366 1411 2390 ac
