1527 2661
414 153 567 182 LIBER
592 153 745 182 xx111.
780 153 884 181 CAP.
911 154 968 181 11.
1129 154 1211 198 305

123 250 203 280 tore
233 256 343 281 naves
374 244 584 294 piscatoriae
620 243 806 293 pleraeque
837 249 1046 293 conspectae
1082 245 1210 292 peritis
1228 251 1266 282 U.
1280 252 1316 282 C.
1332 257 1404 282 536.

120 308 235 344 nandi
252 308 437 344 dedissent
457 307 647 356 effugium.
694 307 850 356 Aliquot
870 314 993 343 tamen
1014 319 1058 342 eo
1078 307 1213 357 proelio
1225 295 1312 327 A·C·
1327 299 1401 326 ⁹¹⁶·

120 372 264 408 nobiles
287 371 444 422 juvenes
474 373 573 422 capti
602 373 760 422 caesique
789 378 897 408 sunt:
930 372 1027 407 inter
1055 384 1147 420 quos
1177 378 1214 408 et

44 452 46 492 Ι
120 434 269 484 Hegeas
289 435 484 485 praefectus
505 437 686 484 equitum,
713 436 1019 485 intemperantius
1044 435 1213 471 cedentes

118 506 280 542 secutus,
296 500 441 536 cecidit.
495 499 556 535 Ab
576 500 667 535 urbe
686 499 937 550 obpugnanda
951 499 1111 534 Poenum
1130 499 1215 535 abs-

117 568 281 599 terruere
317 570 517 614 conspecta
557 565 710 608 moenia,
747 564 1030 613 haudquaquam
1066 569 1214 613 promta

120 626 367 677 obpugnanti.

171 691 224 726 ΙΙ.
253 691 346 727 Inde
376 693 543 742 Capuam
567 693 684 729 flectit
712 693 796 736 iter,
826 692 1075 728 luxuriantem
1101 692 1214 740 longe

118 754 297 791 felicitate
317 762 428 804 atque
447 756 680 805 indulgentia
695 758 871 800 fortunia,
891 758 1051 792 maxime
1070 762 1211 799 tamen,

116 819 214 855 inter
239 825 422 869 conrupta
440 821 580 863 omnia,
607 820 759 857 licentia
784 821 901 870 plebis
922 822 1001 856 sine
1029 820 1142 856 modo
1166 819 1213 855 li-

116 882 301 920 bertatem
326 885 544 921 exercentis.
601 885 780 921 Senatum
805 891 842 921 et
861 884 931 920 sibi
959 891 996 920 et
1023 884 1123 934 plebi
1143 883 1212 920 ob-

116 947 273 983 noxium
290 947 473 984 Pacuvius
501 948 674 985 Calavius
693 949 858 995 fecerat3
888 948 1025 984 nobilis
1045 948 1142 984 idem
1168 961 1210 984 ac
1223 947 1380 978 Pacuvius

116 1011 305 1061 popularis
323 1012 453 1055 homo,
474 1020 637 1049 ceterum
657 1013 762 1049 malis
782 1013 923 1049 artibus
943 1019 1073 1048 nactus
1094 1024 1182 1062 opes
1199 1027 1206 1047 :
1221 990 1370 1064 {³323ss

114 1075 146 1110 is
165 1088 279 1124 quum
303 1089 349 1113 eo
367 1076 466 1113 forte
490 1090 604 1121 anno,
625 1091 698 1128 quo
724 1091 780 1114 res
808 1077 902 1114 male
922 1084 1028 1126 gesta
1053 1078 1098 1113 ad
1115 1076 1208 1113 Tra·
1223 1077 1376 1149 Campa,

1224 1129 1304 1150 num
1319 1130 1344 1149 Sl
1370 1130 1378 1149 l

115 1139 297 1176 simenum
326 1147 396 1184 est,
424 1142 463 1177 in
492 1155 637 1179 summo
655 1144 875 1191 magistratu
904 1148 1014 1185 esset,
1037 1140 1120 1191 jam
1148 1142 1210 1177 diu
1222 1163 1402 1193 obnoxium

115 1202 291 1240 infestam
310 1205 455 1240 senatui
479 1204 640 1255 plebem,
660 1212 776 1248 ratus,
797 1219 862 1255 per
881 1206 1114 1241 occasionem
1140 1217 1210 1240 no·
1222 1206 1306 1237 facit.

117 1267 226 1303 vandi
244 1280 315 1310 res,
336 1281 514 1317 magnum
535 1282 707 1306 ausuram
727 1269 886 1313 facinus,
907 1276 962 1312 ut,
983 1270 1014 1304 si
1032 1270 1071 1304 in
1091 1282 1134 1304 ea
1153 1268 1209 1305 lo-

116 1343 161 1367 ca
178 1331 374 1369 Hannibal
388 1346 474 1369 cum
493 1335 635 1370 victore
651 1335 819 1371 exercitu
834 1335 1008 1376 venisset,
1026 1333 1212 1369 trucidato

115 1401 247 1431 senatu
261 1396 423 1433 traderet
440 1397 609 1447 Capuam
623 1397 752 1433 Poenis
767 1413 777 1442 3
804 1397 984 1447 inprobus
1001 1397 1129 1439 homo,
1148 1396 1213 1432 sed

115 1471 193 1495 non
212 1459 259 1496 ad
287 1467 494 1497 extremum
519 1461 699 1511 perditus,
721 1474 835 1511 quum
860 1461 988 1497 mallet
1016 1460 1211 1503 incolumi,

116 1535 227 1572 quam
246 1537 384 1568 eversa,
405 1525 596 1575 republica
610 1526 795 1563 dominari
809 1543 819 1572 ;
851 1526 992 1562 nullam
1011 1532 1135 1562 autem
1154 1526 1211 1562 in-

116 1586 300 1624 columem
318 1601 398 1625 esse
412 1589 584 1626 orbatam
603 1590 755 1640 publico
771 1590 930 1626 consilio
951 1591 1131 1633 crederet,
1152 1604 1211 1627 ra-

117 1651 259 1687 tionem
281 1653 378 1696 iniit,
399 1666 473 1702 qua
492 1659 529 1690 et
553 1662 722 1691 senatum
749 1661 924 1698 servaret,
949 1661 985 1690 et
1005 1655 1213 1691 obnoxium

118 1713 189 1749 sibi
208 1728 251 1750 ac
269 1715 369 1764 plebi
386 1716 537 1752 faceret.
581 1717 727 1754 Vocato
747 1724 892 1760 senatu,
914 1731 1041 1766 quum,
1062 1718 1133 1754 sibi
1148 1719 1212 1754 de·-

117 1777 291 1814 fectionis
328 1779 374 1815 ab
407 1779 589 1816 Romanis
623 1781 816 1818 consilium
855 1782 1076 1831 placiturum
1108 1782 1212 1818 nullo

117 1843 244 1885 modo,
265 1844 335 1879 nisi
354 1845 599 1881 necessarium
615 1845 759 1889 fuisset,
776 1846 949 1896 praefatus
970 1853 1089 1891 esse-{5
1112 1848 1215 1895 quip-

115 1919 162 1954 pe
187 1909 246 1954 qui
272 1908 395 1943 liberos
420 1920 461 1944 ex
479 1910 549 1957 Ap.
574 1909 718 1946 Claudii
735 1911 822 1960 filia
851 1911 1005 1951 haberet,
1024 1911 1215 1959 filiamque

118 1970 269 2007 Romam
289 1977 436 2019 nuptum
451 1973 555 2008 Livio
570 1975 740 2017 dedissem
769 1980 921 2011 ceterum
938 1973 1104 2020 majorem
1119 1976 1213 2011 mul-

118 2040 153 2070 to
172 2048 246 2071 rem
263 2038 443 2085 magisque
463 2040 653 2074 timendam
672 2041 814 2076 instare.
862 2040 943 2075 Non
959 2041 1052 2075 enim
1069 2051 1133 2087 per
1151 2040 1214 2076 de-

10 2090 15 2171 l
106 2098 302 2147 sectionem
335 2102 382 2136 ad
419 2102 611 2137 tollendum
639 2114 680 2137 ex
712 2104 854 2139 civitate
888 2108 1048 2139 senatum
1076 2103 1213 2151 plebem

116 2168 283 2210 spectare,
302 2166 364 2200 sed
385 2178 450 2213 per
476 2168 602 2202 coedem
626 2173 764 2204 senatus
784 2180 933 2204 vacuam
959 2168 1213 2216 rempublicam

119 2229 256 2263 tradere
270 2229 466 2266 Hannibali
483 2243 525 2266 ac
537 2231 652 2267 Poenis
670 2233 767 2268 velle,
818 2233 873 2268 Eo
887 2244 921 2267 se
938 2233 1097 2279 periculo
1111 2243 1214 2279 posse

89 2327 91 2329 ,
122 2290 265 2328 liberare
283 2305 348 2333 eos,
369 2295 398 2329 si
416 2306 451 2330 se
466 2297 676 2343 permittant
689 2296 766 2337 sibi,
787 2301 834 2339 et,
852 2297 1081 2333 certaminum
1102 2296 1137 2331 in
1156 2306 1211 2331 re-

0 2520 259 2661 l*
