1527 2661
223 449 582 498 EPITOME
626 452 850 500 LIBRI
894 453 1061 502 XVII.

168 700 215 736 N.
237 700 422 736 Cornelius
441 701 574 743 consul,
595 713 618 736 a
637 701 746 736 classe
765 701 907 737 Punica
925 702 1196 745 circumventus,

167 770 203 800 et
216 777 285 813 per
292 764 470 812 fraudem
494 767 592 801 velut
615 767 653 801 in
672 766 898 814 conloquium
917 770 1095 808 evocatus,
1116 778 1201 814 cap-

90 834 146 865 tus
164 833 226 866 est.
293 829 331 866 C.
349 831 502 880 Duilius
521 831 642 866 consul
660 831 829 866 adversus
847 831 992 866 classem
1012 831 1204 865 Poenorum

86 906 254 943 prospere
286 897 477 944 pugnavit,
512 897 719 944 primusque
759 896 916 931 omnium
955 894 1205 930 Romanorum

90 959 220 995 ducum
255 960 394 996 navalis
424 962 580 996 victoriae
607 961 711 996 duxit
740 959 962 1007 triumphum
979 974 992 995 :
1028 958 1070 994 ob
1098 969 1208 1006 quam

91 1035 251 1061 caussam
279 1027 312 1061 ei
334 1031 526 1074 perpetuus
554 1025 663 1061 honos
690 1024 831 1060 habitus
859 1028 924 1066 est,
950 1028 992 1059 ut
1019 1022 1210 1059 revertenti

92 1100 116 1124 a
135 1101 244 1131 coena,
266 1089 409 1126 tibicine
428 1095 587 1133 canente,
597 1089 733 1139 funale
748 1087 992 1137 praeferretur.
1050 1087 1095 1123 L.
1119 1087 1207 1122 Cor-

92 1153 207 1189 nelius
231 1155 352 1189 consul
377 1156 414 1190 in
434 1154 608 1190 Sardinia
632 1159 666 1190 et
688 1153 831 1189 Corsica
856 1157 982 1189 contra
1007 1151 1156 1193 Sardos,
1177 1154 1212 1185 et

99 1217 236 1260 Corsos,
267 1223 301 1254 et
329 1219 543 1255 Hannonem
572 1219 765 1254 Poenorum
784 1218 907 1253 ducem
925 1215 1092 1265 feliciter
1117 1226 1212 1262 pug-

94 1284 205 1319 navit.
254 1283 390 1319 Atilius
420 1283 607 1319 Calatinus
635 1283 768 1325 consul,
796 1294 904 1331 quum
933 1282 970 1317 in
1000 1281 1112 1316 locum
1143 1279 1213 1315 ini-

100 1360 222 1396 quum,
249 1361 272 1384 a
292 1349 411 1384 Poenis
436 1350 710 1391 circumsessum,
740 1353 870 1383 temere
897 1346 1052 1381 duxisset
1080 1344 1212 1379 exerci-

101 1416 189 1454 tum,
225 1411 280 1447 M.
306 1413 493 1460 Calpurnii
529 1412 661 1448 tribuni
688 1412 846 1447 militum
874 1411 1008 1445 virtute
1036 1413 1070 1443 et
1107 1419 1216 1455 opera

100 1478 237 1513 evasit:
274 1479 348 1524 qui,
378 1489 457 1512 cum
491 1478 654 1512 trecentis
684 1475 855 1511 militibus
881 1475 1066 1521 eruptione
1088 1471 1215 1520 facta,

102 1540 215 1577 hostes
250 1541 286 1576 in
321 1553 358 1577 se
393 1546 624 1577 converterat.
675 1539 861 1576 Hannibal
898 1540 970 1574 (lux
1012 1538 1216 1577 Poenorum,

104 1607 201 1643 victa
220 1606 340 1649 classe,
361 1608 418 1643 cuz·
442 1606 654 1655 praefuerat,
675 1618 698 1641 α
715 1605 888 1642 militibus
915 1605 987 1640 suis
1015 1604 1052 1638 in
1082 1612 1220 1637 crucem

104 1670 263 1706 sublatus
299 1676 362 1706 est.
419 1671 554 1707 Atilius
592 1670 750 1718 Regulus
787 1669 921 1712 consul,
959 1667 1061 1704 victis
1096 1664 1221 1702 navali

107 1736 231 1784 praelio
251 1736 380 1777 Ptenis,
400 1736 438 1772 in
457 1734 625 1783 Africam
645 1731 797 1780 trajecit.

636 2342 719 2380 113
