1527 2661
110 291 201 322 U.C.
218 299 292 325 459.

107 335 147 366 Α.
164 334 202 367 C.
218 342 292 369 293.

109 1897 239 1946 Carvilii

109 1948 222 1971 trium-

106 1984 203 2023 plius*

307 198 389 239 140
766 199 811 225 T.
835 198 967 227 mvn

306 292 436 341 ginta:
459 304 572 328 omne
592 304 640 328 aes
661 298 935 340 argentumque
954 292 993 327 in
1015 291 1188 327 aerarium
1209 292 1418 328 conditum.

303 356 495 393 Militibus
514 356 611 392 nihil
626 356 756 392 datum
775 369 822 392 ex
839 356 967 406 praeda
986 362 1065 392 est:
1089 363 1275 405 auctaque
1295 369 1340 392 ea
1358 357 1417 391 in·-

302 421 403 458 vidia
422 427 479 456 est
499 421 545 456 ad
565 420 728 470 plebem,
750 420 850 469 quod
868 419 1054 455 tributum
1077 421 1191 455 etiam
1216 420 1254 456 in
1275 419 1419 469 stipen-

303 486 407 522 dium
427 485 590 521 militum
617 484 811 521 conlatum
832 490 911 520 est:
945 496 1075 532 quum,
1097 485 1128 519 si
1148 491 1276 534 spreta
1295 484 1417 533 gloria

301 551 437 587 fuisset
457 551 615 600 captivae
636 550 806 599 pecuniae
831 549 870 583 in
891 549 1063 584 aerarium
1088 548 1229 590 inlatae,
1251 554 1289 584 et
1308 547 1421 583 militi

301 620 384 650 tum
405 614 484 649 dari
508 626 553 649 ex
580 613 718 663 praeda,
740 618 779 647 et
804 611 1035 661 stipendium
1054 611 1218 648 militare
1247 612 1420 662 praestari

301 678 502 729 potuisset.
541 677 681 713 AEdem
700 676 867 719 Quirini,
885 689 997 725 quam
1018 677 1057 712 in
1078 677 1160 726 ipsa
1176 676 1423 712 dimicatione

301 749 431 779 votam
465 741 564 792 apud
597 736 789 777 neminem
822 747 987 776 veterem
1025 747 1219 777 auctorem
1252 741 1422 783 invenio,

302 809 459 856 (neque,
481 806 662 849 Hercule,
683 813 762 842 tam
785 802 926 855 exiguo
953 812 1125 857 tempore
1145 806 1325 856 perficere
1350 817 1422 855 po-

299 872 454 917 tuisset)
478 871 525 908 ab
551 871 736 908 dictatore
766 877 873 921 patre
903 877 1046 913 votam,
1068 870 1166 906 filius
1198 869 1332 906 consul
1357 869 1421 905 dea

302 936 458 979 dicavit,
479 937 753 984 exornavitque
772 936 941 971 hostium
962 935 1092 985 spoliis
1109 951 1116 971 ;
1150 947 1313 984 quorum
1332 940 1420 970 tan-‘-

302 1006 344 1038 ta
363 1000 568 1037 multitudo
588 1000 675 1043 fuit,
694 1007 735 1036 ut
754 1013 832 1036 non
850 999 1034 1050 templum
1054 1006 1203 1036 tantum
1220 999 1422 1048 forumque

301 1064 362 1100 his
383 1072 606 1110 ornaretur,
640 1065 705 1101 sed
725 1066 836 1101 sociis
859 1066 974 1100 etiam
992 1064 1214 1113 colonisque
1234 1063 1420 1106 finitimis,

303 1129 351 1166 ad
370 1131 597 1180 templorum
621 1130 869 1180 locorumque
889 1129 1130 1180 publicorum
1150 1132 1341 1171 ornatum,
1363 1128 1420 1164 di-

302 1192 532 1231 viderentur.
580 1196 615 1230 A
635 1195 829 1244 triumpho
851 1194 1060 1230 exereitum
1079 1194 1119 1229 in
1139 1205 1273 1241 agrum
1289 1191 1423 1227 Vesci-

299 1269 406 1301 num,
427 1259 516 1308 quia
541 1260 648 1308 regio
675 1272 719 1295 ea
746 1259 886 1295 infesta
913 1258 959 1294 ab
988 1258 1222 1295 Samnitibus
1249 1263 1343 1299 erat,
1362 1255 1424 1292 hi-

298 1320 502 1358 bernatum
540 1324 660 1357 duxit.
719 1323 826 1358 Inter
863 1316 946 1358 haee
984 1321 1170 1357 Carvilius
1204 1320 1353 1363 consul,
1383 1321 1424 1357 in

299 1383 456 1420 Etruria
482 1385 671 1421 Troilium
701 1387 864 1435 primum
885 1386 1109 1436 obpugnare
1138 1385 1306 1428 adortus,
1329 1398 1422 1434 qua-

301 1448 524 1497 dringentos
563 1450 806 1499 septuaginta
842 1450 1064 1492 ditissimos,
1099 1450 1261 1499 pecunia
1290 1449 1423 1498 grandi

300 1519 450 1564 pactos,
468 1519 510 1549 ut
527 1513 632 1550 abire
648 1514 736 1550 inde
756 1511 900 1557 liceret,
919 1514 1085 1550 dimisit:
1110 1520 1274 1550 ceteram
1294 1513 1425 1549 multi-

301 1576 473 1612 tudinem
494 1577 752 1627 oppidumque
775 1578 897 1627 ipsum
925 1579 959 1613 vi
988 1579 1112 1628 cepit:
1145 1577 1233 1614 inde
1254 1578 1421 1626 quinque

301 1640 472 1683 castella,
500 1641 591 1676 locis
625 1643 695 1677 sita
727 1643 898 1685 munitis,
933 1643 1179 1692 expugnavit.
1237 1642 1345 1677 Caesa
1371 1640 1426 1677 ibi

300 1704 474 1742 hostium
492 1706 567 1741 duo
594 1706 713 1742 millia
733 1707 1001 1755 quadringenti
1018 1723 1028 1751 3
1061 1707 1185 1742 minus
1206 1706 1281 1742 duo
1301 1705 1418 1742 millia

302 1769 416 1818 capti.
474 1769 527 1805 Et
546 1768 703 1806 Faliscis
734 1783 866 1820 pacem
895 1770 1115 1820 petentibus
1137 1782 1280 1805 annuas
1313 1769 1423 1805 indu-

302 1832 379 1868 cias
401 1833 518 1876 dedit,
541 1841 673 1882 pactus
701 1843 854 1869 centum
881 1834 999 1870 millia
1018 1835 1141 1882 gravis
1173 1834 1270 1876 aeris,
1292 1840 1329 1869 et
1356 1834 1424 1869 sti-

302 1897 483 1947 pendium
516 1897 596 1947 ejus
628 1900 716 1934 anni
750 1899 945 1936 militibus.
1004 1899 1078 1935 His
1101 1899 1212 1935 rebus
1249 1900 1343 1935 actis
1374 1899 1422 1936 ad

302 1961 537 2010 triumphum
564 1962 736 2004 decessit,
770 1969 812 1997 ut
842 1963 964 1998 minus
997 1963 1138 1998 clarum
1159 1963 1205 1998 de
1239 1962 1421 1998 Samniti-

302 2024 388 2067 bus,
423 2038 535 2073 quam
574 2025 729 2074 collegae
763 2027 977 2076 triumphus
1015 2027 1152 2068 fuerat,
1188 2027 1241 2062 ita
1270 2027 1423 2062 cumulo

302 2089 455 2126 Etrusci
474 2090 562 2125 belli
585 2098 786 2139 aequatum.
818 2090 921 2126 AEris
940 2092 1063 2139 gravis
1081 2090 1169 2125 tulit
1189 2091 1228 2126 in
1249 2093 1422 2128 aerarium

302 2161 472 2191 trecenta
493 2158 691 2205 octoginta
711 2157 851 2192 millia:
875 2157 919 2193 de
939 2157 1084 2205 reliquo
1105 2169 1176 2192 aere
1198 2157 1311 2192 aedem
1327 2156 1422 2192 For-

303 2220 352 2255 tis
382 2219 562 2257 Fortunae
583 2222 627 2257 de
657 2222 846 2258 manubiis
878 2222 1089 2257 faciendam
1118 2220 1272 2263 locavit,
1303 2233 1421 2272 prope

305 2283 421 2320 aedem
449 2283 529 2334 ejus
550 2284 643 2321 Deae
671 2285 718 2321 ab
750 2298 838 2334 rege
868 2286 947 2321 Ser.
967 2285 1096 2321 Tussio
1116 2284 1350 2320 dedicatam:
1383 2291 1421 2320 et

304 2347 488 2384 militibus
513 2361 560 2385 ex
580 2349 705 2400 praeda
727 2357 907 2386 centenos
928 2349 1038 2386 binos
1060 2360 1174 2391 asses,
1197 2355 1233 2384 et
1260 2348 1420 2385 alterum
