1527 2661
374 181 458 223 240
827 171 872 212 Τ.
897 183 1029 213 mvn

175 280 267 312 uc.
287 272 484 314 535‚stium
514 272 642 315 etiam,
673 284 766 321 quos
805 273 842 308 in
876 273 1003 323 aliqua
1036 286 1104 310 sua
1132 273 1288 310 fortuna
1317 273 1478 324 publicae
1525 281 1527 288 ⁴

171 325 352 361 ΑΕΔΗ.

173 376 338 425 Lectister·

174 430 280 453 niu-2·

167 1413 255 1443 Fabii
271 1422 348 1444 con-

163 1457 234 1486 silia
248 1457 287 1487 de

164 1499 250 1529 bello
265 1510 317 1539 ge-

164 1543 273 1575 tendO.

369 349 519 387 quoque
547 336 795 385 contingebat
822 350 923 374 cura.
979 338 1079 374 Tum
1112 338 1386 375 lectisternium
1414 351 1481 389 per

367 403 532 439 triduum
554 401 741 444 habitum,
770 402 988 439 decemviris
1015 416 1207 440 sacrorum
1232 403 1474 441 curantibus:
1526 395 1527 401 ¹

367 479 433 503 sex
460 465 671 515 pulvinaria
700 466 738 500 in
768 473 974 515 conspectu
995 467 1122 503 fuere:
1154 467 1242 504 Jovi
1269 480 1312 504 ac
1330 467 1475 503 Junoni

364 542 482 565 unum
496 545 506 573 3
530 528 689 564 alterum
702 528 887 577 Neptuno
901 542 944 565 ac
955 529 1140 566 Minervae
1154 546 1164 575 ;
1189 531 1343 566 tertium
1357 530 1477 566 Marti

364 604 408 629 ac
435 592 596 637 Veneri5
630 597 806 641 quartum
831 592 1003 643 Apollini
1037 607 1081 630 ac
1107 592 1268 639 Dianae3
1301 593 1477 643 quintum

361 655 537 692 Vulcano
574 669 617 692 ac
654 655 802 700 Vestae3
837 663 984 694 sextum
1018 657 1215 694 Mercurio
1252 670 1296 694 ac
1334 657 1476 694 Cereri.

361 719 463 756 Tum
483 720 579 756 aedes
600 726 709 756 votae.
766 720 906 756 Veneri
933 721 1110 771 Erycinae
1132 722 1249 758 aedem
1268 721 1315 760 Q.
1335 720 1476 757 Fabius

359 783 554 821 Maximus
575 784 738 820 dictator
757 785 858 820 vovit
871 801 882 829 3
915 787 1004 834 quia
1023 786 1078 822 ita
1105 798 1152 822 ex
1171 784 1350 822 fatalibus
1371 783 1477 820 libris

360 848 504 885 editum
523 853 617 890 erat,
633 852 676 883 ut
694 848 724 883 is
745 854 910 891 voveret,
930 848 1035 899 cujus
1052 849 1260 885 maximum
1275 847 1478 898 imperium

360 912 401 948 in
420 913 573 948 civitate
602 918 712 949 esset.
767 911 893 948 Menti
921 912 1035 949 aedem
1056 913 1101 950 T.
1123 912 1309 949 Otacilius
1338 916 1478 962 praetor
1519 954 1526 964 ,

360 977 476 1013 vovit.
1524 969 1525 972 ’

414 1040 489 1077 ΧΙ.
520 1039 581 1076 Ita
599 1038 710 1076 rebus
730 1039 864 1076 divinis
885 1040 1060 1091 peractis,
1078 1046 1161 1078 tum
1176 1041 1222 1077 de
1239 1039 1341 1077 bello
1359 1049 1477 1089 reque
1524 1047 1527 1050 ⁴

361 1105 407 1140 de
426 1103 579 1154 publica
598 1104 761 1140 dictator
779 1103 922 1148 retulit,
943 1105 1078 1153 quibus
1095 1111 1236 1154 quotve
1254 1103 1472 1153 legionibus

359 1168 496 1204 victori
521 1168 624 1202 hosti
643 1167 794 1203 obviam
814 1168 977 1204 eundum
999 1181 1080 1205 esse
1099 1169 1232 1205 Patres
1259 1172 1472 1204 censerent.

359 1232 582 1274 Decretum,
610 1237 650 1268 ut
676 1232 718 1267 ab
741 1232 803 1268 Cn.
823 1232 978 1269 Servilio
997 1234 1137 1269 consule
1160 1234 1354 1270 exercitum
1378 1233 1472 1268 acci-

354 1302 483 1345 peret:
509 1297 674 1333 scriberet
688 1302 865 1344 praeterea
885 1310 927 1333 esc
945 1299 1076 1335 civibus
1092 1300 1277 1347 sociisque,
1301 1300 1475 1345 quantum

360 1363 519 1410 equitum
540 1374 582 1398 ac
596 1362 760 1409 peditum
773 1363 978 1398 videretur:
1006 1368 1124 1399 cetera
1137 1364 1258 1399 omnia
1273 1366 1395 1409 ageret
1401 1359 1472 1409 fa-

361 1432 533 1474 ceretque,
554 1431 594 1462 ut
613 1438 631 1461 e
648 1439 687 1462 re
708 1426 856 1474 publica
875 1428 1029 1463 duceret.
1084 1426 1225 1463 Fabius
1246 1426 1336 1462 duas
1356 1437 1396 1460 se
1414 1423 1468 1459 le·

358 1492 489 1540 giones
510 1489 743 1540 adjecturum
772 1491 818 1526 ad
841 1490 1090 1527 Servilianum
1120 1490 1328 1527 exercitum
1347 1488 1466 1525 dixit:

357 1555 429 1597 his,
451 1567 517 1604 per
544 1555 766 1602 magistrum
786 1555 956 1603 equitum
981 1555 1143 1604 scriptiS,
1164 1553 1285 1590 Tibur
1304 1553 1402 1589 diem
1421 1550 1469 1587 ad

356 1618 658 1654 conveniendum
677 1618 816 1653 edixit:
850 1618 1046 1667 edictoque
1071 1618 1284 1668 proposito,
1305 1621 1361 1659 ut,
1382 1615 1465 1664 qui-

353 1682 425 1719 bus
446 1682 584 1732 oppida
602 1681 830 1731 castellaque
857 1683 1046 1718 inmunita
1071 1688 1209 1725 essent,
1230 1681 1286 1717 uti
1314 1681 1354 1716 in
1381 1679 1467 1716 loca

354 1752 440 1782 tuta
476 1746 781 1793 conmigrarent3
814 1757 860 1781 ex
897 1746 996 1794 agris
1026 1757 1177 1795 quoque
1213 1744 1466 1792 demigrarent

356 1824 487 1849 omnes
517 1812 684 1860 regionis
719 1809 814 1861 ejus,
845 1825 920 1860 qua
950 1812 1070 1847 iturus
1109 1809 1307 1848 Hannibal
1342 1815 1463 1846 esset:

356 1878 465 1913 tectis
485 1877 588 1925 prius
608 1876 771 1912 incensis
802 1888 845 1912 ac
864 1875 1036 1924 frugibus
1057 1876 1267 1925 conruptis,
1288 1886 1336 1910 ne
1358 1871 1465 1923 cujus

355 1941 409 1976 rei
429 1941 539 1989 copia
559 1946 679 1984 esset;
712 1940 806 1989 ipse,
823 1941 883 1976 via
900 1940 1087 1976 Flaminia
1106 1940 1297 1990 profectus
1315 1937 1467 1974 obviam

355 2003 503 2040 consuli
529 2004 797 2052 exercituique,
818 2017 934 2053 quum
960 2005 1006 2040 ad
1030 2005 1200 2040 Tiberim
1227 2003 1327 2038 circa
1352 2001 1463 2037 Ocri-

354 2068 481 2104 culum
504 2069 762 2117 prospexisset
788 2081 938 2117 agmen,
960 2068 1228 2115 consulemque
1256 2079 1341 2102 cum
1361 2065 1465 2114 equi-

353 2131 454 2167 tibus
475 2131 521 2166 ad
542 2143 580 2166 se
599 2131 862 2180 prodeuntem,
885 2133 1067 2168 viatorem
1089 2131 1207 2173 misit,
1229 2130 1293 2179 qui
1313 2127 1463 2165 consuli

351 2196 562 2238 nunciaret,
586 2202 629 2231 ut
655 2197 734 2232 sine
760 2196 957 2233 lictoribus
984 2197 1032 2233 ad
1052 2196 1276 2232 dictatorem
1303 2194 1461 2229 veniret.

349 2260 428 2299 Qui
448 2272 563 2308 quum
582 2260 684 2295 dicto
710 2260 910 2309 paruisset,
932 2271 1230 2308 congressusque
1254 2269 1386 2293 eorum
1404 2257 1462 2292 in-

351 2330 504 2371 gentem
523 2324 687 2374 speciem
706 2324 902 2361 dictaturae
923 2324 1023 2375 apud
1043 2324 1141 2361 cives
1168 2322 1378 2371 sociosque,
1399 2331 1461 2356 ve-
