1527 2661
351 193 507 223 LIBER
530 191 675 222 XXIV.
708 191 816 221 CAP.
841 191 978 222 XXII.
1143 190 1225 238 397

112 280 327 325 conlucent,
373 282 605 332 strepituque
642 281 747 318 vario
784 280 1048 331 complentur:
1090 284 1224 319 armati
1240 289 1329 320 U.c.
1345 296 1418 321 535.

109 346 202 384 locis
222 346 438 397 patentibus
466 351 772 395 congregantur:
805 346 966 381 inermes
987 359 1033 382 ex
1055 345 1225 397 Olympii
1236 333 1275 362 A.
1288 332 1324 364 C·
1337 340 1410 364 ²¹4·

107 412 214 448 Jovis
240 411 383 462 templo
410 411 531 462 spolia
558 411 755 448 Gallorum
786 409 1092 460 Illyriorumque,
1122 411 1225 447 dono

107 476 195 512 data
214 476 378 512 Hieroni
409 489 431 511 a
452 475 595 526 populo
615 474 809 517 Romano,
832 473 981 523 fixaque
1008 473 1055 510 ab
1077 486 1136 517 eo,
1159 474 1223 510 de-

104 540 274 584 trahunt,
296 546 493 590 precantes
514 540 665 582 Jovem,
688 545 730 575 ut
756 538 886 575 volens
913 538 1099 588 propitius
1126 552 1223 588 prae-

103 606 194 642 beat
213 619 318 642 sacra
337 619 456 649 arma,
473 619 542 656 pro
563 605 699 655 patria,
716 617 785 655 pro
805 602 932 640 Defim
951 603 1130 645 delubris,
1151 616 1220 654 pro

102 670 278 707 libertate
298 683 378 707 sese
397 669 646 707 armantibus,
704 669 801 705 Haec
823 681 973 718 quoque
999 667 1218 712 multitudo,

100 734 328 770 stationibus
349 747 415 784 per
441 735 630 784 principes
658 734 857 782 regionum
887 731 988 769 urbis
1009 732 1217 782 dispositis,

99 798 331 848 adjungitur.
388 798 434 834 In
466 798 596 834 Insula
633 798 733 834 inter
763 804 888 833 cetera
917 797 1217 834 Andranodorus

98 863 280 913 praesidiis
301 862 425 899 firmat
453 863 590 898 horrea
618 861 783 911 publica.
840 861 982 904 Locus,
1012 873 1104 897 saxo
1124 874 1217 910 qua-

100 928 209 964 drato
224 933 367 978 septus,
381 934 494 976 atque
506 927 601 963 arcis
620 927 660 962 in
675 926 830 962 modum
847 926 1051 969 emunitus,
1069 926 1217 976 capitur

98 991 144 1027 ab
158 990 375 1041 juventute,
397 1004 479 1040 quae
499 990 675 1041 praesidio
696 989 727 1040 ej
736 1003 776 1026 us
805 989 880 1026 loci
907 989 1100 1026 adtributa
1119 997 1213 1033 erat,

96 1057 329 1105 mittuntque
355 1056 515 1092 nuncios
542 1056 581 1091 in
600 1055 872 1098 Achradinam,
892 1055 1029 1091 horrea
1046 1055 1216 1092 frumen·

96 1126 253 1169 tumque
273 1121 312 1156 in
332 1126 485 1156 senatus
507 1125 699 1170 potestate
719 1133 811 1156 esse.

150 1183 290 1221 XXII.
318 1183 424 1220 Luce
443 1184 565 1233 prima
584 1183 747 1233 populus
769 1185 892 1220 omnis
919 1189 1084 1220 armatus
1111 1184 1213 1220 iner-

93 1249 239 1296 misque
258 1248 297 1284 in
318 1247 576 1283 Achradinam
603 1248 649 1283 ad
669 1248 814 1283 curiam
834 1249 1013 1284 convenit
1030 1263 1036 1282 :
1069 1247 1123 1283 ibi
1142 1261 1212 1298 pro

96 1312 320 1348 Concordiae
346 1324 424 1355 ara,
445 1325 528 1361 quae
548 1312 586 1347 in
615 1324 659 1348 eo
680 1312 753 1347 sita
774 1311 860 1348 loco
880 1319 974 1354 erat,
996 1325 1042 1348 ex
1069 1313 1210 1362 princi-

92 1376 203 1426 pibus
223 1389 319 1412 unus
342 1376 497 1412 nomine
517 1376 719 1425 Polyaeuus
742 1377 967 1412 concionem
988 1383 1026 1412 et
1052 1376 1210 1412 liberam
1222 1376 1363 1427 Polyaenj

91 1445 128 1475 et
147 1440 382 1476 moderatam
394 1438 530 1475 habuit
546 1455 552 1475 ι
577 1441 819 1476 Servitudinis
834 1441 1130 1488 indignitati-sque
1145 1441 1208 1477 ho·
1221 1421 1376 1494 {322¹ssth

89 1507 202 1541 ‘mines
226 1510 400 1553 expertos,
429 1506 599 1540 adversus
630 1510 752 1541 notum
780 1506 917 1541 malum
943 1507 1103 1541 irritatos
1128 1517 1208 1542 esse.
1222 1507 1395 1537 moderata,

91 1571 288 1606 Discordia
313 1570 428 1605 civilis
446 1581 534 1617 quas
560 1571 717 1617 inportet
738 1571 868 1612 clades,
890 1571 1029 1606 audisse
1054 1572 1167 1617 magis
1187 1583 1210 1607 α

85 1634 249 1682 patribus
268 1633 523 1681 Syracusanos,
546 1646 653 1680 quam
672 1635 765 1680 ipsos
783 1635 922 1670 vidisse.
981 1635 1097 1669 Arma
1116 1635 1211 1681 quod

89 1699 228 1745 inpigre
258 1699 426 1745 ceperint,
461 1698 612 1733 laudare
626 1714 637 1733 .·
667 1700 783 1744 magis
808 1699 1057 1740 laudaturum,
1084 1700 1113 1733 si
1138 1710 1209 1734 non

87 1766 250 1804 utantur,
277 1763 347 1797 nisi
371 1762 502 1797 ultima
532 1763 738 1797 necessitate
764 1763 890 1798 coacti.
949 1762 993 1797 In
1017 1765 1208 1810 praesentia

87 1827 223 1872 legatos
235 1826 283 1860 ad
298 1825 607 1861 Andranodorum
624 1827 719 1861 mitti
727 1826 885 1873 placere,
903 1827 963 1873 qui
979 1827 1203 1868 denuncient,

89 1894 128 1924 ut
146 1892 184 1925 in
200 1894 377 1937 potestate
394 1894 537 1924 senatus
557 1901 600 1924 ac
615 1890 743 1937 populi
761 1890 831 1924 sit:
857 1894 973 1936 portce
990 1890 1119 1927 Insulae
1133 1903 1203 1938 pa-

87 1959 186 1989 teant
196 1971 208 1997 ,-
238 1955 383 1990 recedat
415 1955 637 2001 prcesidium.
697 1954 737 1989 Si
772 1955 923 1989 tutelam
956 1955 1068 1990 alieni
1104 1958 1203 2002 regni

82 2030 183 2054 suum
208 2030 356 2066 regnum
384 2019 470 2054 velit
488 2017 631 2066 facere,
653 2019 815 2053 eumdem
843 2030 879 2053 se
906 2030 1057 2060 censere,
1089 2020 1217 2054 multo·

83 2083 201 2118 acrius
219 2082 262 2117 ab
281 2082 560 2124 Andranodoro,
577 2094 685 2130 quam
704 2081 748 2117 ab
764 2082 999 2129 Hieron-ymo,
1021 2084 1134 2129 repeti
1155 2084 1199 2118 li-

81 2145 265 2182 bertatem.
322 2146 383 2182 Ab
402 2147 473 2182 hac
495 2147 680 2182 concione
704 2145 821 2195 legati
848 2146 950 2182 missi
972 2156 1070 2181 sune.
1130 2146 1197 2182 Se·
1210 2143 1317 2183 Legati
1335 2148 1410 2177 mit-

213 2210 221 2218 .
439 2211 446 2217 .
901 2211 908 2218 .
1210 2194 1323 2218 tuntur
1338 2191 1378 2219 ad

79 2216 190 2245 natus
211 2210 299 2246 1nde
317 2211 448 2246 habet-1
470 2220 616 2260 coeptus
638 2217 717 2247 est:
751 2211 852 2261 quod
881 2220 991 2252 smut,
1015 2218 1196 2259 tegnante
1209 2230 1380 2262 Andrano-

80 2272 266 2317 Hierone,
305 2281 496 2310 manserat
537 2274 730 2325 publicum
768 2274 980 2317 consilium,
1022 2275 1074 2310 ita
1110 2281 1198 2324 post
1210 2273 1339 2305 dorum.

51 2344 54 2346 ’
78 2342 240 2374 mortem
260 2336 355 2388 ejus,
377 2345 466 2375 ante
486 2351 569 2375 eam
585 2338 698 2383 diem,
720 2338 824 2375 nulla
844 2338 889 2374 de
908 2350 948 2374 re
967 2349 1088 2388 neque
1105 2350 1200 2375 con-

1518 2580 1523 2596 -v
1512 2397 1527 2569 -nqaoe-Q:.„‚

1506 2569 1523 2661 γριφ-
1508 2526 1518 2560 --,
1511 2512 1516 2520 -4
