1527 2661
118 274 209 305 U.C.
230 282 301 306 540-

120 319 159 348 A.
174 317 210 348 C.
228 325 301 349 21-2.

123 733 205 762 L'rbs
222 732 295 762 diri-

123 777 238 815 pienda

125 819 219 849 militi
236 820 291 849 da—

124 870 186 892 tur.

124 931 295 960 Archime-

124 974 170 1004 dis
188 983 284 1005 mom.

304 318 313 326 ι

310 168 393 222 482
776 183 820 211 T.
845 182 977 212 L1v11

314 276 465 323 fuerint,
485 277 540 312 vel
560 275 762 325 Hispanum
783 278 906 313 <lucem
926 277 1117 320 Mericam,
1139 279 1199 326 qui
1223 281 1426 327 praesidium

316 342 522 383 tradiderit,
539 341 595 377 vel
611 343 765 389 ipsorum
783 341 1089 389 Syracusanorum
1106 348 1298 390 postremo,
1313 356 1429 381 serum

318 407 473 456 quidem,
489 407 549 443 sed
553 405 660 455 forte
675 406 871 442 consilium.
904 407 1069 442 Omnium
1079 407 1145 443 sibi.
1159 408 1319 444 laborum
1333 410 1431 457 peri-

315 472 559 519 culorumque,
598 471 693 506 circa
725 471 854 506 moenia
885 469 1114 518 Syracusana
1141 476 1238 507 terra
1271 474 1434 521 ‘marique

316 541 389 572 tam
410 537 472 571 diu
486 535 750 577 exhaustorum,
767 547 994 583 nequaquam
1014 540 1154 571 tantum
1163 535 1333 585 fructum
1349 549 1433 581 esse,

316 613 423 649 quam
447 612 572 649 capere
595 600 792 648 Syracusas
816 601 982 648 potuisse.
1039 598 1134 636 Inde
1153 606 1320 649 quaestor
1347 614 1433 637 cum

316 665 492 715 praesidio
513 664 558 700 ad
574 664 722 700 Nasum
738 663 785 699 ad
802 663 1059 713 accipiendam
1076 664 1276 713 pecuniam
1289 665 1433 714 regiam

319 729 678 778 custodiendamque
698 729 831 764 missus
848 742 855 763 ε
890 728 976 764 urbs
990 728 1200 778 diripienda
1215 729 1325 766 militi
1346 716 1434 766 data

319 801 390 838 est,
422 793 641 830 custodibus
673 793 799 828 divisis
830 805 896 842 per
915 792 1047 828 domos
1078 806 1222 836 eorum,
1243 794 1305 843 qui
1335 795 1435 831 intra

318 858 493 909 praesidia
511 857 690 893 Romana
708 856 870 893 fuerant.
928 857 1056 896 Quum
1081 857 1201 893 multa
1218 858 1297 901 irae,
1317 857 1437 894 multa

321 924 502 965 avaritiae,
519 921 623 958 foeda
640 920 811 971 exempla
831 920 1043 963 ederentur,
1061 921 1340 965 Archimedem,
1357 934 1435 957 me-

320 988 450 1024 moriae
466 986 658 1037 proditum
672 991 742 1027 est,
760 986 797 1020 in
811 991 920 1020 tanto
934 984 1112 1027 tumultu,
1127 991 1310 1034 quantum
1326 992 1435 1036 capta

322 1053 410 1088 urbs
436 1052 475 1087 in
495 1051 663 1087 discursu
682 1049 941 1099 diripientium
967 1049 1128 1084 militum
1149 1050 1246 1085 ciere
1272 1057 1437 1100 poterat,

321 1117 512 1153 intentum
531 1115 676 1157 formis,
694 1126 785 1163 quas
806 1114 844 1150 in
865 1113 1018 1163 pulvere
1034 1113 1296 1163 descripserat,
1317 1115 1364 1150 ab
1381 1116 1436 1164 ig-

322 1194 416 1217 naro
446 1179 579 1222 milite,
601 1179 683 1227 quis
713 1184 824 1220 esset,
852 1177 1116 1213 interfectum:
1151 1190 1248 1226 aegre
1276 1178 1315 1214 id
1333 1178 1439 1215 Mar-

322 1245 458 1282 cellum
473 1244 618 1286 tulisse,
636 1242 912 1293 sepulturaeque
928 1255 1055 1278 curam
1071 1242 1240 1279 habitam
1258 1259 1264 1279 2
1297 1249 1334 1280 et
1352 1256 1441 1294 pro-

321 1310 472 1361 pinquis
503 1308 616 1344 etiam
647 1307 836 1356 inquisitis
865 1307 1003 1342 honori
1023 1308 1272 1357 praesidioque
1300 1321 1441 1345 nomen

323 1388 368 1412 ac
388 1373 609 1410 memoriam
639 1370 719 1421 ejus
741 1371 870 1408 fuisse.
928 1371 1017 1408 Hoc
1047 1373 1209 1409 maxime
1238 1373 1351 1409 modo
1372 1373 1441 1422 Sy—

326 1451 468 1475 racusae
490 1443 634 1487 captae:
667 1436 706 1471 in
728 1434 863 1484 quibus
884 1435 1019 1485 praedae
1047 1442 1197 1472 tantum
1216 1436 1302 1481 fuit,
1323 1450 1443 1486 quan-

324 1509 406 1540 tum
425 1502 489 1538 vix
516 1506 627 1550 capta
646 1499 889 1547 Karthagine
917 1505 998 1535 tum
1017 1499 1164 1543 fuisset,
1190 1513 1275 1536 cum
1294 1513 1369 1550 qua
1387 1501 1443 1537 vi-

324 1568 427 1605 ribus
460 1566 573 1615 aequis
600 1564 829 1601 certabatur.
887 1564 1023 1601 Paucis
1054 1570 1142 1601 ante
1162 1564 1308 1608 diebus,
1330 1578 1443 1614 quam

326 1632 521 1681 Syracusae
538 1635 777 1680 caperentur,
795 1628 840 1664 T.
859 1628 1045 1664 Otacilius
1063 1641 1148 1664 cum
1164 1629 1443 1678 quinqueremi-

326 1696 629 1744 bus-octoginta
660 1693 814 1729 Uticam
845 1692 891 1729 ab
921 1692 1096 1742 Lilybaeo
1126 1693 1357 1729 transmisit:
1391 1700 1442 1737 et,

326 1769 444 1810 quum
470 1766 557 1796 ante
587 1758 710 1794 lucem
738 1763 891 1807 portum
921 1757 1334 1800 intrasset„onerarias
1363 1757 1439 1794 fru-

328 1833 459 1862 mento
479 1830 634 1860 onustas
661 1823 785 1872 cepit:
818 1833 1063 1870 egressusque
1088 1822 1127 1857 in
1155 1830 1308 1865 terram,
1329 1822 1443 1872 depo-

330 1890 481 1943 pulatus
502 1896 559 1925 est
585 1889 821 1938 aliquantum
847 1888 928 1936 agri
955 1888 1054 1923 circa
1074 1887 1241 1931 Uticam,
1263 1888 1444 1937 praedam-

331 1969 403 2005 que
423 1955 545 1991 omnis
567 1954 714 2002 generis
744 1960 846 1988 retro
875 1953 921 1988 ad
950 1964 1062 1987 naves
1087 1953 1176 2000 egit.
1233 1951 1444 2001 Lilybaeum

330 2021 445 2057 tertio
475 2019 548 2062 die,
580 2031 692 2067 quam
721 2018 806 2053 inde
837 2016 1028 2067 profectus
1059 2023 1152 2059 erat,
1183 2029 1267 2052 cum
1297 2024 1447 2053 centum

331 2086 490 2134 triginta
510 2084 691 2119 onerariis
718 2082 876 2119 navibus
897 2082 1088 2118 frumento
1114 2081 1312 2131 praedaque
1332 2094 1447 2118 onus—

328 2150 379 2185 tis
400 2148 533 2185 rediit:
568 2148 678 2197 idque
697 2147 929 2184 frumentum
949 2144 1139 2195 extemplo
1156 2145 1356 2195 Syracusas
1376 2147 1447 2183 mi-

332 2214 381 2249 sit
399 2228 406 2248 :
440 2211 541 2261 quod
561 2213 600 2247 ni
619 2219 698 2247 tam
718 2212 757 2247 in
777 2218 949 2261 tempore
973 2210 1220 2252 subvenisset,
1242 2210 1446 2247 victoribus

334 2279 518 2327 victisque
538 2278 678 2328 pariter
698 2278 911 2328 perniciosa
929 2277 1047 2313 fames
1068 2276 1245 2313 instabat.

390 2343 570 2380 XXXII.
600 2343 745 2380 Eadem
767 2349 896 2380 aestate
913 2344 950 2379 in
969 2342 1171 2393 Hispania,
1189 2354 1273 2378 cum
1292 2341 1448 2380 biennio

1520 2378 1527 2461 ..ο-..-
1520 2235 1526 2372 Λ-Ᾱᾞ-υ-Ᾰ,
1523 2218 1525 2226 u
