1527 2661
298 150 350 194 88
759 163 806 192 T.
832 162 964 193 mvn

79 259 123 289 U.
137 258 174 290 C.
188 264 262 290 453.
296 267 381 297 mae,
402 260 482 289 tum
504 253 689 289 desiderio
716 254 799 295 viri,
820 260 901 289 tum
928 252 1242 289 incommoditate
1262 259 1411 303 tempo-

81 303 122 331 Α·
137 303 174 333 C'
188 310 261 335 299.
296 319 360 361 ris,
378 319 495 354 tristis
516 318 676 353 nuncius
696 317 769 352 fuit
788 334 794 353 :
828 325 870 353 ut
886 318 1017 353 Patres
1038 317 1085 353 ab
1100 316 1274 367 jubendo
1290 318 1410 353 dicta-

296 388 380 417 tore
400 381 564 416 consulis
586 380 820 428 subrogandi
840 382 1010 423 comitia,
1033 394 1078 417 ex
1098 381 1287 416 sententia
1305 381 1410 430 prin-

81 446 285 477 M.Va1erius
298 447 423 495 cipum
442 445 586 487 habita,
613 444 875 480 deterruerint.
925 444 981 481 M.
1001 444 1196 480 Valerium
1216 444 1430 481 consulem¹

80 489 255 522 subfectus.
296 522 427 546 omnes
455 509 652 544 sententiae
681 509 936 556 centuriaeque
959 509 1098 551 dixere,
1121 521 1233 557 quem
1258 515 1410 544 senatus

296 574 521 626 dictatorem
550 572 624 607 dici
655 570 830 620 jussurus
860 571 1006 607 fuerat:
1039 578 1121 607 tum
1151 571 1342 622 extemplo
1372 572 1411 608 in

293 638 487 674 Etruriam
508 636 555 672 ad
573 635 742 684 legiones
759 635 946 685 proficisci
959 635 1088 685 jussit.
1118 636 1313 672 Adventus
1331 635 1411 686 ejus

294 701 520 751 compressit
537 701 735 743 Etruscos,
753 700 846 736 adeo
863 707 905 735 ut
923 713 1036 736 nemo
1049 707 1157 736 extra
1173 701 1411 737 munimenta

294 766 422 814 egredi
452 765 619 808 auderet,
645 766 835 813 timorque
864 765 1033 814 ipsorum
1059 765 1249 801 obsidioni
1279 764 1410 800 similis

294 836 415 866 esset:
438 843 560 878 neque
579 829 663 865 illos
683 842 804 865 novus
825 829 958 865 consul
973 830 1163 865 vastandis
1181 830 1279 878 agris
1299 842 1412 865 uren—

294 900 425 947 disque
444 900 569 941 tectis,
587 911 701 948 quum
721 897 862 947 passim
880 908 959 931 non
978 894 1078 930 villae
1100 893 1236 936 solum,
1254 892 1317 928 sed
1335 892 1411 929 fre-

294 969 451 1011 quentes
473 975 623 1012 quoque
649 963 736 1004 vici,
764 961 945 997 incendiis
968 959 1174 1000 fumarent,
1203 956 1337 992 elicere
1364 956 1412 992 ad

295 1034 485 1063 certamen
502 1028 639 1077 potuit.
684 1028 813 1065 Quum
834 1026 909 1061 hoc
931 1024 1083 1072 segnius
1104 1021 1244 1058 bellum
1260 1021 1411 1071 opinio-

293 1104 342 1127 ne
362 1098 474 1134 esset,
491 1091 644 1127 alterius
661 1091 765 1133 belli,
780 1090 880 1139 quod
899 1088 1026 1125 multis
1046 1088 1084 1122 in
1105 1086 1224 1122 vicem
1241 1085 1410 1121 cladibus

293 1155 395 1191 haud
414 1156 592 1191 inmerito
614 1155 781 1191 terribile
802 1160 896 1196 erat,
917 1153 1018 1189 fama
1038 1150 1267 1192 Picentium,
1288 1162 1409 1185 novo-

77 1218 238 1268 Samnites
294 1232 377 1255 rum
397 1220 605 1261 sociorum,
626 1219 766 1254 indicio
793 1223 927 1253 exorta
947 1221 1025 1251 est:
1058 1215 1237 1250 Samnites
1255 1225 1359 1249 arma
1377 1218 1412 1250 et

74 1261 240 1292 ‘menam'
293 1283 518 1319 rebellionem
537 1288 711 1331 spectare,
732 1294 836 1330 seque
855 1281 899 1316 ab
918 1282 962 1316 iis
988 1279 1201 1315 sollicitatos
1219 1289 1300 1313 esse.
1346 1277 1412 1313 Pi-

293 1347 466 1383 centibus
487 1347 618 1395 gratiae
645 1354 754 1389 actae,
776 1353 814 1382 et
838 1358 978 1393 magna
1002 1356 1088 1394 pars
1116 1355 1214 1378 curae
1234 1341 1410 1377 Patribus

294 1412 340 1448 ab
361 1411 517 1447 Etruria
536 1412 574 1446 in
596 1411 783 1447 Sanmites
811 1423 919 1446 versa
939 1415 1007 1445 est.
1039 1408 1186 1443 Caritas
1207 1407 1321 1442 etiam
1342 1419 1411 1442 an·

292 1489 404 1513 nonae
442 1476 644 1512 sollicitam
681 1477 873 1511 civitatem
907 1474 1065 1510 habuit:
1104 1479 1335 1520 ventumque
1364 1471 1411 1507 ad

294 1540 434 1589 inopiae
464 1539 638 1575 ultimum
667 1539 780 1582 foret,
811 1545 853 1574 ut
883 1538 1080 1587 scripsere,
1099 1535 1235 1584 quibus
1266 1533 1412 1570 aedilem

294 1604 410 1640 fuisse
438 1616 482 1638 eo
517 1616 618 1639 anno
648 1603 810 1639 Fabium
839 1602 1054 1638 Maximum
1088 1600 1228 1650 placet,
1260 1600 1300 1634 ni
1331 1598 1411 1649 ejus

295 1668 365 1702 viri
386 1680 488 1710 cura,
510 1667 630 1716 qualis
651 1669 690 1703 in
717 1667 862 1703 bellicis
889 1667 1000 1703 rebus
1020 1664 1150 1702 multis
1174 1663 1411 1714 tempestati-

294 1730 365 1766 bus
385 1726 523 1773 fuerat,
545 1731 630 1767 talis
652 1731 754 1766 domi
773 1738 855 1766 tum
875 1732 913 1766 in
934 1743 1094 1766 annonae
1116 1728 1410 1777 dispensatione,

295 1796 544 1845 praeparando
576 1809 619 1832 ac
653 1796 900 1832 convehendo
929 1796 1136 1837 frumento,
1170 1793 1316 1829 fuisset.
1351 1791 1412 1828 Eo

296 1873 397 1895 auno
421 1862 507 1907 (nec
526 1861 688 1896 traditur
708 1862 857 1907 caussa)
881 1861 1140 1908 interregnum
1160 1858 1320 1893 initum:
1352 1857 1411 1892 in·-

295 1931 462 1974 terreges
492 1925 597 1961 fuere
621 1926 694 1974 Ap.
723 1925 917 1968 Claudius,
949 1926 1034 1961 dein
1065 1924 1107 1960 P.
1137 1922 1336 1972 Sulpicius.
1377 1921 1414 1957 Is

102 2000 146 2030 U.
161 1998 197 2029 C.
213 2006 285 2030 454.
299 1991 454 2027 comitia
491 1990 705 2026 consularia
741 1989 899 2026 habuit:
940 1989 1078 2025 creavit
1112 1988 1158 2023 L.
1194 1986 1413 2023 Cornelium

103 2042 194 2074 A·C·
210 2049 530 2104 293 Scipionem,
557 2055 626 2091 Cn.
647 2055 822 2090 Fulvium
849 2053 1034 2090 consules.
1082 2052 1276 2101 Principio
1301 2050 1414 2101 hujus

298 2119 388 2155 anni
415 2124 582 2154 oratores
606 2118 851 2154 Lucanorum
882 2118 929 2153 ad
954 2128 1074 2153 novos
1103 2115 1275 2152 consules
1302 2127 1415 2151 vene-

297 2189 401 2225 runt,
423 2189 612 2231 questum,
634 2185 719 2231 quia
748 2183 1009 2219 conditionibus
1034 2182 1210 2229 perlicere
1227 2192 1262 2216 se
1289 2182 1415 2228 nequi-

297 2249 414 2282 verint
433 2248 481 2283 ad
506 2249 712 2283 societatem
738 2260 934 2290 armorum,
957 2247 1136 2282 Samnites
1160 2244 1290 2293 infesto
1315 2256 1414 2280 erer-

300 2313 373 2346 citu
395 2313 567 2360 ingressos
572 2312 668 2360 fines
685 2324 766 2348 suos
784 2317 939 2355 vastare,
961 2312 1120 2360 belloque
1139 2311 1188 2346 ad
1208 2310 1336 2346 bellum
1356 2321 1414 2345 co-
