1527 2661
384 170 536 199 LrssER
560 169 692 197 xxu.
725 166 830 196 CAP.
859 167 900 195 L.
1109 154 1189 208 285

90 259 178 296 inde
214 260 329 296 effuse
364 259 528 308 fugiunt.
585 258 736 309 Septem
767 256 886 294 millia
919 255 1114 292 hominum
1150 256 1191 292 in
1204 253 1247 284 U·
1260 253 1296 284 C·
1311 256 1387 284 ⁵³⁶0

91 324 239 360 minora
257 329 392 366 castra,
413 323 542 360 decem
556 323 595 358 in
611 321 768 373 majora,
789 322 863 358 duo
877 320 993 357 ferme
1011 320 1048 356 in
1066 320 1190 357 vicum
1203 297 1291 329 A‘C‘
1304 300 1379 328 Ἠῶ

92 387 213 438 ipsum
233 388 383 424 Cannas
403 388 668 438 perfugerunt:
691 388 754 437 qui
773 385 963 436 extemplo
982 399 1004 422 a
1022 384 1192 421 Kartha—

90 450 179 487 lone
207 457 320 501 atque
349 451 552 501 equitibus,
578 451 683 488 nullo
705 451 940 488 munimento
968 455 1120 499 tegente
1138 450 1194 485 vi·

89 527 191 560 cum,
212 516 456 553 circumventi
475 523 574 554 sunt.
621 515 767 553 Consul
785 515 892 558 alter,
912 527 977 550 seu
995 513 1108 558 forte,
1129 526 1197 550 seu

90 579 266 623 consilio,
285 579 379 616 nulli
398 580 626 629 fugientium
651 580 809 616 infestus
833 579 986 628 agmini,
1007 591 1092 615 cum
1111 591 1202 629 sep-e

90 644 266 692 tuaginta
301 644 379 681 fere
409 644 598 694 equitibus
619 644 824 681 Venusiam
857 643 1033 694 perfugit.
1088 643 1194 683 Qua·
1206 631 1331 706 Cffi‘ffii

90 708 266 756 draginta
285 709 401 745 millia
413 709 596 759 peditum,
614 709 689 745 duo
709 707 827 745 millia
842 708 1072 758 septingenti
1091 707 1196 756 equi·
1208 686 1313 750 guerit.

91 778 162 816 tes,
192 779 231 809 et
249 780 356 810 tanta
374 786 495 824 prope
524 774 661 810 civium
689 774 952 822 sociorumque
980 784 1079 822 pars,
1111 771 1197 809 caesi

90 836 267 874 dicuntur
283 854 294 884 3
326 838 365 874 in
390 838 447 874 his
468 837 580 874 ambo
600 837 798 874 consulum
822 842 1025 887 quaestores
1047 835 1094 873 L.
1110 836 1199 873 Ati-

91 899 162 937 lius
192 908 230 938 et
257 901 304 939 L.
332 902 468 939 Furius
499 902 730 940 Bibaculus:
764 914 860 938 unus
891 907 929 938 et
957 901 1093 950 viginti
1129 901 1198 937 tri-

90 964 185 1002 buni
216 966 379 1003 militum
393 983 404 1013 3
445 966 662 1004 consulares
699 967 850 1016 quidam
885 965 1127 1016 praetoriique
1159 970 1199 1001 et

91 1029 266 1067 aedilicii:
305 1031 404 1068 inter
432 1045 496 1069 eos
526 1032 597 1069 Cn,
617 1031 814 1069 Servilium
843 1030 1045 1067 Geminum
1074 1036 1112 1067 et
1137 1028 1197 1067 M

92 1097 305 1134 Minucium
333 1105 547 1143 numerant,
578 1099 641 1148 qui
669 1099 848 1147 magister
876 1097 1044 1147 equitum
1072 1096 1200 1146 priore

95 1174 210 1204 anno,
231 1161 376 1211 aliquot
395 1169 482 1199 ante
502 1162 634 1199 consul
651 1162 797 1199 fuerat:
830 1163 1027 1211 octoginta
1045 1167 1201 1211 praeter·

95 1240 141 1263 ea
159 1232 225 1262 aut
243 1232 450 1271 senatores,
471 1234 537 1264 aut
555 1228 619 1277 qui
638 1239 701 1264 eos
721 1227 961 1276 magistratus
981 1227 1200 1275 gessissent,

97 1292 193 1327 unde
213 1291 252 1327 in
275 1298 446 1328 senatum
472 1292 547 1342 legi
566 1292 759 1335 deberent,
781 1304 895 1340 quum
919 1304 987 1327 sua
1005 1290 1200 1328 voluntate

97 1356 234 1394 milites
264 1358 302 1393 in
322 1357 533 1407 legionibus
562 1358 654 1394 facti
683 1363 818 1393 essent.
874 1357 997 1406 Capta
1026 1368 1071 1391 eo
1099 1369 1200 1406 proe-

98 1421 150 1457 lio
171 1422 242 1457 tria
261 1420 379 1457 millia
397 1422 565 1472 peditum
585 1430 623 1458 et
641 1423 784 1471 equites
803 1421 963 1456 trecenti
982 1421 1167 1456 dicuntur.

150 1485 196 1523 L.
226 1485 322 1522 Haec
342 1492 398 1522 est
412 1499 540 1536 pugna
555 1486 779 1528 Cannensis,
797 1484 957 1520 Alliensi
978 1484 1072 1520 cladi
1091 1483 1202 1520 nobi—

97 1550 205 1587 litate
224 1563 313 1601 par:
346 1558 512 1588 ceterum
532 1557 573 1588 ut
592 1551 678 1594 illis,
700 1564 782 1600 quae
808 1555 894 1600 post
913 1562 1079 1599 pugnam
1104 1550 1203 1585 acci-

98 1615 199 1658 dere,
220 1615 350 1658 levior,
369 1616 524 1665 quia'ab
550 1617 659 1653 hoste
680 1622 865 1652 cessatum
890 1621 947 1650 est
963 1630 973 1660 3
1006 1615 1058 1649 sic
1078 1619 1203 1663 strage

100 1679 287 1715 exercitus
316 1681 466 1727 gravior
491 1681 728 1730 foediorque:
759 1680 852 1728 fuga
878 1691 1040 1728 namque
1066 1679 1111 1714 ad
1136 1678 1205 1714 Al—

101 1743 190 1780 liam
206 1744 303 1779 sicut
318 1744 446 1780 urbem
463 1746 642 1794 prodidit,
658 1745 710 1781 ita
724 1744 930 1781 exercitum
946 1744 1107 1779 servavit
1123 1757 1130 1777 :
1159 1742 1205 1779 ad

101 1809 252 1844 Cannas
281 1807 490 1856 fugientem
519 1809 711 1845 consulem
732 1809 792 1845 vix
820 1807 1060 1858 septuaginta
1088 1806 1207 1844 secuti

100 1878 213 1908 sunt:
245 1871 396 1908 alterius
423 1873 617 1909 morientis
643 1886 761 1923 prope
784 1879 886 1908 totus
913 1872 1098 1908 exercitus
1121 1871 1206 1908 fuit.

102 1937 210 1973 Binis
230 1938 269 1972 in
293 1938 423 1973 castris
443 1951 556 1987 quum
583 1938 785 1974 multitudo
811 1937 1015 1973 semiermis
1042 1937 1122 1973 sine
1141 1937 1209 1973 du-

103 2001 208 2038 cibus
235 2008 345 2044 esset,
375 2003 569 2046 nuncium,
592 2004 654 2052 qui
681 2003 719 2038 in
748 2001 954 2052 majoribus
974 2007 1094 2044 erant,
1121 2002 1210 2037 mit-

104 2072 213 2112 tunt3
247 2069 331 2105 dum
355 2069 496 2116 proelio,
516 2070 642 2104 deinde
670 2080 712 2103 ex
741 2068 868 2103 laetitia
896 2067 1009 2115 epulis
1029 2066 1213 2115 fatigato3

105 2132 201 2179 quies
214 2136 388 2167 nocturna
404 2131 516 2167 hostes
528 2137 716 2180 premeret,
736 2137 776 2167 ut
791 2133 838 2167 ad
855 2143 891 2166 se
908 2132 1099 2166 transirent
1112 2147 1124 2166 .·
1142 2143 1213 2166 uno

108 2191 260 2244 agmind
269 2195 459 2233 Canusium
479 2197 636 2232 abituros
655 2208 738 2233 esse.
783 2196 880 2232 Eam
900 2195 1128 2231 sententiam
1148 2194 1211 2230 alii
1224 2202 1403 2233 Canusium

108 2266 230 2296 totam
258 2260 496 2310 adspernari:
532 2262 604 2297 Cur
630 2263 721 2297 enim
749 2261 842 2303 illos,
869 2261 930 2308 qai
955 2271 991 2295 se
1018 2264 1208 2302 arcessant,
1224 2246 1317 2275 multi
1335 2245 1397 2275 ¹³⁰·

1224 2298 1276 2318 ma
1322 2297 1395 2318 rum

92 2316 201 2372 ἄρεος
227 2337 295 2362 mm
324 2327 454 2368 venire,
483 2338 591 2374 quum
619 2338 714 2373 aeque
742 2324 906 2372 conjungi
932 2328 1096 2372 possent:
1125 2326 1212 2372 quia
1224 2299 1362 2371 fugffint.

13 2372 14 2387 η

12 2395 14 2416 A
