1527 2661
337 187 493 215 LIBER
517 185 624 213 xxl.
657 184 763 212 CAP.
788 184 939 213 LXIII.
1108 184 1185 227 223

89 275 147 309 cui
174 287 226 310 eae
255 273 435 322 legiones,
456 286 536 322 quae
563 271 765 308 Placentiae
793 271 1058 315 hibernabant,
1088 278 1188 309 sorte
1201 283 1290 316 uc,
1309 291 1382 315 534,

89 345 302 380 evenerant,
324 338 486 386 edictum
507 343 543 372 et
570 336 694 372 literas
725 336 771 372 ad
800 335 991 371 consulem
1010 337 1125 379 misit,
1147 344 1187 372 ut
1201 329 1234 358 A·
1256 328 1293 358 C·
1309 334 1382 359 ²¹⁸·

89 402 118 436 is
144 402 329 437 exercitus
356 401 485 437 Idibus
514 401 663 436 Martiis
691 400 852 436 Arimini
879 400 1024 436 adesset
1050 401 1088 436 in
1108 412 1188 436 cas-

89 465 167 500 tris.
224 464 326 501 Huic
345 466 384 500 in
402 465 595 514 provincia
621 464 857 501 consulatum
877 465 971 500 inire
991 464 1189 500 consilium
1201 470 1376 499 Temeritas

1201 519 1230 542 et
1252 514 1406 551 adrogan-

1203 556 1246 585 tia
1262 557 1285 586 F
1288 555 1381 585 lami-

90 606 171 641 quae
191 594 363 629 tribunus
384 594 517 644 plebis,
538 599 575 629 et
594 607 675 642 quae
702 600 834 643 postea
859 593 1004 636 consul,
1024 594 1126 643 prius
1146 594 1192 630 de
1204 600 1259 629 nii.

92 657 304 701 consulatu,
326 659 389 706 qui
418 657 686 706 abrogabatur,
717 657 801 693 dein
831 657 877 692 de
904 657 1096 708 triumpho
1125 658 1193 695 ha-

90 719 249 757 buerat:
290 721 429 756 invisus
460 721 574 756 etiam
605 720 781 756 Patribus
811 719 860 756 ob
894 733 1031 756 novam
1058 720 1194 770 legem,

92 796 204 832 quam
223 785 271 823 Q.
289 784 466 820 Claudius
482 785 654 820 tribunus
675 783 795 833 plebis
815 784 988 820 adversus
1008 791 1180 822 senatum

92 859 169 882 uno
189 846 344 883 Patrum
361 847 562 898 adjuvante
583 848 626 884 C.
642 847 844 890 Flaminio,
865 847 1004 883 tulerat
1012 864 1023 893 5
1046 861 1093 884 ne
1113 850 1194 897 quis

93 917 258 955 senator,
289 912 399 961 quive
431 913 614 948 senatoris
648 917 756 962 pater
788 911 934 955 fuisset,
968 913 1197 950 maritimam

93 987 241 1019 navem,
271 989 353 1026 quae
382 976 464 1027 plus
495 990 607 1026 quam
644 982 895 1012 trecentarum
932 977 1199 1027 amphorarum

95 1045 206 1082 esset,
226 1039 395 1077 haberet.
443 1040 487 1076 Id
505 1041 595 1076 satis
614 1039 787 1076 habitum
807 1040 853 1076 ad
871 1038 1014 1076 fructus
1035 1054 1081 1077 ex
1100 1042 1198 1090 agris

94 1103 317 1139 vectandos:
350 1110 512 1153 quaestus
533 1105 654 1141 omnis
673 1104 848 1140 Patribus
869 1104 1066 1141 indecorus
1086 1106 1200 1142 visus.

94 1164 188 1208 Res,
208 1179 274 1215 per
293 1179 476 1204 summam
494 1168 778 1204 contentionem
793 1174 891 1211 acta,
908 1168 1086 1205 invidiam
1102 1169 1202 1219 apud

97 1228 336 1265 nobilitatem
371 1232 515 1266 suasori
544 1230 637 1279 legis
669 1230 871 1274 Flaminio,
902 1231 1070 1268 favorem
1103 1232 1203 1282 apud

96 1291 245 1341 plebem
274 1293 506 1344 alterumque
535 1295 622 1331 inde
648 1295 899 1338 consulatum,
926 1296 1083 1346 peperit.
1141 1295 1203 1332 Ob

96 1356 177 1392 haec
206 1363 308 1393 ratus
338 1359 515 1408 auspiciis
543 1360 806 1403 ementiendis,
832 1359 1130 1409 Latinarumque
1147 1360 1204 1396 fe-

98 1420 237 1456 riarum
264 1434 385 1465 mora,
413 1429 451 1458 et
471 1423 730 1459 consularibus
751 1423 833 1460 aliis
861 1424 1126 1474 inpedimentis
1146 1437 1204 1461 re-

96 1489 268 1521 tenturos
289 1498 328 1521 se
358 1487 397 1522 in
419 1486 525 1529 urbe,
546 1487 723 1523 simulato
752 1488 887 1524 itinere
915 1489 1082 1537 privatus
1109 1488 1205 1524 clam

99 1547 139 1583 in
168 1550 400 1598 provinciam
430 1551 534 1588 abiit.
591 1551 649 1588 Ea
677 1565 750 1595 res,
781 1552 994 1602 ubi'palam
1013 1552 1114 1589 facta
1133 1559 1203 1596 est,
1218 1559 1310 1608 Clarn
1327 1560 1359 1589 in

98 1623 236 1648 novam
255 1614 407 1663 iusuper
426 1615 520 1650 iram
546 1616 691 1651 infestis
714 1615 797 1665 jam
821 1622 909 1652 ante
927 1616 1102 1653 Patribus
1122 1629 1204 1653 mo·
1217 1604 1413 1676 Ξὲῗὲωείἃω

100 1675 155 1710 vit
173 1689 180 1710 :
212 1677 294 1712 Non
313 1690 391 1713 cum
409 1683 533 1714 senatu
552 1681 669 1721 modo,
689 1682 751 1716 sed
768 1679 851 1726 jam
870 1693 949 1716 cum
969 1681 1055 1716 Diis
1074 1682 1205 1717 inmor-

102 1739 245 1781 talibus,
278 1740 316 1776 C.
340 1742 554 1777 Flaminium
583 1743 714 1778 bellum
739 1756 886 1791 gerere:
921 1746 1097 1780 consulem
1124 1750 1209 1782 ante

102 1804 325 1851 inauspicato
343 1804 493 1852 factum
512 1807 753 1843 revocantibus
780 1819 820 1843 ecc
844 1810 923 1856 ipsa
949 1809 1025 1844 acie
1045 1809 1132 1844 Diis
1150 1815 1207 1845 at-

102 1877 168 1912 que
192 1865 387 1902 hominibus
411 1880 481 1903 non
503 1871 665 1915 paruisse
677 1886 689 1912 ‚·
717 1875 751 1906 et
770 1883 862 1906 nunc
880 1873 1091 1907 conscientia
1108 1885 1207 1920 spre-

106 1933 221 1964 torum
249 1935 283 1966 et
314 1931 531 1979 Capitolium
556 1938 590 1968 et
614 1935 816 1970 sollemnem
835 1938 997 1971 votorum
1021 1948 1206 1984 nuncupa—

106 1994 236 2028 tionem
254 1993 394 2042 fugisse
410 2011 422 2030 .·
449 2007 493 2030 ne
519 1996 576 2031 die
603 1998 681 2032 im'tt
704 2000 934 2045 magistratus
957 2000 1057 2035 Jovis
1081 2002 1208 2047 optimi

104 2058 252 2093 maximi
272 2060 442 2106 templum
461 2061 606 2096 adiret:
633 2073 677 2096 ne
701 2067 874 2105 sena-tum,
902 2064 1032 2099 invisus
1058 2065 1143 2111 ipse,
1174 2070 1210 2099 et

103 2120 169 2155 sibi
187 2123 249 2156 uni
269 2123 431 2165 invisum,
451 2124 585 2159 videret
608 2126 893 2173 consuleretque:
920 2139 963 2162 ne
984 2128 1134 2163 Latinas
1153 2130 1209 2163 ιἰη-

106 2184 250 2227 dic-eret,
271 2186 423 2233 Jovique
442 2187 586 2223 Latiari
606 2190 773 2225 sollemne
791 2202 930 2225 sacrum
949 2192 985 2225 in
1005 2195 1123 2226 monte
1140 2191 1210 2239 sa-

108 2253 199 2284 ceret
215 2266 226 2285 .·
254 2262 311 2291 ne,
342 2253 526 2298 auspicato
554 2252 735 2300 profectus
760 2256 796 2289 in
820 2254 1038 2302 Capitolium
1057 2256 1105 2290 acl
1130 2261 1213 2290 vota

109 2314 361 2361 nuncupanda,
380 2316 577 2363 paludatus
597 2318 678 2352 inde
696 2330 773 2353 cum
794 2319 972 2354 lictoribus
994 2320 1042 2353 ad
1066 2321 1211 2367 provin-

623 2377 699 2415 L4

89 535 183 572 erat,
213 530 369 566 memori
398 537 566 565 veterum
595 529 841 565 certaminum
870 541 954 564 cum
982 529 1187 575 Patribu83
