1527 2661
0 2589 8 2661 mx

305 181 460 210 LIBER
485 180 639 207 XXIII.
673 179 779 206 CAP.
801 179 944 207 xxvl.
1097 176 1178 221 337

72 267 228 305 Publius
249 269 405 305 navibus
432 281 510 304 rem
530 274 678 316 gereret
690 284 701 313 5
736 265 952 302 Hasdrubal
972 266 1179 303 Poenorum
1195 273 1234 303 U.
1247 272 1284 301 C.
1300 276 1373 302 ³36.

72 332 289 381 imperator,
307 333 429 368 neutri
449 332 548 381 parti
563 332 697 367 virium
717 331 806 366 satis
827 330 959 372 fidens,
981 330 1113 379 procul
1131 331 1178 367 ab
1190 314 1279 347 A·C'
1294 317 1368 344 ²¹⁶²

72 395 196 438 hoste,
226 395 424 431 intervallo
453 408 496 431 ac
515 395 608 430 locis
638 401 756 437 tutus,
777 393 934 429 tenebat
962 406 1023 429 se:
1057 395 1182 442 quoad

73 459 232 495 multum
252 472 295 495 ac
310 460 374 496 diu
394 459 603 495 obtestanti
620 465 783 507 quatuor
804 457 921 493 millia
939 459 1122 508 peditum,
1144 465 1182 494 et

73 523 270 571 quingenti
297 524 440 571 equites
470 523 507 557 in
535 521 837 572 supplementum
863 522 965 557 missi
986 535 1031 557 ex
1051 522 1183 558 Africa

72 593 171 622 sunt.
226 587 340 630 Tum,
356 588 497 623 refecta
517 587 668 622 tandem
685 599 764 636 spe,
781 593 904 622 castra
922 588 1076 636 propius
1092 588 1182 623 hos-

71 657 149 686 tem
167 653 312 687 movit:
345 651 576 699 classemque
597 656 634 686 et
654 651 733 700 ipse
752 651 886 686 instrui
907 652 1105 700 pararique
1117 651 1183 702 ju-

70 714 149 756 bet,
174 715 221 750 ad
246 715 386 751 insulas
413 716 714 763 maritimamque
740 727 846 750 oram
872 715 1081 752 tutandam.
1138 716 1185 752 In

69 779 153 828 ipso
179 779 311 828 inpetu
337 779 606 815 movendarum
625 779 670 815 de
690 779 841 826 integro
867 791 1005 822 rerum,
1027 780 1186 829 perculit

73 853 158 877 eum
183 842 448 892 praefectorum
473 843 626 878 navium
651 842 851 877 transitio:
884 843 961 890 qui,
982 851 1070 892 post
1090 844 1185 881 clas·

73 918 152 943 sem
173 906 221 942 ad
246 906 398 942 Iberum
424 919 491 956 per
521 918 703 956 pavorem
729 906 916 942 desertam
935 908 1100 955 graviter
1125 908 1183 944 in-

72 970 220 1020 crepiti,
237 983 443 1020 numquam
459 970 593 1006 deinde
611 969 702 1005 satis
719 968 783 1006 fidi
803 976 868 1006 aut
884 970 983 1013 duci,
1000 977 1066 1006 aut
1080 970 1183 1008 Kar-

73 1033 369 1083 thaginiensium
405 1034 516 1071 rebus
550 1033 711 1070 fuerant.
768 1033 953 1071 Fecerant
990 1035 1030 1070 hi
1058 1041 1182 1072 trans-

71 1097 171 1147 fugae
198 1105 345 1136 motum
374 1099 414 1136 in
434 1099 700 1150 Carpesiorum
728 1105 856 1148 gente,
876 1099 1185 1149 desciverantque

72 1165 117 1200 iis
147 1166 364 1202 auctoribus
385 1166 495 1203 urbes
517 1165 685 1214 aliquot:
718 1178 794 1201 una
814 1166 929 1201 etiam
948 1165 996 1202 ab
1025 1167 1115 1216 ipsis
1149 1168 1187 1203 vi

74 1235 186 1279 capta
210 1229 344 1267 fuerat.
403 1231 448 1266 ln
475 1243 556 1266 eam
578 1236 731 1278 gentem
757 1242 905 1265 versum
933 1230 979 1266 ab
1001 1230 1186 1268 Romanis

72 1291 213 1329 bellum
229 1299 307 1329 est:
341 1293 556 1343 infestoque
575 1294 741 1329 exercitu
761 1291 981 1329 Hasdrubal
996 1294 1186 1343 ingressus

72 1368 206 1404 agrum
236 1357 418 1400 hostium,
445 1370 516 1406 pro
542 1362 662 1406 captae
695 1362 785 1392 ante
804 1356 882 1392 dies
912 1370 1052 1406 paucos
1083 1359 1187 1395 urbis

71 1418 274 1463 moenibus,
312 1419 491 1463 Galbum,
529 1418 698 1456 nobilem
735 1419 1000 1470 Carpesiorum
1038 1421 1186 1466 ducem,

71 1494 157 1518 cum
184 1482 309 1519 valido
339 1484 507 1520 exercitu
536 1483 667 1519 castris
698 1495 780 1518 sese
804 1489 1011 1527 tenentem,
1033 1485 1187 1535 adgredi

73 1547 218 1583 statuit.
264 1547 464 1583 Praemissa
482 1548 598 1596 igitur
617 1546 690 1583 levi
707 1554 912 1591 armatura,
929 1562 1011 1597 quae
1033 1549 1185 1586 eliceret

70 1611 199 1646 hostes
223 1611 270 1647 ad
289 1618 493 1653 certamen,
515 1611 683 1661 peditum
709 1618 856 1662 partem
883 1612 929 1648 ad
950 1613 1183 1664 depopulan-

73 1674 162 1709 dum
190 1687 256 1724 per
285 1688 396 1724 agros
425 1677 566 1726 passim
581 1676 735 1719 dimisit,
762 1683 805 1712 ut
832 1676 1003 1727 palantes
1034 1679 1182 1729 excipe-

72 1745 169 1775 rent.
216 1739 336 1776 Simul
355 1747 393 1776 et
413 1741 460 1776 ad
475 1747 600 1777 castra
618 1741 801 1777 tumultus
822 1749 916 1785 erat,
933 1750 971 1778 et
990 1755 1057 1792 per
1071 1755 1181 1791 agros

73 1801 238 1851 fugaque
257 1809 295 1838 et
314 1804 431 1839 caedes
446 1819 456 1849 ς
479 1804 613 1840 deinde
633 1804 797 1854 undique
813 1805 965 1842 diversis
986 1806 1183 1842 itineribus

73 1877 188 1915 quum
207 1866 247 1902 in
266 1874 391 1904 castra
407 1880 447 1904 se
466 1868 709 1918 recepissent,
731 1869 825 1905 adeo
851 1876 1005 1920 repente
1025 1871 1185 1907 decessit

73 1930 208 1967 animis
227 1943 358 1981 pavor,
378 1939 418 1968 ut
434 1945 509 1968 non
531 1932 578 1968 ad
595 1933 832 1969 munimenta
849 1933 964 1970 modo
980 1934 1184 1971 defenden-

72 1993 119 2030 da
137 1994 228 2031 satis
257 1997 470 2032 animorum
494 2003 604 2040 esset,
625 1997 690 2034 sed
718 1998 832 2034 etiam
852 1998 898 2034 ad
927 1998 1185 2037 lacessendum

70 2056 221 2094 hostem
245 2059 395 2109 proelio.
450 2060 666 2111 Erumpunt
685 2062 801 2110 igitur
827 2063 978 2111 agmine
997 2076 1017 2099 e
1036 2065 1184 2107 castris,

70 2120 320 2171 tripudiantes
339 2136 444 2160 more
463 2136 532 2159 suo
546 2140 556 2169 5
588 2125 859 2174 repentinaque
878 2138 1008 2163 eorum
1028 2127 1184 2164 audacia

72 2189 255 2222 terrorem
279 2186 396 2230 hosti,
418 2186 545 2236 paullo
575 2194 664 2223 aute
684 2188 783 2225 ultro
811 2189 1026 2233 lacessenti,
1059 2192 1183 2227 ineus-

71 2247 138 2285 sit:
171 2250 299 2300 itaque
313 2253 446 2302 etipse
461 2252 682 2290 Hasdrubal
696 2253 736 2290 in
752 2253 889 2291 collem
905 2255 994 2290 satis
1012 2254 1183 2298 arduum,

72 2317 196 2349 tutum
213 2313 368 2351 flumine
394 2316 508 2353 etiam
528 2315 698 2367 objecto,
726 2323 810 2356 tum
835 2319 964 2370 copias
993 2318 1184 2362 subducit,

124 2373 224 2412 Vot..
244 2375 297 2414 ΙΙ.
605 2380 642 2420 Q
