1527 2661
280 189 366 244 466
747 199 795 232 ⁷1·-
819 200 954 231 mvn·

89 297 130 327 U.
143 297 179 328 C.
193 305 265 329 540.
284 299 354 336 est,
387 290 582 328 castellum
616 293 916 328 communitum:
953 292 1060 340 (ante
1092 289 1233 328 Fabius
1270 291 1414 330 Maxi*

87 343 126 371 A·
139 342 174 373 C·
187 349 261 375 ²¹²·
284 370 366 394 mus
387 357 593 403 munierat)
616 357 830 406 praesidium
850 356 1074 405 inpositum,
1090 360 1133 391 ut
1151 368 1253 392 mare
1271 357 1401 406 proxi-

282 433 387 458 mum
408 426 446 456 et
464 419 605 456 flumen
625 420 662 455 in
683 425 874 469 potestate
901 425 1039 456 essent.
1096 417 1143 455 In
1163 431 1206 455 ea
1226 419 1301 455 duo
1319 432 1408 456 ma-

283 486 411 521 ritima
440 483 596 520 castella
614 483 862 526 frumentum,
883 484 985 533 quod
1009 495 1056 520 ex
1082 483 1255 520 Sardinia
1280 496 1402 534 nuper

282 550 440 586 missum
467 554 561 591 erat,
583 547 759 597 quod-que
786 548 842 584 M.
859 548 997 584 Junius
1024 554 1165 598 praetor
1184 561 1230 585 ex
1248 548 1404 584 Etruria

284 619 489 656 coemerat,
511 613 557 649 ab
579 612 691 648 Ostia
718 618 943 648 convectum
969 619 1039 656 est,
1060 617 1102 647 ut
1129 612 1311 648 exercitui
1336 624 1405 662 per

284 678 445 714 hiemem
473 677 584 727 copia
614 683 723 713 esset.
783 677 961 713 Ceterum
991 689 1112 727 super-
1132 689 1215 713 eam
1244 676 1408 720 cladem,

284 755 367 791 quae
398 742 435 777 in
456 741 622 777 Lucanis
653 747 812 790 accepta
839 747 933 784 erat,
961 740 1141 776 volonum
1160 753 1310 790 quoque
1339 752 1410 777 ex-

284 806 437 847 ercitus,
461 806 538 854 qui,
560 806 645 840 vivo
667 805 857 848 Graccho,
880 817 1027 841 summa
1046 803 1117 840 fide
1143 804 1331 854 stipendia
1349 803 1407 840 fe-

283 876 401 912 cerat,
423 869 525 905 velut
546 876 813 905 exauctoratus
841 876 963 904 morte
983 868 1102 911 ducis,
1124 868 1171 905 ab
1192 869 1309 917 signis
1330 868 1406 904 ‹lis-

284 934 409 970 cessit.
468 933 670 970 Hannibal'
697 946 774 968 non
806 933 978 983 Capuam
1007 933 1236 982 neglectam,
1268 945 1413 982 neque„

286 1004 327 1033 ut
360 1004 470 1034 tanto
496 997 728 1038 discrimine,
760 996 929 1032 desertos
959 996 1114 1032 volebat
1143 998 1291 1033 socios:
1325 997 1411 1040 sed,

285 1074 471 1112 prospero
489 1074 533 1096 ex
563 1060 908 1096 temeritate-unius
938 1058 1106 1095 Romani
1125 1060 1230 1095 ducis
1257 1072 1408 1097 succes-

286 1139 343 1169 su,
365 1126 402 1161 in
433 1126 586 1161 alterius
616 1124 720 1160 ducis
752 1124 1015 1173 exercitusque
1036 1124 1273 1174 obprimendi
1293 1137 1410 1161 occa-⁷

91 1199 273 1229 C11.Fulvi-
286 1191 433 1227 sionem
453 1189 676 1225 inminebat.
718 1189 789 1225 Cn.
802 1188 978 1225 Fulvium
998 1196 1198 1239 praetorem
1215 1189 1331 1239 Apuli
1350 1189 1405 1226 le-

91 1242 271 1316 uiinApu-
286 1255 366 1306 gati
384 1254 634 1296 nunciabant,
656 1254 794 1304 primo,
816 1254 904 1290 dum
927 1254 1038 1290 nrbes
1055 1254 1236 1303 quasdam
1257 1253 1406 1304 Apulo-

92 1309 110 1316 ..
136 1306 142 1314 ⁸
286 1332 385 1363 rum,
407 1332 490 1368 quae
517 1318 565 1355 ad
590 1317 1134 1361 Hannibalemdescivissent,
1152 1318 1408 1369 obpugnaret,

285 1384 470 1421 intentius
498 1396 577 1419 rem
604 1383 725 1431 egisse
741 1397 760 1418 :⁷
781 1388 917 1434 postea
940 1383 1066 1420 nimio
1090 1395 1264 1419 successu
1284 1389 1321 1419 et
1349 1383 1408 1433 ip-

287 1455 432 1486 sumet
453 1448 607 1491 milites,
628 1448 763 1498 praeda>
780 1447 961 1498 inpletos,
982 1448 1186 1483 iri-tantam
1212 1447 1413 1484 licentiam.

287 1514 748 1563 socordiamqueeffusos,
770 1520 814 1549 ut
837 1513 942 1549 nulla
961 1512 1160 1563 disciplina
1184 1513 1329 1550 militiae
1349 1526 1408 1550 es-

287 1588 357 1617 set.
413 1580 543 1618 Quum
563 1592 663 1628 saepe
681 1578 788 1620 alias,
809 1584 891 1614 tum
921 1578 1053 1628 paucis
1073 1577 1204 1614 diebus
1232 1584 1320 1614 ante
1340 1591 1408 1614 ex-

288 1651 430 1694 pertus,
462 1644 581 1694 qualis
612 1643 687 1679 sub*
716 1643 840 1678 inscio
872 1643 977 1679 duce-
999 1642 1185 1678 exercitus
1224 1648 1336 1687 esset,
1366 1642 1419 1680 in-

290 1709 467 1760 Apuliam
488 1715 611 1745 castra
632 1708 765 1744 movit.

342 1773 459 1809 XXI.
480 1773 590 1809 Circa
609 1772 855 1808 Herdoneam
868 1769 1055 1807 R'omanae
1070 1769 1240 1819 legiones
1257 1776 1295 1807 et
1310 1783 1420 1821 prm--

288 1848 350 1874 tor
369 1837 523 1873 Fulvius
545 1843 675 1873 erant:
709 1849 785 1885 quo
815 1835 881 1872 ubi
901 1835 1068 1872 adlatum
1097 1841 1168 1878 est,
1188 1836 1318 1872 hostes
1341 1837 1407 1872 ad-

288 1908 457 1945 ventare,
478 1914 597 1952 prope
618 1907 675 1937 est
693 1901 853 1944 factum,
871 1899 1077 1950 utin-jussu
1097 1901 1271 1950 praetoris
1291 1900 1408 1949 signis

290 1966 481 2004 convulsis
502 1967 541 2001 in
571 1966 690 2002 aciem
720 1966 890 2001 exirent:
923 1978 992 2001 nec
1021 1977 1078 2001 res
1098 1965 1174 2001 ulla
1203 1965 1324 2013 magis
1352 1970 1411 2000 te-

290 2033 388 2074 nuit,
409 2044 527 2080 quam-
543 2043 626 2081 spes
647 2030 748 2066 haud
768 2031 897 2074 dubia,
915 2043 984 2066 suo
1003 2030 1041 2066 id
1061 2030 1234 2072 arbitrio,
1251 2030 1317 2065 ubi
1329 2029 1410 2066 ‘vel-

289 2097 384 2139 lent,
423 2102 587 2131 acturos.
644 2095 773 2132 Nocte
804 2096 1024 2144 insequenti·
1050 2093 1262 2137 Hannibal,
1296 2105 1423 2143 quum*

291 2160 564 2196 tumultuatum
594 2160 632 2196 in
664 2156 810 2203 castris,
839 2166 884 2196 et·
902 2159 1102 2209 plerosque
1120 2158 1312 2200 ferociter,
1335 2158 1412 2206 sig-

293 2237 385 2261 num
403 2231 445 2260 ut
460 2224 579 2267 daret,
596 2224 780 2260 institisse
798 2225 883 2260 duci
900 2223 945 2260 ad
963 2236 1069 2259 arma
1083 2228 1261 2259 vocantes
1283 2222 1410 2268 sciret,

292 2288 394 2326 haud
413 2287 548 2323 dubins
574 2301 764 2338 prosperae
796 2301 933 2338 pugnae
963 2287 1202 2323 occasionem
1223 2286 1316 2328 dari,
1338 2286 1412 2321 tria

292 2352 412 2390 millia
429 2353 692 2404 expeditorum
712 2353 876 2392 militum
903 2352 943 2390 in
963 2351 1060 2390 villis
1082 2352 1195 2397 circa,
1215 2349 1412 2403 vepribus-

1507 2470 1511 2477 ·
1506 2451 1513 2461 Ἴ
1505 2242 1525 2442 '····³'⁴⁶'⁸>·⁴-¹—.·w·
