1527 2661
320 175 398 206 120
766 176 812 203 Τ.
840 177 975 205 L1V11

119 261 436 320 U·§·4⁵8·castra
455 265 583 301 deinde
610 277 674 301 sua
701 266 943 313 obpugnaturi
972 272 1097 309 essent,
1129 267 1298 316 rogitans
1313 283 1323 313 3
1356 266 1433 304 cla·

118 306 158 335 Α
175 322 209 335 ν’
229 313 421 366 mmmmm
445 329 596 366 sublato
617 329 764 366 connisi
791 331 914 379 primo
940 331 1146 367 resistunt:
1179 331 1315 367 deinde
1333 329 1432 367 infe-

313 402 402 430 runt
438 394 573 443 pedem
606 399 832 442 urgentque,
864 399 902 428 et
934 393 1103 443 inpulsos
1137 394 1254 430 semel
1289 402 1434 431 terrore

311 459 444 495 eodem
465 464 598 506 agunt,
620 470 695 506 quo
716 464 925 507 coeperunt.
982 458 1192 507 Expellunt
1217 466 1324 495 extra
1343 471 1433 509 por-

310 530 390 559 tam
409 522 647 570 vallumque:
680 522 767 557 inde
787 534 943 571 pergere
967 535 1010 558 ac
1029 523 1203 572 persequi
1226 524 1334 572 (quia
1351 529 1433 558 tur-

311 588 401 624 bida
420 586 485 622 lux
504 592 646 621 metum
667 586 766 621 circa
791 585 1013 621 insidiarum
1031 585 1215 632 faciebat)
1237 599 1316 623 non
1335 587 1430 630 ausi,

313 651 484 688 liberatis
513 651 645 687 castris
667 651 853 694 contenti,
874 657 1100 701 receperunt
1118 663 1158 687 se
1177 652 1278 688 intra
1295 651 1436 688 vallum

311 716 490 753 trecentis
510 715 628 751 ferme
655 715 826 751 hostium
854 716 1002 752 occisis.
1059 715 1325 753 Romanorum
1354 723 1431 753 sta-

307 781 425 818 tionis
455 780 586 830 primae
614 778 846 828 vigilumque
875 785 914 815 et
942 792 1087 823 eorum,
1109 782 1172 830 qui
1202 782 1303 817 circa
1328 795 1431 831 quae·

309 845 470 882 storium
489 844 674 894 obpressi,
695 844 839 893 periere
859 844 905 880 ad
924 844 1107 880 ducentos
1127 846 1299 894 triginta.
1335 846 1433 882 Ani-

308 923 391 947 mos
412 910 500 946 inde
526 908 759 945 Samnitibus
787 922 866 945 non
896 909 1030 946 infelix
1055 910 1215 946 audacia
1232 911 1361 956 auxit3
1395 917 1433 947 et

308 987 388 1012 non
417 973 532 1010 modo
561 972 730 1023 proferre
760 973 847 1008 inde
877 979 1001 1009 castra
1029 973 1264 1017 Romanum,
1291 975 1355 1011 sed
1383 987 1432 1011 ne

308 1039 482 1090 pabulari
502 1037 653 1087 quidem
679 1049 745 1086 per
765 1049 876 1089 agro-s
906 1050 1008 1080 suos,
1030 1038 1296 1087 patiebantur:
1328 1045 1431 1076 retro

308 1106 347 1140 in
363 1109 541 1154 pacatum
558 1103 746 1138 Soranum
762 1114 894 1150 agrum
912 1102 1156 1152 pabulatores
1173 1102 1292 1140 ibant.
1323 1103 1430 1142 Qua-

307 1181 390 1205 rum
428 1181 553 1204 rerum
588 1167 704 1209 fama,
742 1166 1016 1202 tumultuosior
1053 1168 1183 1209 etiam,
1222 1180 1335 1216 quam
1370 1180 1429 1204 res

308 1239 430 1275 erant,
460 1231 606 1282 perlata
634 1230 814 1273 Romam,
846 1232 975 1279 coegit
1002 1231 1048 1267 L.
1070 1231 1309 1268 Postumium
1339 1245 1432 1268 con-

307 1298 443 1341 sulem,
473 1296 626 1332 vixdum
658 1294 836 1338 validum,
866 1296 1056 1345 proficisci
1085 1309 1130 1333 ex
1161 1296 1265 1333 urbe.
1322 1297 1432 1333 Prius

307 1370 450 1405 tamen,
479 1374 592 1411 quam
622 1361 755 1403 exiret,
786 1360 969 1397 militibus
1000 1362 1125 1398 edicto
1155 1362 1290 1398 Soram
1311 1361 1430 1411 jussis

307 1427 524 1467 convenire,
545 1426 626 1474 ipse
653 1424 769 1460 aedem
790 1424 985 1468 Victoriae,
1007 1438 1119 1474 quam
1147 1425 1264 1462 aedilis
1291 1425 1429 1462 curulis

306 1506 354 1529 ex
382 1490 594 1528 multaticia
622 1489 781 1538 pecunia
800 1489 1012 1526 faciendam
1043 1496 1252 1533 curaverat,
1279 1490 1431 1526 dedica—

306 1557 373 1593 vit.
431 1554 492 1590 Ita
511 1554 557 1589 ad
587 1553 794 1589 exercitum
823 1553 1032 1602 profectus,
1054 1555 1101 1590 ab
1133 1555 1229 1591 Sora
1251 1555 1290 1591 in
1321 1555 1429 1592 Sam-

304 1622 413 1657 nium
451 1619 498 1654 ad
535 1624 659 1653 castra
691 1617 847 1665 collegae
879 1620 1067 1667 perrexit:
1102 1620 1191 1656 inde
1225 1626 1428 1670 postquam

308 1685 511 1725 Samnites,
542 1682 651 1718 diffisi
689 1682 835 1718 duobus
874 1683 1101 1719 exercitibus
1140 1685 1265 1720 resisti
1300 1697 1427 1734 posse,

304 1754 565 1791 recesserunt3
604 1746 739 1781 diversi
778 1746 953 1782 consules
991 1748 1038 1783 ad
1076 1748 1280 1784 vastandos
1317 1760 1428 1798 agros

307 1812 492 1860 urbesque
512 1810 786 1860 obpugnandas
807 1810 1017 1848 discedunt.

113 1891 216 1921 Urbes
361 1875 558 1912 XXXIV.
588 1874 808 1910 Postumius
833 1875 1054 1911 Milioniam
1073 1875 1298 1926 obpugnare
1317 1877 1428 1914 ador·

110 1933 266 1991 Samniti·
307 1948 384 1983 tus,
404 1940 441 1975 vi
471 1939 593 1988 primo
624 1944 736 1986 atque
766 1939 912 1988 inpetu,
933 1939 1034 1982 dein,
1066 1946 1268 1989 postquam
1298 1953 1343 1976 ea
1361 1954 1428 1990 pa-

111 1988 169 2008 ”m
184 1983 296 2017 captae-
306 2018 391 2042 rum
416 2002 691 2054 procedebant,
713 2015 826 2051 opere
856 2016 899 2038 ac
928 2003 1046 2039 vineis
1067 2004 1217 2040 demum
1246 2001 1428 2054 injunctis

304 2081 414 2106 muro
444 2068 556 2117 cepit.
613 2066 688 2109 Ibi,
719 2073 830 2116 capta
851 2066 935 2116 jam
965 2067 1072 2111 urbe,
1094 2067 1141 2104 ab
1170 2068 1267 2104 hora
1294 2075 1429 2117 quarta

303 2145 423 2182 usque
451 2132 497 2168 ad
516 2137 690 2167 octavam
708 2131 787 2167 fere
812 2131 947 2167 horam
968 2132 1144 2169 omnibus
1165 2132 1337 2182 partibus
1363 2146 1427 2169 ur-

303 2199 363 2235 bis
383 2198 446 2234 diu
466 2197 613 2232 incerto
633 2202 770 2232 eventu
796 2204 1010 2246 pugnatum
1030 2203 1109 2232 est:
1142 2204 1336 2247 postremo
1355 2210 1426 2247 po-

304 2263 398 2298 titur
418 2260 560 2311 oppido
583 2259 796 2296 Romanus.
855 2260 1084 2297 Samnitium
1105 2262 1192 2298 caesi
1214 2262 1289 2298 tria
1307 2261 1428 2298 millia

297 2326 481 2363 ducenti:
509 2325 617 2376 capti
638 2331 802 2374 quatuor
830 2325 949 2362 millia
978 2326 1145 2370 ducenti,
1166 2332 1303 2376 praeter
1330 2339 1427 2377 prae—
