1527 2661
372 161 523 189 LIBER
546 159 680 188 xxll.
711 158 816 186 CAP.
841 159 966 187 LV11.
1133 159 1212 202 293

124 256 195 294 est,
221 250 267 287 ad
292 256 438 301 portam
458 249 644 285 Collinam
669 254 803 284 necata
820 247 955 290 fuerat,
984 247 1099 284 altera
1125 249 1213 284 sibi·
1227 261 1317 294 uc,
1333 264 1407 290 53⁶,

126 324 203 352 met
230 317 311 366 ipsa
337 322 495 351 mortem
524 315 765 351 consciverat.
811 313 848 350 L
867 313 1065 355 Cantilius,
1096 313 1218 350 scriba
1229 305 1406 339 A‚C.216.

126 379 326 430 pontificis,
353 391 445 428 quos
475 391 573 414 nunc
602 379 762 414 minores
791 377 986 427 pontifices
1016 376 1218 427 adpellant,

126 444 189 493 qui
208 456 292 480 cum
309 443 489 480 Floronia
507 450 673 493 stuprum
692 442 846 485 fecerat,
866 455 888 478 a
905 441 1083 492 pontifice
1101 442 1221 478 maxi-

128 520 191 544 mo
211 521 256 544 eo
275 520 390 557 usque
417 509 530 558 virgis
560 509 598 544 in
622 508 776 544 comitio
806 519 920 543 caesus
942 512 1033 549 erat,
1054 513 1096 542 ut
1123 506 1222 541 inter

128 572 283 609 verbera
310 573 524 623 exspiraret.
580 571 668 608 Hoc
696 571 800 608 nefas
821 584 935 621 quum
964 572 1061 606 inter
1088 576 1160 613 tot,
1181 576 1223 605 ut

130 637 186 680 fit,
207 636 327 673 clades
354 638 393 673 in
423 637 632 686 prodigium
660 649 805 672 versum
825 642 935 679 esset,
956 635 1153 672 decemviri
1177 633 1223 669 li·-

130 700 218 736 bros
238 701 338 737 adire
349 699 447 750 jussi
467 706 564 737 sunt.
619 700 671 738 Et
690 701 737 739 Q.
751 700 888 736 Fabius
906 699 1035 735 Pictor
1053 697 1224 748 Delphos

132 764 178 800 ad
197 763 388 800 oraculum
407 765 539 801 missus
559 770 615 799 est
634 764 878 805 sciscitatum,
899 763 1032 812 quibus
1053 762 1224 812 precibus

132 827 395 878 suppliciisque
413 828 517 868 Deos
537 834 690 878 possent
704 828 864 877 placare,
886 834 924 864 et
939 840 1109 876 quaenam
1123 826 1226 863 futu-

132 907 174 933 ra
198 894 280 930 finis
305 895 420 930 tantis
449 894 613 930 cladibus
632 893 741 931 foret.
798 892 956 931 Interim
982 904 1028 928 ex
1049 890 1226 927 fatalibus

131 957 236 994 libris
266 957 445 996 sacrificia
474 958 617 1007 aliquot
654 957 948 997 extraordinaria
975 956 1099 1001 facta,
1132 956 1230 992 inter

132 1020 215 1071 qhae
234 1020 364 1063 Gallus
390 1028 428 1058 et
446 1021 568 1065 Galla,
590 1022 742 1058 Graecus
769 1029 805 1061 et
826 1021 970 1063 Graeca‚
998 1021 1037 1056 in
1056 1020 1140 1055 foro
1159 1018 1229 1055 bo·
1242 1026 1362 1058 Hostiae
1375 1025 1439 1055 hu-

1243 1079 1348 1101 manae
1362 1078 1411 1098 ln-

134 1086 214 1122 ario
233 1085 301 1122 sub
326 1091 425 1122 terra
443 1087 516 1123 vivi
536 1087 685 1122 demissi
711 1092 797 1122 sunt
816 1087 854 1125 in
873 1086 997 1122 locum
1022 1097 1113 1124 saxo
1140 1096 1230 1119 con-
1244 1114 1383 1145 molatae.

137 1154 297 1198 septum,
311 1148 394 1198 jam
412 1155 499 1185 ante
518 1150 652 1187 hostiis
675 1150 862 1192 humanis,
883 1149 1035 1184 minime
1054 1147 1232 1183 Romano

138 1223 258 1255 sacm,
278 1211 463 1251 inbutum.
519 1212 683 1249 Placatis
710 1213 814 1255 satis,
845 1218 886 1249 ut
913 1211 1103 1253 rebantur,
1123 1210 1233 1253 Deis,

137 1275 194 1313 M.
214 1276 390 1312 Claudius
409 1276 611 1313 Marcellus
632 1277 679 1314 ab
700 1276 810 1312 Ostia
828 1275 928 1312 mille
948 1282 985 1312 et
1005 1276 1232 1324 quingentos

137 1341 288 1384 milites,
309 1354 401 1390 quos
422 1342 460 1376 in
480 1341 634 1378 classem
659 1341 816 1391 scriptos
846 1340 1022 1383 habebat,
1055 1339 1233 1383 Romam,

137 1412 182 1441 ut
198 1405 282 1441 urbi
300 1406 472 1455 praesidio
492 1412 628 1449 essent,
649 1406 766 1441 mittit
778 1421 788 1450 3
819 1406 912 1454 ipse,
932 1404 1080 1452 legione
1106 1403 1233 1439 classis

143 1472 205 1518 (ea
222 1458 451 1519 tertia-legio
471 1471 567 1518 erat)
589 1483 673 1506 cum
699 1470 858 1505 tribunis
885 1468 1045 1504 militum
1063 1467 1235 1504 Teanum

142 1533 347 1570 Sidicinum
375 1534 577 1584 praemissa,
608 1533 724 1570 classe
756 1533 895 1569 tradita
921 1532 964 1568 P.
981 1531 1096 1568 Furio
1125 1531 1236 1567 Philo

142 1598 310 1646 collegae,
330 1611 467 1648 paucos
494 1606 580 1648 post
598 1599 674 1634 dies
696 1599 899 1634 Canusium
922 1597 1065 1645 magnis
1093 1596 1236 1631 itineri-

144 1661 213 1697 bus
229 1663 433 1698 contendit.
463 1662 639 1698 Dictator
654 1675 701 1698 ex
715 1662 939 1698 auctoritate
950 1661 1104 1696 Patrum
1118 1659 1236 1695 dictus

143 1725 200 1762 M.
213 1725 362 1769 Junius,
382 1732 420 1761 et
437 1726 496 1762 Ti.
514 1726 752 1776 Sempronius
779 1725 955 1773 magister
975 1724 1154 1772 equitum,
1175 1723 1238 1758 de-

148 1790 246 1826 lectu
259 1790 395 1833 edicto,
405 1789 574 1839 juniores
593 1790 638 1825 ab
655 1790 761 1825 annis
778 1789 1056 1839 septemdecim,
1073 1794 1110 1823 et
1125 1800 1240 1836 quos-

149 1862 234 1893 dam
253 1863 508 1907 praetextatos,
529 1856 718 1892 scribunt:
752 1862 912 1904 quatuor
931 1868 976 1890 ex
994 1855 1051 1890 his
1071 1854 1238 1902 legiones

150 1929 186 1958 et
204 1921 305 1958 mille
324 1922 465 1969 equites
482 1921 612 1957 effecti.
669 1920 766 1956 Item
786 1920 830 1955 ad
849 1920 971 1955 socios
986 1919 1241 1967 Latinumque

149 1998 300 2027 nomen,
321 1985 367 2020 ad
386 1984 521 2020 milites
547 1997 591 2020 ex
611 1983 771 2020 formula
789 1983 1038 2032 accipiendos,
1060 1983 1237 2018 mittunt:

151 2062 266 2092 arma,
298 2049 385 2092 tela,
415 2048 488 2085 alia
515 2050 636 2098 parari
664 2048 825 2098 jubent:
858 2055 894 2083 et
923 2053 1047 2082 vetera
1075 2047 1240 2082 hostium

150 2112 273 2163 spolia
299 2113 501 2149 detrahunt
528 2112 674 2163 templis
704 2111 995 2162 porticibusque.
1051 2110 1102 2145 Et
1130 2109 1239 2145 aliam
1253 2117 1335 2146 Octo
1352 2116 1452 2147 millia

150 2176 310 2213 formam
332 2177 419 2211 novi
439 2175 600 2212 delectus
628 2176 756 2224 inopia
781 2174 986 2210 liberorum
1005 2174 1168 2223 capitum
1198 2186 1240 2208 ac
1253 2169 1426 2233 Ξῖζὲἓὲξιᾞ

151 2242 350 2278 necessitas
371 2240 491 2276 dedit:
524 2246 610 2275 octo
634 2238 941 2289 milliajuvemuu
963 2238 1169 2273 validorum
1196 2250 1241 2272 ex

156 2305 326 2347 servitiis,
350 2306 449 2355 prius
477 2305 706 2341 sciscitantes
733 2303 913 2352 singulos,
934 2302 1119 2344 yellentnc
1147 2300 1240 2336 mili-

668 2370 702 2403 Ο
722 2370 743 2404 3
