1527 2661
79 250 118 280 U.
131 250 166 281 C.
185 258 258 283 435.

78 295 116 324 A.
130 295 166 325 C.
184 301 258 330 317.

73 1856 221 1887 Conlatio

72 1909 251 1941 copiarum.

271 152 327 194 30
728 154 773 182 τ.
796 154 930 183 mvn

272 242 426 278 adversa
448 241 603 278 fortuna
635 255 773 292 pugnae
802 242 898 279 fuit?
926 241 1091 291 Paginas
1120 242 1159 278 in
1188 242 1390 280 annalibus

272 306 565 354 magistratuum
591 306 775 355 fastisque
801 318 1018 356 percurrere
1045 306 1147 350 licet,
1175 307 1390 351 consulum,

271 369 591 419 dictatorumque,
624 383 786 419 quorum
822 383 892 406 nec
928 371 1094 414 virtutis,
1127 384 1197 407 nec
1226 371 1391 408 fortunae

270 432 348 469 ullo
386 434 446 470 die
482 434 667 485 populum
704 433 925 470 Romanum
963 435 1155 484 poenituit.
1209 435 1275 478 Et,
1314 447 1390 484 quo

271 498 347 533 sint
381 498 647 542 mirabiliores,
686 511 800 547 quam
837 499 1053 535 Alexander
1090 505 1155 535 aut
1192 500 1390 548 quisquam

269 574 349 616 rex,
373 563 490 598 denos
518 563 747 611 vicenosque
774 562 852 597 dies
873 562 1026 611 quidam
1056 563 1296 606 dictaturam,
1323 575 1393 600 ne-

268 638 332 662 mo
353 625 436 676 plus
457 638 570 674 quam
597 638 739 661 annum
767 625 1008 662 consulatum
1027 627 1166 675 gessit:
1199 626 1248 663 ab
1268 626 1392 663 tribu-

268 690 326 726 nis
356 689 477 739 plebis
512 689 677 726 delectus
711 690 870 740 inpediti
906 696 1016 726 sunt:
1048 696 1137 741 post
1164 697 1313 742 tempus
1343 691 1394 728 ad

265 753 367 790 bella
387 755 534 790 ierunt:
568 761 656 791 ante
684 761 833 805 tempus
855 756 1097 792 comitiorum
1123 768 1256 792 caussa
1280 768 1392 792 revo-

264 819 340 855 cati
362 825 473 855 sunt:
506 820 544 855 in
565 819 648 870 ipso
676 826 818 856 conatu
846 832 971 856 rerum
1000 820 1223 868 circumegit
1250 832 1289 856 se
1319 832 1389 856 an-

262 896 358 920 nus:
393 883 549 933 collegae
579 897 680 920 nunc
710 885 919 928 temeritas,
941 897 1042 920 nuuc
1071 884 1252 934 pravitas,
1278 884 1388 935 inpe-

265 946 436 983 dimento
456 954 522 984 aut
542 948 682 985 damno
701 948 797 984 fuit:
831 948 929 984 male
950 949 1066 997 gestis
1094 947 1205 984 rebus
1232 947 1388 984 alterius

264 1023 482 1048 successum
512 1019 591 1049 est:
631 1014 798 1050 tironem
827 1019 893 1049 aut
922 1012 1022 1049 mala
1051 1012 1250 1063 disciplina
1279 1012 1390 1048 insti-

263 1081 391 1112 tutum
429 1078 638 1114 exercitum
673 1082 914 1127 acceperuut.
967 1077 1033 1119 At,
1068 1076 1252 1119 Hercule,
1281 1089 1388 1126 reges

262 1151 343 1176 non
363 1140 473 1177 liberi
500 1142 624 1178 solum
651 1142 919 1192 inpedimentis
947 1140 1139 1183 omuibus,
1161 1141 1226 1176 sed
1245 1141 1391 1178 domini

263 1216 390 1240 rerum
417 1213 722 1256 temporumque,
744 1207 902 1242 trahunt
933 1205 1104 1242 consiliis
1136 1211 1287 1248 cuncta,
1308 1218 1389 1244 non

263 1278 486 1319 sequuntur.
535 1270 706 1307 Invictus
745 1284 835 1320 ergo
869 1270 1085 1306 Alexander
1119 1283 1205 1307 cum
1237 1270 1391 1308 invictis

263 1333 424 1371 ducibus
454 1334 555 1371 bella
581 1335 774 1384 gessisset,
807 1341 845 1371 et
873 1335 1004 1371 eadem
1033 1334 1197 1371 fortunae
1226 1335 1390 1385 pignora

262 1399 302 1434 in
321 1398 523 1435 discrimen
540 1399 762 1436 detulisset:
795 1400 911 1435 immo
928 1400 1043 1435 etiam
1063 1411 1108 1435 eo
1128 1399 1210 1448 plus
1231 1398 1390 1449 periculi

263 1463 440 1507 subisset,
462 1464 564 1513 quod
582 1464 815 1500 Macedones
844 1476 961 1500 unum
980 1463 1241 1499 Alexandrum
1266 1462 1390 1500 habu-

264 1528 396 1572 issent,
430 1529 560 1565 multis
598 1529 746 1566 casibus
784 1542 863 1565 non
898 1528 1022 1564 solum
1060 1528 1285 1571 obnoxium,
1322 1527 1388 1564 sed

264 1594 381 1629 etiam
423 1593 661 1630 obserentem
710 1607 772 1630 se:
811 1593 1000 1630 Romanis
1050 1593 1161 1629 multi
1207 1592 1387 1636 fuissent,

264 1656 497 1700 Alexandro,
545 1658 606 1694 vel
642 1658 779 1706 gloria,
821 1658 882 1693 vel
932 1670 1058 1693 rerum
1106 1657 1386 1705 magnitudine,

265 1733 400 1771 pares,
434 1734 598 1771 quorum
629 1735 699 1757 suo
719 1723 877 1770 quisque
898 1722 995 1765 fato,
1022 1722 1103 1757 siue
1132 1720 1285 1771 publico
1316 1721 1391 1756 dis-

267 1786 439 1829 crimine,
460 1786 602 1821 viveret
622 1792 921 1835 morereturque.

322 1849 439 1885 XIX.
475 1849 629 1892 Restat,
662 1856 703 1885 ut
735 1850 854 1900 copiae
885 1850 1003 1899 copiis
1034 1855 1303 1898 comparentur
1332 1847 1392 1885 vel

269 1927 442 1957 numero,
460 1914 517 1950 vel
537 1913 698 1950 militum
716 1926 867 1961 genere,
885 1913 944 1949 vel
962 1913 1205 1949 multitudine
1226 1912 1388 1948 auxilio-

268 1992 363 2016 rum.
412 1979 677 2015 Ceusebantur
703 1977 782 2027 ejus
811 1978 931 2014 aetatis
959 1977 1086 2013 lustris
1113 1977 1259 2013 ducena
1279 1977 1389 2025 quin-

268 2056 443 2092 quagena
462 2042 580 2079 millia
599 2043 777 2092 capitum.
823 2041 972 2090 Itaque,
994 2042 1032 2077 in
1053 2042 1157 2076 omni
1174 2040 1387 2076 defectione

270 2108 461 2143 sociorum
497 2107 629 2143 Latini
672 2108 851 2149 nominis,
894 2106 1040 2142 urbano
1085 2118 1202 2156 prope
1241 2104 1389 2140 delectu

270 2171 400 2208 decem
444 2170 707 2207 scribebantur
753 2170 947 2218 legiones:
991 2170 1165 2218 quaterni
1208 2168 1388 2217 quinique

270 2237 457 2272 exercitus
487 2248 586 2286 saepe
612 2249 679 2286 per
708 2247 771 2271 eos
802 2247 922 2270 annos
954 2235 993 2269 iu
1022 2233 1191 2275 Etruria,
1223 2233 1261 2267 in
1293 2231 1389 2267 Um-

270 2299 367 2351 bria,
397 2300 516 2338 Gallis
546 2300 720 2338 hostibus
751 2299 956 2350 adjunctis,
979 2299 1016 2334 iu
1045 2298 1217 2339 Samnio,
1241 2296 1277 2333 in
1307 2295 1387 2334 ῘΑιιἩ
