1527 2661
337 204 486 232 LIBER
511 204 617 232 xxl.
651 204 756 233 CAP.
782 206 847 233 LI.
1063 207 1144 251 209

43 288 198 325 riculum
231 290 403 340 Lilybaeo
432 293 702 342 maritimisque
732 293 946 330 civitatibus
981 306 1074 338 esse,
1106 302 1144 331 et
1157 297 1339 328 U·C·⁵³⁴2

41 352 262 399 quibusdam
282 355 493 392 volentibus
514 369 629 393 novas
650 370 707 392 res
728 356 822 394 fore.
870 357 931 394 Ob
951 358 1143 398 haeccon-
1156 340 1243 370 A'C’
1258 346 1331 369 ²¹⁸⁸

41 414 110 451 suli
131 417 226 453 nihil
252 420 503 456 cunctandum
522 421 656 463 visum,
679 421 769 470 quin
787 421 1000 470 Lilybaeum
1027 422 1145 459 classe

40 484 207 527 peteret;
241 489 278 517 et
297 495 363 519 rex
381 484 559 532 regiaque
579 483 706 519 classis
726 497 802 520 una
820 484 980 534 profecti
998 501 1007 521 ε
1038 487 1145 522 navi-

38 549 170 592 gantes
200 546 300 590 inde,
335 554 543 597 pugnatum
574 548 621 584 ad
648 547 874 597 Lilybaeum,
901 548 1078 598 fusasque
1107 556 1146 586 et

37 614 167 657 captas
186 610 354 648 hostium
372 625 500 655 naves,
522 625 710 662 accepere.

89 672 157 708 LI.
186 675 222 709 A
240 674 413 725 Lilybaeo
433 676 579 719 consul,
600 676 772 713 Hierone
792 689 877 712 cum
897 676 1014 713 classe
1040 678 1144 726 regia
1155 683 1320 731 Sempro·¹

36 736 203 780 dimisso,
217 738 424 788 relictoque
439 747 600 790 praetore
616 741 662 776 ad
678 741 855 776 tuendam
873 741 1009 777 Siciliae
1022 754 1141 786 oram,
1154 736 1226 799 ἓξὲξ
1237 726 1340 808 gg?

34 799 113 848 ipse
138 800 177 835 in
205 801 363 838 insulam
386 803 575 846 Melitam,
596 817 678 852 quae
705 817 726 839 a
755 803 1141 852 Karthaginiensibus

32 864 245 909 tenebatur,
264 866 426 917 trajecit.
482 869 709 905 Advenienti
730 868 940 911 Hamilcar,
961 868 1142 918 Gisgonis

35 926 145 971 filius,
166 930 364 978 praefectus
392 932 569 983 praesidii,
592 945 676 968 cum
703 932 831 982 paullo
851 933 973 968 minus
994 932 1141 968 duobus

35 991 199 1029 millibus
226 994 402 1040 militum,
423 997 679 1047 oppidumque
700 1009 785 1033 cum
811 996 935 1032 insula
952 996 1137 1033 traditur:

33 1054 120 1091 inde
139 1063 226 1106 post
245 1071 385 1108 paucos
406 1060 482 1096 dies
503 1061 665 1098 reditum
680 1059 906 1109 Lilybaeum,
928 1060 1141 1110 captivique

37 1124 74 1154 et
93 1132 115 1155 a
134 1122 288 1158 consule
307 1129 345 1159 et
364 1137 386 1160 a
404 1130 580 1174 praetooe,
601 1130 737 1174 praeter
752 1125 918 1172 insignes
938 1123 1140 1159 nobilitate

33 1183 148 1226 viros,
170 1184 239 1220 sub
259 1198 402 1222 corona
419 1188 627 1224 venierunt.
675 1188 883 1236 Postquam
903 1186 949 1222 ab
971 1199 1015 1223 ea
1032 1192 1139 1237 parte

35 1247 125 1282 satis
140 1253 263 1285 tutam
278 1249 446 1286 Siciliam
462 1251 641 1287 censebat
657 1251 802 1294 consul,
824 1251 870 1287 ad
889 1249 1029 1286 insulas
1045 1249 1140 1285 Vul-

33 1312 119 1347 cani
149 1314 254 1362 (quia
280 1314 382 1351 fama
410 1322 504 1360 erat,
535 1322 633 1352 stare
662 1316 715 1352 ibi
744 1316 926 1352 Punicam
963 1314 1137 1359 classem)

32 1375 205 1426 trajecit:
241 1391 310 1415 nec
341 1381 539 1429 quisquam
568 1380 737 1416 hostium
774 1380 871 1416 circa
903 1391 964 1415 eas
998 1377 1138 1414 insulas

29 1442 216 1480 inventus.
272 1444 360 1481 Jam
394 1445 494 1481 forte
526 1445 813 1481 transmiserant
842 1444 889 1479 ad
918 1443 1139 1479 vastandam

33 1505 153 1543 Italiae
175 1521 303 1544 oram:
326 1509 631 1560 depopulatoque
649 1509 861 1545 Vibonensi
881 1520 988 1557 agro,
1006 1507 1138 1544 urbem

34 1570 148 1606 etiam
168 1572 372 1609 terrebant.
400 1572 607 1623 Repetenti
628 1572 794 1608 Siciliam
814 1571 960 1608 consuli
980 1582 1136 1607 exscen-

32 1633 88 1668 sio
107 1634 274 1671 hostium
294 1637 332 1672 in
353 1649 484 1685 agrum
504 1637 764 1673 Vibonensem
789 1636 889 1672 facta
909 1636 1133 1671 nunciatur:

32 1696 223 1747 literaeque
253 1700 298 1736 ab
326 1708 458 1736 senatu
479 1701 524 1737 de
552 1702 716 1736 transitu
745 1701 783 1735 in
804 1699 954 1735 Italiam
984 1698 1135 1735 Hanni·
1148 1700 1328 1748 Revocatur

32 1761 142 1804 balis,
173 1769 223 1805 et,
254 1770 295 1799 ut
325 1765 446 1813 primo
473 1777 622 1812 quoque
650 1770 820 1812 tempore
849 1762 1003 1811 collegae
1023 1762 1137 1797 ferret
1150 1753 1182 1773 ¹¹¹
1199 1743 1337 1774 naham*

33 1825 228 1869 auxilium,
258 1828 379 1863 missae
416 1828 626 1864 traduntur.
683 1827 817 1863 Multis
854 1826 965 1862 simul
1002 1827 1134 1862 anxius

33 1888 145 1931 curis,
167 1891 385 1933 exercitum,
406 1891 595 1941 extemplo
615 1892 654 1927 in
673 1903 786 1927 naves
806 1890 1027 1939 inpositum,
1048 1889 1135 1924 Ari-

34 1952 178 1988 minum
208 1966 343 2003 supero
376 1956 466 1990 mari
498 1956 622 1990 misit:
656 1955 740 1990 Sex.
768 1954 982 2003 Pomponio
1008 1953 1135 2001 legato

33 2028 116 2052 cum
153 2017 286 2065 viginti
324 2019 488 2067 quinque
524 2019 647 2067 longis
685 2018 842 2054 navibus
878 2017 1136 2053 Vibonensem

34 2092 163 2127 agrum
194 2081 494 2130 maritimamque
525 2095 629 2117 oram
661 2081 781 2116 Italiae
811 2081 989 2116 tuendam
1019 2080 1135 2115 adtri-

28 2142 111 2178 buit
127 2158 133 2178 :
165 2142 221 2179 M.
239 2143 397 2180 AEmilio
412 2147 565 2194 praetori
581 2146 854 2194 quinquaginta
873 2145 1022 2180 navium
1040 2143 1134 2178 clas·
1146 2141 1196 2172 Ad
1212 2142 1307 2189 colle-f

32 2217 109 2241 sem
129 2206 313 2257 explevit:
346 2209 439 2258 ipse,
462 2210 680 2258 compositis
701 2208 837 2244 Siciliae
858 2207 982 2250 rebus,
1004 2207 1132 2242 decem
1146 2194 1221 2223 gam
1237 2191 1333 2216 vemt*

31 2269 186 2308 navibus
217 2284 320 2308 oram
360 2272 480 2309 Italiae
518 2273 659 2323 legens,
690 2273 903 2309 Ariminum
935 2270 1127 2322 pervenit:

1512 2580 1527 2661 εἷ’-ι
1515 2508 1518 2535 v»
