1527 2661
440 155 594 184 mesa
620 156 667 184 x,
701 154 808 183 cAP.
833 154 902 183 Ιχ.
1182 142 1234 199 85

109 243 191 292 jam
208 247 343 293 poterit
349 246 453 294 filius
472 259 580 283 meus.
611 246 714 282 Nihil
733 252 783 281 est
809 247 912 281 aliud
931 247 967 281 in
986 258 1037 287 re,
1061 246 1231 289 Quirites,
1247 242 1335 274 U·C·
1354 249 1430 274 4⁵2·

116 311 186 345 nisi
214 314 254 345 ut
278 311 399 345 onmia
427 315 559 356 negata
587 311 855 358 adipiscamur:
884 315 1062 345 certamen
1093 315 1234 347 tantum
1244 285 1335 315 A.C.
1353 291 1427 316 ὃσα

113 374 264 420 patricii
277 377 421 420 petant,
441 385 505 410 nec
529 378 669 415 curant,
691 385 794 420 quem
819 378 979 408 eventum
999 375 1236 409 certaminum

116 435 280 471 habeant.
323 436 404 484 Ego
433 436 523 471 hanc
543 437 668 483 legem,
691 438 785 484 quod
813 437 954 479 bonum,
974 436 1158 484 faustum,
1169 437 1234 485 se-

115 500 234 548 lz'oeque
262 501 309 535 sit
344 500 439 536 vobis
474 513 517 536 ac
551 501 766 548 reipublicae,
800 503 855 536 uti
890 513 1008 548 rogas,
1037 499 1234 547 jubendum

112 575 244 599 censeo.

169 626 242 663 IX.
272 626 420 663 Vocare
439 627 560 662 tribus
581 627 772 677 extemplo
791 626 952 677 populus
967 625 1144 677 jubebat,
1165 627 1231 663 ad-

113 691 345 742 parebatque
365 692 484 742 accipi
513 691 658 740 legem:
691 692 754 727 ille
773 699 902 727 tamen
921 692 999 727 dies
1027 698 1085 727 est
1112 692 1230 727 inter-

113 755 283 790 cessione
317 754 509 791 sublatus:
542 761 695 804 postero
730 755 803 798 die,
835 755 1022 790 deterritis
1051 755 1228 798 tribunis,

110 819 257 866 ingenti
287 831 474 854 consensu
503 824 660 867 accepta
694 824 762 854 est.
816 818 1022 854 Pontifices
1053 826 1228 855 creantur
1241 816 1410 848 Pontifices

115 895 247 918 suasor
265 882 357 932 legis
379 883 422 919 P.
442 883 583 919 Decius
604 870 708 925 Mus,
729 883 772 919 P.
794 883 1039 932 Sempronius
1061 883 1225 934 Sophus,
1239 867 1424 942 ffiezgssigiures

114 947 157 984 C.
175 946 344 983 Marcius
361 947 529 990 Rutilus,
550 947 606 983 M.
626 948 758 983 Livius
775 947 936 984 Denter.
966 948 1144 997 Quinque
1161 962 1228 985 au-

114 1023 223 1060 gures
250 1012 341 1047 item
361 1012 406 1047 de
434 1011 556 1060 plebe,
580 1012 623 1047 C.
645 1011 852 1054 Genucius,
874 1011 916 1048 P.
936 1011 1063 1048 AElius
1083 1013 1226 1057 Paetus,

114 1075 170 1112 M.
190 1075 383 1112 Minucius
407 1076 557 1119 Fessus,
580 1077 624 1113 C.
649 1076 833 1119 Marcius,
854 1077 899 1113 T.
920 1076 1118 1114 Publilius.
1167 1077 1229 1114 Ita

113 1148 202 1178 octo
231 1143 469 1192 pontificum,
499 1155 636 1178 novem
672 1156 854 1191 augurum
884 1156 1061 1179 numerus
1091 1143 1228 1179 factus.

111 1207 258 1243 Eodem
291 1220 392 1243 anno
420 1207 478 1244 M.
509 1207 680 1242 Valerius
711 1207 846 1242 consul
877 1208 922 1242 de
956 1209 1228 1256 provocatione
1242 1211 1307 1240 Lex
1319 1213 1357 1261 dc
1373 1222 1446 1251 pro-

111 1272 235 1320 legem
255 1271 355 1314 tulit,
377 1271 593 1320 diligentius
615 1278 807 1307 sanctam:
840 1272 955 1306 tertio
975 1284 1019 1307 ea
1038 1278 1120 1307 tum
1138 1280 1226 1321 post
1237 1263 1416 1329 ἵζ’ῐὲῗέῗᾶἳὲ.

111 1349 217 1385 reges
252 1344 405 1372 exactos
440 1336 518 1372 lata
551 1343 620 1378 est,
658 1348 805 1385 semper
841 1348 863 1371 a
898 1335 1043 1371 familia
1081 1337 1224 1374 eadem.

110 1402 292 1437 Caussam
320 1401 545 1436 renovandae
575 1401 709 1450 saepius
729 1399 830 1436 haud
859 1399 970 1436 aliam
990 1400 1105 1437 fuisse
1124 1415 1224 1445 reor,

108 1478 219 1515 quan]
241 1465 341 1514 quod
360 1464 442 1514 plus
469 1476 676 1514 paucorum
695 1477 801 1514 opes,
823 1478 935 1514 quam
963 1464 1116 1501 libertas
1143 1467 1224 1516 ple-

108 1529 181 1572 bis,
202 1535 390 1579 poterant.
433 1529 570 1564 Porcia
597 1535 726 1564 tamen
746 1528 806 1564 lex
835 1529 917 1564 sola
944 1542 1014 1579 pro
1040 1536 1149 1578 tergo
1169 1532 1221 1567 ci·
1236 1539 1343 1569 Porcia
1359 1538 1426 1572 lex.

109 1594 211 1629 vium
230 1592 307 1628 lata
332 1593 500 1628 videtur:
534 1592 634 1641 quod
654 1593 757 1640 gravi
783 1605 911 1642 poena,
933 1594 962 1628 si
983 1594 1065 1642 quis
1090 1594 1222 1630 verbe-

112 1663 230 1694 rasset
248 1664 465 1693 necassetve
490 1658 608 1692 civem
633 1656 866 1699 Romanum,
889 1658 1026 1693 sanxit.
1072 1658 1223 1695 Valeria

108 1721 183 1763 lex,
203 1733 319 1769 quum
347 1733 446 1762 enm,
467 1721 532 1768 qui
560 1726 816 1768 provocasset,
843 1720 957 1767 virgis
988 1722 1094 1764 caedi,
1115 1735 1222 1758 secu-

110 1786 216 1833 rique
243 1785 370 1820 necari
399 1785 593 1826 vetuisset,
624 1784 655 1818 si
675 1784 756 1831 quis
787 1783 961 1819 adversus
993 1797 1036 1820 ea
1055 1785 1220 1830 fecis-set,

109 1850 204 1886 nihil
233 1849 344 1893 ultra,
365 1862 477 1898 qnam
506 1849 666 1898 inprobe
691 1849 846 1892 factum,
878 1848 1027 1898 adjecit,
1073 1850 1116 1886 Id
1140 1853 1221 1899 (qni

105 1921 187 1950 tum
215 1913 336 1963 pudor
364 1913 560 1949 hominum
591 1914 688 1959 erat)
710 1914 845 1955 visum,
877 1915 1003 1956 credo,
1031 1916 1222 1952 vinculum

107 1979 196 2014 satis
217 1977 381 2013 validum
399 1976 492 2025 legis
509 1991 516 2012 :
548 1990 649 2013 nunc
666 1978 726 2013 vix
747 1966 844 2013 ser—io
865 1979 918 2013 ita
938 1979 1101 2014 minetur
1121 1981 1222 2027 quis-

108 2054 232 2091 quam.
271 2041 421 2077 Bellum
441 2041 487 2077 ab
508 2041 641 2077 eodem
661 2040 814 2077 consule
834 2042 1124 2090 haudquaquam
1144 2056 1222 2079 me-

106 2105 288 2141 morabile
313 2104 488 2140 adversus
516 2104 740 2140 rebellantes
761 2104 925 2153 AEquos,
947 2118 1062 2154 quum
1087 2114 1224 2156 praeter

110 2170 255 2205 animos
284 2168 429 2204 feroces
456 2168 551 2204 nihil
580 2182 626 2205 ex
655 2170 811 2217 antiqua
839 2169 994 2205 fortuna
1024 2170 1222 2213 haberent,

112 2239 259 2281 gestum
280 2240 349 2268 est.
392 2232 500 2268 Alter
520 2232 653 2268 consul
672 2232 880 2282 Appuleius
902 2234 941 2268 in
963 2233 1124 2268 Umbria
1143 2234 1222 2269 Ne-

110 2297 266 2346 quinum
302 2297 483 2348 oppidum
516 2298 780 2334 circumsedit:
818 2297 922 2334 locus
962 2305 1042 2333 erat
1071 2298 1228 2342 arduus,
