1527 2661
420 401 775 449 EPITOME
822 402 1046 449 LIBRI
1082 402 1148 450 X.

298 715 514 753 OLONIAE
529 715 690 750 deductae
708 719 791 751 sunt
810 714 916 757 Sora,
934 719 969 751 et
987 715 1095 758 Alba,
1116 720 1151 751 et
1172 714 1340 753 Carseoli.

313 782 430 818 Marsi
458 782 495 816 in
515 781 733 815 deditionem
753 782 889 828 accepti
918 785 1013 816 sunt.
1046 780 1245 828 Collegium
1273 793 1339 817 au-

217 860 349 897 gurum
374 846 593 894 ampliatum
621 849 686 887 est,
716 849 757 880 ut
786 849 899 880 essent
926 857 1063 887 novem,
1094 857 1204 892 quum
1232 850 1342 881 antea

221 914 385 962 quaterni
394 910 566 960 fuissent.
613 910 691 946 Lea:
710 911 753 945 de
769 911 1021 958 provocatione
1048 910 1097 944 ad
1112 909 1289 957 populum
1318 921 1342 945 a

227 977 370 1013 Valerio
390 976 532 1012 consule
552 979 636 1010 tunc
666 976 811 1010 tertium
831 976 909 1010 lata
927 979 988 1010 est.
1020 975 1117 1010 Duce
1137 973 1248 1009 tribus
1276 975 1343 1010 ad-

210 1040 320 1088 jectoe
342 1045 440 1083 sunt,
468 1040 634 1075 Aniensis
655 1044 689 1074 et
715 1040 919 1075 Terentina.
976 1037 1196 1074 Samnitibus
1215 1037 1345 1074 bellum

219 1107 409 1147 indictum,
429 1109 466 1140 et
491 1105 661 1140 adversus
679 1116 736 1140 eos
753 1116 845 1152 scepe
860 1115 1031 1152 prospere
1046 1107 1250 1151 pugnatum
1279 1107 1342 1139 est.

221 1171 341 1212 Quum
364 1170 532 1206 adversus
560 1169 744 1211 Etruscos,
781 1169 942 1211 Umbros,
974 1168 1168 1210 Sanmites,
1204 1168 1343 1210 Gallos,

220 1235 267 1272 P.
287 1234 406 1269 Decio
434 1237 470 1268 et
495 1232 538 1273 Q.
556 1232 664 1268 Fabio
690 1232 848 1274 ducibus,
872 1237 1111 1280 pugnaretur,
1141 1231 1346 1268 Romanus-

223 1311 291 1348 que
320 1299 493 1334 exercitus
521 1298 557 1332 in
591 1298 749 1333 maximo
777 1301 864 1332 esset
893 1298 1106 1339 discrimine,
1129 1296 1174 1333 P.
1190 1297 1344 1340 Decius,

222 1368 362 1401 secutus
390 1362 591 1410 exemplum
619 1364 748 1410 patris,
780 1363 920 1398 devovit
947 1374 984 1398 se
1006 1374 1076 1410 pro
1108 1363 1278 1404 exercitu,
1309 1366 1346 1398 et

223 1433 338 1464 morte
356 1439 421 1463 sua
438 1428 627 1463 victoriam
648 1425 720 1472 ejus
744 1438 877 1474 pugna„⁷
893 1426 1028 1474 populo
1047 1425 1213 1461 Romano
1233 1426 1343 1462 dedit.

227 1494 402 1541 Papirius
423 1491 553 1528 Cursor
573 1491 792 1527 Samnitium
821 1493 1029 1533 exercitum,
1050 1491 1112 1538 qui
1131 1488 1343 1536 jurejuran-

225 1560 274 1595 do
295 1559 493 1601 obstrictus,
514 1570 582 1606 quo
607 1556 742 1604 majore
766 1559 968 1593 constantia
992 1558 1133 1592 virtutis
1149 1561 1344 1605 pugnaret,

227 1626 265 1661 in
283 1625 396 1660 aciem
416 1625 660 1666 descenderat,
670 1623 790 1672 fudit.
824 1623 953 1659 Census
972 1627 1073 1658 actus
1086 1627 1162 1659 est:
1192 1623 1345 1659 lustrum

224 1690 435 1726 conditum.-
462 1701 565 1725 censa
591 1693 674 1725 sunt
692 1689 822 1724 civium
842 1690 964 1737 capita
983 1689 1137 1724 ducenta
1160 1690 1347 1736 sexaginta

232 1757 302 1793 duo
321 1756 450 1799 millia,
471 1760 505 1791 et
526 1760 683 1792 trecenta
701 1755 830 1803 viginti
849 1755 930 1790 duo.
