1527 2661
335 213 486 244 LIBER
509 209 641 240 xxu.
674 208 780 239 CAP.
803 208 942 237 XLIV.
1109 206 1191 252 279

87 308 169 358 gius
189 306 236 344 ab
254 306 364 342 hoste
382 301 608 343 recessisset,
624 298 835 347 transfugia
853 297 1081 349 inpeditiora
1097 296 1189 335 levi·
1202 312 1245 344 n,
1258 311 1295 343 c,
1312 316 1389 344 536,

86 372 156 410 bus
175 369 335 419 ingeniis
355 373 491 405 essent.
536 364 733 402 Profectus
754 370 810 400 est
829 370 956 407 nocte,
976 362 1126 412 ignibus
1143 365 1194 400 si·
1205 359 1243 388 A.
1257 356 1294 387 C·
1312 360 1389 388 2¹⁶²

89 434 228 472 militer
255 432 380 475 factis,
400 428 725 477 tabernaculisque
750 428 880 478 paucis
897 428 938 463 in
957 427 1119 478 speciem
1136 441 1194 465 re-

89 500 203 543 lictis,
223 504 266 535 ut
284 498 504 534 insidiarum
522 507 591 546 par
608 494 725 544 priori
744 501 865 529 metus
885 492 1097 528 contineret
1115 491 1197 529 Ro-

90 576 235 602 manos.
262 563 349 607 Sed,
365 574 432 612 per
447 560 618 597 eumdem
636 558 834 595 Lucanum
850 556 1055 601 Statilium,
1074 558 1198 595 omni-

91 629 162 666 bus
193 627 290 664 ultra
316 632 439 663 castra
462 631 640 673 transque
662 628 809 659 montes
839 621 1058 672 exploratis,
1085 635 1199 672 quum

93 693 252 730 relatum
281 696 393 734 esset,
418 690 540 726 visum
568 687 700 738 procul
726 687 894 723 hostium
921 699 1084 736 agmen;
1117 693 1200 724 tum

93 757 140 792 de
175 754 405 804 insequendo
442 765 488 789 eo
521 751 679 788 consilia
711 751 847 799 agitari
879 756 1015 800 coepta.
1072 752 1200 791 Quum

94 820 287 868 utriusque
313 817 476 854 consulis
506 816 649 858 eadem,
670 828 752 864 quae
777 827 925 865 semper
947 822 1048 859 ante,
1069 817 1203 853 fuisset

96 884 307 929 sententia,
340 888 506 919 ceterum
524 880 687 917 Varroni
713 880 790 915 fere
815 892 960 922 omnes,
983 880 1118 917 Paullo
1136 894 1204 917 ne-

96 961 174 991 mo,
194 954 328 998 praeter
349 945 546 983 Servilium
571 944 706 995 prioris
727 943 815 979 anni
841 943 1048 988 consulem,
1069 945 1203 982 adsen-

97 1015 249 1059 tiretur,
278 1012 431 1062 majoris
447 1011 562 1061 partis
583 1010 771 1045 sententia
790 1009 837 1046 ad
852 1009 1105 1047 nobilitandas
1126 1011 1202 1048 cla-

97 1078 143 1114 de
176 1077 356 1114 Romana
393 1077 558 1118 Cannas,
592 1080 751 1122 urgente
783 1073 880 1117 fato,
911 1074 1072 1124 profecti
1104 1083 1203 1115 sunt.
1217 1081 1265 1111 Ad
1292 1080 1422 1111 Cannas

99 1143 222 1192 Prope
242 1155 327 1178 eum
345 1142 469 1177 vicum
488 1139 681 1176 Hannibal
703 1146 825 1175 castra
843 1146 1021 1189 posuerat
1039 1153 1168 1178 aversa
1183 1156 1204 1178 a
1216 1131 1316 1198 ffissfra
1331 1134 1390 1164 ¹³⁰*

99 1206 288 1242 Vulturno
307 1212 436 1249 vento,
456 1205 520 1254 qui
548 1204 689 1253 campis
714 1204 865 1239 torridis
895 1199 1064 1240 siccitate
1085 1205 1204 1243 nubes

100 1270 262 1322 pulveris
282 1270 384 1306 vehit
402 1286 409 1305 z
441 1269 480 1305 id
499 1281 613 1318 quum
634 1268 722 1317 ipsis
749 1268 878 1303 castris
899 1270 1207 1317 percommodum

102 1335 187 1377 fuit,
224 1340 305 1369 tum
341 1333 503 1369 salutare
539 1332 724 1382 praecipue
760 1331 927 1367 futurum
965 1339 1058 1375 erat,
1092 1347 1207 1382 quum

103 1399 221 1435 aciem
243 1398 460 1447 dirigerent,
481 1397 552 1446 ipsi
582 1396 714 1438 aversi,
737 1402 844 1443 terga
869 1402 1017 1433 tantum
1046 1398 1209 1437 adflante

103 1469 231 1506 vento,
251 1462 290 1498 in
319 1461 551 1498 obcaecatum
571 1460 721 1510 pulvere
748 1461 865 1496 effuso
893 1461 1041 1498 hostem
1060 1476 1208 1513 pugna-

102 1528 190 1564 turi.

157 1592 304 1629 XLIV.
335 1591 534 1635 Consules,
565 1592 654 1628 satis
676 1591 878 1641 exploratis
908 1592 1119 1638 itineribus,
1150 1609 1206 1632 se·
1221 1597 1357 1646 Romani

106 1663 261 1706 quentes
286 1657 461 1699 Poenum,
488 1663 530 1692 ut
554 1663 707 1692 ventum
733 1657 778 1692 ad
807 1657 956 1699 Cannas
982 1665 1052 1701 est,
1079 1660 1142 1696 ubi
1169 1662 1206 1697 in
1219 1641 1412 1715 ζ’ᾆῗῃῗέἱη

102 1727 307 1770 conspectu
324 1721 485 1756 Poenum
507 1720 711 1763 habebant,
738 1720 827 1756 bina
855 1728 977 1757 castra
996 1726 1207 1761 communi-

109 1792 189 1827 unt,
211 1785 342 1821 eodem
361 1784 476 1820 ferme
499 1784 710 1827 intervallo,
732 1798 806 1833 quo
831 1785 877 1821 ad
897 1785 1118 1831 Geronium,
1139 1790 1212 1825 sic-

112 1858 153 1886 ut
171 1855 272 1891 ante,
293 1848 410 1897 copiis
430 1848 568 1883 divisis.
614 1848 770 1883 Aufidus
792 1849 924 1892 amnis,
946 1851 1111 1900 utrisque
1131 1865 1212 1889 cas-

112 1915 178 1950 tris
209 1912 388 1955 adfluens,
419 1912 561 1948 aditum
591 1913 832 1961 aquatoribus
863 1926 908 1950 ex
938 1927 1004 1950 sua
1033 1915 1213 1966 cujusque

113 1977 396 2028 opportunitate
414 1976 514 2012 haud
534 1976 612 2011 sine
638 1977 840 2012 certamine
858 1977 993 2014 dabat:
1027 1992 1071 2016 ex
1091 1981 1215 2017 mino-

113 2042 216 2079 ribus
236 2050 360 2077 tamen
379 2041 522 2083 castris,
540 2053 621 2089 quae
636 2041 763 2090 posita
781 2047 883 2077 trans
899 2043 1072 2079 Aufidum
1094 2052 1215 2088 erant,

113 2107 267 2144 liberius
285 2104 520 2154 aquabantur
545 2103 725 2147 Romani,
746 2106 831 2154 quia
854 2107 936 2157 ripa
954 2107 1108 2144 ulterior
1133 2109 1217 2146 nul-

115 2171 194 2208 lum
221 2170 387 2207 habebat
414 2169 579 2205 hostium
609 2169 834 2219 praesidium.
889 2170 1085 2208 Hannibal
1114 2185 1219 2223 spem

119 2244 266 2280 nactus,
285 2236 377 2272 locis
397 2236 494 2271 natis
515 2235 559 2270 ad
590 2241 796 2284 equestrem
823 2249 1001 2286 pugnam,
1022 2251 1095 2287 qua
1113 2245 1220 2288 parte

122 2301 257 2337 virium
275 2299 434 2336 invictus
456 2304 549 2340 erat,
567 2298 732 2334 facturos
752 2300 900 2349 copiam
916 2301 1107 2350 pugnandi
1127 2314 1220 2339 con-

97 2357 99 2359 *
122 2363 234 2409 sules,
254 2364 381 2414 dirigit
400 2364 532 2407 aciem,
556 2362 779 2412 lacessitque
794 2363 1044 2411 Numidarum
1064 2378 1220 2416 procur,-
