1527 2661
341 204 492 233 LIBER
519 203 673 231 XXIII.
706 203 811 231 CAP.
836 203 928 231 vu.
1099 203 1181 247 311

83 303 223 336 norum,
254 295 314 342 qui
341 295 376 330 in
404 293 531 330 Sicilia
557 293 734 341 stipendia
751 291 934 340 facerent,
960 294 1178 339 permutatio
1191 298 1366 330 U.C.586.

69 357 193 406 fieret.
249 356 344 393 Haec
372 363 503 407 pacta:
535 356 599 392 illa
627 357 790 405 insuper,
821 367 932 404 quam
960 367 1040 404 quae
1069 363 1179 405 pacta
1190 342 1368 372 A·C·²¹⁶·

85 427 204 464 erant,
225 420 393 457 facinora
413 421 594 471 Campani
621 419 837 456 ediderunt:
870 431 955 455 nam
982 419 1178 468 praefectos

85 484 229 520 socifim
249 485 420 534 civesque
445 485 639 521 Romanos
667 484 774 527 alios,
802 485 937 533 partim
964 484 1089 534 aliquo
1108 486 1177 521 mi-

83 546 173 583 litiae
192 560 345 584 munere
364 555 581 598 occupatos,
601 549 738 598 partim
760 548 912 598 privatis
932 550 1093 597 negotiis
1121 549 1179 584 in-

84 611 248 662 plicitos,
276 612 381 663 plebs
410 620 562 663 repente
590 626 718 649 omnes
748 613 1049 662 comprehensos,
1079 613 1181 649 velut

83 677 261 713 custodiae
281 690 423 720 caussa,
443 678 586 717 balneis
614 677 903 727 includijussit:
936 678 1014 721 ubi,
1035 679 1181 714 fervore

83 746 195 788 atque
215 746 306 776 aestu
332 742 456 776 anima
475 741 688 783 interclusa,
710 742 852 777 foeduni
878 742 916 777 in
937 742 1086 778 modum
1114 755 1178 778 ex-

82 804 279 853 spirarent.
335 804 393 840 Ea
412 817 459 840 ne
479 805 622 847 fierent,
643 818 718 840 neu
738 805 876 852 legatio
903 807 1113 842 mitteretur
1132 806 1177 842 ad

83 868 256 912 Poenum,
294 881 439 904 sumnia
472 881 543 918 ope
575 869 714 904 Decius
751 868 916 918 Magius,
947 870 1002 905 vir
1035 872 1094 905 cui
1131 870 1177 906 ad
1190 866 1389 938 ΡΘΦῙΠΞΜΞ·

1189 919 1257 948 gius
1273 919 1289 938 a
1313 919 1380 939 ver-

1188 960 1274 982 satur
1289 953 1357 982 Ροε-

83 1004 260 1040 mentem,
281 997 413 1040 defuit,
434 998 623 1033 restiterat
641 1013 647 1033 :
682 1005 722 1033 ut
741 1010 827 1034 vero
847 999 1057 1048 praesidium
1077 1000 1177 1034 mitti
1190 997 1249 1026 nis.

87 944 267 968 summam
294 933 556 968 auctoritatem
585 932 692 975 nihil,
723 939 858 983 praeter
883 946 1010 970 sanam
1041 934 1175 970 civium

84 1061 130 1098 ab
158 1061 373 1098 Hannibale
396 1062 548 1105 audivit,
570 1062 701 1112 Pyrrhi
732 1063 928 1112 superbam
950 1063 1176 1099 dominatio—

83 1139 183 1170 nem,
204 1127 524 1177 miserabilemque
543 1127 833 1163 Tarentinorum
861 1128 1090 1171 servitutem,
1113 1141 1177 1164 ex—

84 1190 207 1240 empla
237 1190 413 1233 referens,
449 1191 583 1240 primo,
618 1203 664 1226 ne
698 1191 922 1241 reciperetur
953 1192 1176 1241 praesidium,

85 1254 208 1304 palam
228 1254 450 1290 vociferatus
471 1261 548 1290 est:
582 1254 726 1297 deinde,
749 1260 790 1289 ut
815 1260 1003 1304 receptum
1026 1262 1090 1291 aut
1110 1254 1177 1305 eji-

84 1324 242 1362 ceretur,
263 1328 340 1362 aut,
361 1320 391 1354 si
418 1319 555 1356 malum
575 1319 734 1361 facinus,
754 1319 853 1368 quod
880 1332 902 1355 a
922 1320 1177 1356 vetustissimis

84 1384 193 1419 sociis
220 1384 579 1432 consanguineisque
599 1383 832 1425 defecissent,
852 1383 942 1419 forti
968 1397 1010 1419 ac
1035 1397 1177 1420 memo-

86 1446 194 1482 rabili
212 1447 378 1483 facinore
397 1460 555 1496 purgare
572 1446 721 1489 vellent,
744 1453 797 1489 ut,
818 1447 1017 1483 interfecto
1033 1447 1177 1484 Punico

84 1510 270 1560 praesidio,
308 1511 547 1546 restituerent
584 1524 622 1546 se
656 1510 851 1546 Romanis.
910 1511 1003 1546 Haec
1040 1515 1176 1561 (neque

87 1574 185 1610 enim
204 1573 349 1610 occulte
369 1574 593 1623 agebantur)
616 1588 728 1624 quum
748 1575 864 1611 relata
892 1575 1098 1612 Hannibali
1118 1589 1176 1612 es—

86 1645 182 1682 sent,
202 1639 323 1688 primo
348 1639 463 1681 misit,
484 1640 547 1687 qui
567 1646 743 1675 vocarent
761 1640 932 1688 Magium
961 1641 1005 1676 ad
1033 1653 1111 1676 sese
1138 1642 1176 1677 in

86 1709 228 1739 castra:
259 1702 406 1745 deinde,
427 1715 540 1751 quum
573 1703 603 1738 is
632 1703 808 1739 ferociter
836 1711 1008 1753 negasset
1036 1717 1074 1740 se
1103 1705 1177 1741 itu-

85 1780 180 1810 rum,
204 1767 289 1813 (nec
317 1767 415 1801 enim
446 1765 729 1817 Hannibalijus
759 1780 838 1804 esse
866 1769 904 1804 in
928 1769 1045 1805 civem
1065 1769 1177 1805 Cam·

86 1831 240 1882 panum)
268 1831 476 1866 concitatus
506 1831 560 1866 ira
579 1831 732 1875 Poenus,
764 1834 1025 1883 comprehendi
1055 1834 1176 1870 homi-

85 1908 183 1939 nem,
199 1896 437 1944 vinctumque
454 1895 597 1931 adtrahi
615 1896 659 1931 ad
673 1909 710 1932 se
720 1896 835 1945 jussit
849 1912 856 1933 :
880 1898 1015 1934 veritus
1029 1898 1175 1942 deinde,

84 1973 130 1996 ne
150 1960 237 2008 quid
265 1960 362 1995 inter
386 1960 459 1995 vim
486 1959 681 2003 tumultus,
712 1967 822 2009 atque
851 1974 896 1997 ex
924 1963 1176 1999 concitatione

85 2026 295 2060 animorum
321 2023 521 2059 inconsulti
548 2025 758 2060 certaminis
778 2026 950 2069 oriretur,
972 2026 1062 2077 ipse,
1082 2040 1177 2077 prae—

87 2089 201 2124 misso
229 2088 368 2123 nuncio
397 2087 443 2123 ad
460 2087 625 2123 Marium
646 2088 817 2124 Blosium
846 2096 1042 2139 praetorcm
1065 2090 1176 2126 Cam—

89 2165 240 2202 panum,
262 2158 413 2202 postero
433 2152 492 2187 die
514 2165 552 2188 se
573 2153 710 2202 Capuae
730 2153 911 2198 futurum,
932 2154 1178 2204 proficiscitur

91 2229 109 2252 e
135 2217 263 2252 castris
294 2230 377 2252 cum
407 2217 555 2252 modico
585 2218 769 2267 praesidio.
824 2218 968 2254 Marius
998 2220 1180 2255 concione

91 2280 270 2317 advocata
289 2281 413 2324 edicit,
435 2286 476 2316 ut
494 2280 706 2329 frequentes
727 2294 810 2318 cnm
831 2281 1054 2332 ccnjugibus
1074 2295 1116 2318 ac
1136 2282 1180 2317 li-

88 2344 186 2380 beris
206 2344 353 2381 obviam
379 2345 477 2382 irent
496 2345 717 2383 Hannibali.
762 2346 822 2384 Ab
843 2348 1022 2383 universis
1043 2347 1080 2383 id
1104 2359 1181 2383 non
