1527 2661
329 174 411 230 538
786 189 833 219 τ.
860 190 994 219 mvn

137 265 179 296 U.
192 265 227 295 C.
244 272 317 298 542.

135 310 177 341 A·
191 309 317 340 02¹0·
330 281 365 312 et
402 277 613 314 exhaustam
643 278 833 315 delectibus
862 279 1026 321 Italiam,
1057 283 1092 315 et
1120 290 1235 328 prope
1262 281 1451 328 quotannis

330 343 505 377 exercitus
523 354 626 378 caesos
642 342 897 391 querebantur
910 358 920 387 3
953 347 988 378 et
1008 344 1164 379 consules
1177 344 1356 380 bellicosos
1369 357 1447 380 am·
1482 345 1483 354 ¹

329 406 384 449 bo,
405 407 499 441 viros
517 418 616 442 acres
634 408 740 442 nimis
757 412 792 442 et
799 406 957 455 feroces,
978 412 1126 449 creatos,
1147 409 1209 456 qui
1226 409 1282 444 vel
1307 410 1345 444 in
1361 420 1451 456 pace
1484 406 1486 433 ἶ

331 471 530 518 tranquilla
549 470 678 506 bellum
705 471 860 507 excitare
884 476 1041 519 possent,
1061 473 1192 508 nedum
1216 473 1254 508 in
1272 472 1363 509 bello
1390 484 1449 509 re·
1495 494 1496 503 κ

329 537 466 584 spirare
483 536 666 571 civitatem
673 534 804 584 forent
819 536 973 583 passuri.

382 597 558 635 XXVII.
589 598 799 649 Interrupit
817 599 887 635 hos
908 611 1100 635 sermones
1120 606 1247 644 nocte,
1269 613 1351 650 quae
1370 600 1448 651 pri·
1493 624 1494 627 =

329 664 389 700 die
418 664 680 712 Quinquatrus
701 663 786 706 fuit,
817 663 986 713 pluribus
1017 664 1128 700 simul
1156 664 1248 701 locis
1269 666 1369 702 circa
1387 665 1448 702 fo-

327 741 411 764 rum
440 728 657 764 incendium
677 733 825 764 ortum:
859 729 991 765 eodem
1021 736 1191 780 tempore
1217 736 1362 780 septem
1388 735 1447 766 ta-

327 793 469 835 bernae,
488 806 570 841 qnae
590 799 724 843 postea
739 793 918 842 quinque,
937 800 974 829 et
989 794 1226 843 argentariae,
1245 807 1326 843 quae
1346 807 1447 830 nunc

327 871 434 894 novae
456 857 707 907 adpellantur‚
725 870 861 894 arsere.
915 858 1200 909 Comprehensa
1218 864 1352 910 postea
1370 859 1447 909 pri-

326 929 416 959 vata
436 923 614 959 aedificia:
648 935 771 972 neque
788 924 889 959 enim
908 930 988 959 tum
1004 923 1169 960 basilicae
1186 929 1316 960 erant:
1340 936 1445 960 com-

327 987 521 1037 prehensae
535 986 741 1030 lautumiae,
759 987 958 1036 forumque
975 988 1235 1037 piscatorium,
1253 994 1290 1024 et
1307 988 1444 1024 atrium

325 1052 482 1100 regium.
529 1050 647 1086 AEdes
668 1051 795 1086 Vestae
822 1052 884 1087 vix
903 1050 1056 1087 defensa
1083 1058 1139 1087 est
1157 1052 1339 1088 tredecim
1364 1064 1445 1088 ma-

325 1115 426 1152 xime
455 1127 648 1151 servorum
678 1128 807 1164 opera,
830 1115 893 1164 qui
924 1115 963 1151 in
992 1115 1184 1165 publicum
1214 1115 1372 1152 redemti
1401 1128 1446 1152 ac

326 1179 547 1216 manumissi
577 1185 688 1215 sunt:
721 1185 835 1215 nocte.
864 1193 907 1215 ac
931 1180 991 1216 die
1021 1181 1286 1217 continuatum
1313 1181 1444 1217 incen-

329 1244 432 1280 dium
451 1243 535 1280 fuit.
593 1243 677 1279 Nec
697 1242 762 1279 ulli
782 1243 938 1280 dubium
959 1250 1052 1287 erat,
1074 1245 1239 1281 humana
1258 1245 1296 1280 id
1312 1244 1445 1281 fraude

324 1308 469 1345 factum
497 1319 590 1350 csse,
613 1308 713 1357 quod
738 1307 908 1358 pluribus
928 1307 1040 1344 simul
1063 1308 1172 1352 locis,
1193 1315 1231 1344 et
1256 1309 1300 1344 iis
1322 1309 1444 1345 diver-

326 1374 389 1415 sis,
412 1374 517 1421 ignes
549 1372 671 1409 coorti
698 1378 834 1408 essent.
893 1372 1028 1422 Itaque
1048 1373 1180 1410 consul
1206 1386 1251 1409 ex
1279 1374 1444 1409 auctori-

325 1443 404 1473 tate
423 1443 576 1473 senatus
604 1449 672 1487 pro
693 1437 878 1473 concione
898 1437 1027 1480 edixit,
1050 1438 1128 1486 qni,
1150 1450 1309 1486 quorum
1329 1450 1445 1487 opera

323 1502 362 1538 id
382 1501 587 1538 conflatum
607 1501 836 1544 incendium,
857 1502 1111 1552 profiteretur,
1132 1502 1326 1551 praemium
1346 1501 1442 1545 fore,

324 1565 445 1602 libero
465 1567 678 1617 pecuniam,
700 1579 808 1602 servo
834 1566 1062 1603 libertatem.
1119 1566 1179 1602 Eo
1199 1568 1356 1616 praemio
1383 1566 1442 1603 in—

324 1631 459 1668 ductus
481 1631 763 1680 Campanorum
784 1630 1026 1666 Calaviorum
1052 1643 1179 1666 servus
1203 1630 1387 1678 (Mannus
1409 1632 1442 1667 ei

325 1708 465 1731 nomen
494 1696 592 1740 erat)
616 1695 810 1740 indicavit,
842 1697 1003 1732 dominos
1031 1701 1065 1732 et
1091 1698 1245 1744 quinque
1269 1701 1444 1744 praeterea

315 1759 463 1806 juvenes
481 1760 613 1796 nobiles
634 1759 847 1808 Campanos,
869 1773 1018 1808 quorum
1033 1765 1201 1808 parentes
1219 1773 1242 1796 a
1264 1761 1306 1802 Q.
1319 1761 1444 1797 Fulvio

323 1826 437 1862 securi
464 1826 621 1873 percussi
648 1829 763 1867 erant,
796 1826 833 1861 id
860 1827 1063 1862 incendium
1085 1825 1242 1874 secisse3
1271 1826 1447 1874 vulgoque

315 1889 486 1938 facturos
505 1890 594 1931 alia,
616 1890 654 1924 ni
672 1889 1028 1938 comprehendantur.
1079 1889 1353 1939 Comprehensi
1373 1890 1445 1940 ipsi

323 1953 551 2002 familiaeque
579 1966 732 1989 eorum:
765 1960 803 1989 et
829 1954 951 2003 primo
972 1953 1190 1990 elevabatur
1216 1954 1329 1990 index
1346 1954 1445 1990 indi-

324 2022 521 2069 ciumque:
548 2021 670 2069 pridie
698 2033 778 2056 eum
806 2021 1005 2056 verberibus
1023 2022 1238 2068 castigatum
1267 2021 1311 2057 ab
1330 2021 1446 2057 domi-

323 2087 378 2122 nis
398 2086 602 2127 discessisse,
621 2096 686 2132 per
704 2086 797 2120 iram
815 2098 858 2120 ac
877 2086 1058 2122 levitatem
1077 2097 1119 2121 ex
1136 2098 1176 2121 re
1192 2084 1358 2134 fortuita
1377 2086 1447 2121 cri-

323 2162 404 2186 men
422 2155 682 2186 commentum:
710 2156 877 2187 ceterum
903 2155 946 2185 ut
971 2162 1098 2185 coram
1125 2148 1444 2198 coarguebantur,

324 2220 362 2250 et
381 2214 542 2264 quaestio
569 2226 615 2249 ex
645 2213 827 2249 ministris
847 2213 1027 2249 facinoris
1048 2213 1134 2250 foro
1160 2214 1284 2250 medio
1311 2212 1443 2250 haberi

324 2285 451 2329 coepta
471 2284 541 2322 est,
562 2277 652 2314 fassi
680 2290 826 2321 omnes,
848 2284 961 2327 atque
986 2278 1026 2314 in
1046 2277 1219 2315 dominos
1240 2290 1442 2327 servosque

324 2343 498 2381 conscios
527 2344 829 2381 animadversum
849 2348 928 2380 est:
961 2342 1078 2380 indici
1106 2342 1258 2380 libertas
1279 2342 1382 2386 data,
1403 2348 1441 2379 et
