1527 2661
316 221 471 250 LIBER
495 217 651 247 xxxn.
684 214 791 244 cAP.
814 213 978 242 xnvn.
1127 199 1209 254 365

101 309 195 346 nihil
214 309 416 346 admodum
431 306 571 342 viribus
593 304 668 340 suis
685 303 857 345 fidentes,
875 300 1003 349 egredi
1022 299 1157 351 portis,
1175 305 1212 334 et
1225 303 1314 335 U.C.
1334 309 1405 337 5:37.

101 380 225 410 castra
243 379 331 408 ante
359 371 490 408 urbem
510 370 549 405 in
577 374 710 418 aperto
731 365 977 403 communire.
1035 363 1109 399 Sex
1127 362 1212 398 mil·
1224 348 1264 378 A·
1277 347 1313 377 C·
1331 353 1407 377 ‘²¹⁵⁸

102 437 153 474 lia
171 442 404 473 armatorum
422 433 630 475 habebant,
647 431 813 482 peditem
832 428 1010 465 inbellem
1025 442 1033 463 :
1066 428 1213 475 equita-

100 508 142 536 tu
163 500 246 550 plus
273 504 473 550 poterant:
505 497 633 545 itaque
660 494 896 544 equestribus
925 492 1067 543 proeliis
1094 491 1213 527 laces-

100 563 235 600 sebant
252 564 414 600 hostem.
471 561 578 597 Inter
599 559 740 596 multos
767 558 914 595 nobiles
935 558 1078 607 equites
1101 557 1212 592 Cam-
1226 559 1385 591 Jubellius

100 639 220 678 panos
251 626 429 662 Cerrinus
449 625 474 660 J
479 623 637 660 ubellius
667 630 762 665 erat,
783 621 1011 670 cognomine
1039 605 1361 656 TaureatTau‘ea·

101 692 191 727 civis
213 690 377 726 indidem
398 695 491 732 erat,
513 688 627 736 longe
647 687 818 723 omnium
838 686 1121 735 Campanorum
1135 684 1216 720 for-

100 755 268 790 tissimus
289 765 425 802 eques:
457 752 552 788 adeo
579 757 635 795 ut,
655 763 771 800 quum
801 750 901 801 apud
919 749 1116 785 Romanos
1145 748 1216 784 mi-

100 818 242 861 litaret,
266 830 362 853 unus
389 829 475 869 eum
500 815 699 852 Romanus
729 814 908 850 Claudius
927 813 1076 849 Asellus
1097 812 1218 861 gloria
1230 819 1383 868 Claudius

102 882 267 932 equestri
296 887 472 930 aequaret.
529 879 646 916 Hunc
673 879 826 915 Taurea
843 891 957 927 quum
981 879 1045 914 diu
1073 877 1218 927 perlus-
1230 862 1369 895 Asellus·

101 952 205 982 trans
244 944 364 981 oculis
398 944 658 992 obequitasset
685 942 856 978 hostium
889 941 1038 983 turmis,
1065 940 1220 977 tandem

101 1009 206 1046 facto
233 1009 404 1052 silentio,
424 1008 484 1044 ubi
509 1012 596 1043 esset
624 1007 798 1043 Claudius
815 1007 993 1043 Asellus?
1020 1005 1217 1054 quaesivit:

102 1080 150 1118 et,
170 1076 340 1122 quoniam
372 1073 486 1109 verbis
512 1083 631 1108 secum
657 1073 701 1108 de
727 1073 861 1108 virtute
892 1071 1069 1118 ambigere
1096 1070 1222 1106 solitus

102 1144 202 1181 esset,
223 1151 287 1175 cur
305 1150 376 1174 non
392 1137 502 1185 ferro
521 1138 724 1173 decerneret
734 1153 747 1181 5
778 1137 949 1184 daretque
967 1136 1089 1184 opima
1105 1135 1222 1183 spolia

102 1203 230 1244 victus,
252 1206 319 1237 aut
336 1202 452 1236 victor
470 1201 649 1248 caperet?

158 1264 326 1301 XLVII.
357 1264 453 1300 Haec
482 1264 547 1300 ubi
566 1263 696 1300 Asello
715 1264 896 1300 nunciata
915 1269 1003 1299 sunt
1023 1263 1062 1299 in
1083 1267 1221 1305 castra,

103 1329 143 1366 id
162 1329 276 1366 modo
300 1335 484 1371 moratus,
505 1334 547 1364 ut
567 1327 762 1364 consulem
787 1333 1110 1379 percunctaretur,
1130 1326 1222 1362 lice-

104 1401 213 1431 retne
235 1400 343 1430 extra
372 1393 544 1429 ordinem
572 1393 612 1428 in
640 1399 912 1442 provocantem
942 1392 1092 1427 hostem
1123 1402 1221 1439 pug-

103 1459 219 1495 nare?
247 1459 431 1509 permissu
457 1457 537 1507 ejus
558 1467 663 1493 arma
689 1456 880 1506 extemplo
907 1456 1029 1505 cepit:
1062 1466 1220 1504 provec-

103 1528 241 1571 tusque
261 1528 349 1558 ante
378 1522 563 1558 stationes
592 1534 704 1570 equo,
724 1521 913 1557 Tauream
941 1519 1095 1555 nomine
1116 1531 1221 1555 com-

102 1585 272 1637 pellavit,
304 1586 574 1634 congredique,
599 1585 664 1621 ubi
693 1584 821 1628 vellet,
836 1584 965 1635 jussit.
1020 1583 1108 1619 Jam
1136 1582 1220 1619 Ro-

103 1649 207 1685 mani
236 1649 284 1685 ad
313 1648 571 1699 spectaculum
600 1660 738 1698 pugnae
769 1647 850 1698 ejus
873 1646 1088 1696 frequentes
1118 1647 1221 1683 exie-

105 1717 213 1747 rant:
247 1718 284 1747 et
304 1712 505 1762 Campani,
526 1724 605 1748 non
624 1711 765 1748 vallum
781 1711 896 1747 modo
914 1716 1137 1753 castrorum,
1154 1710 1220 1746 sed

105 1776 248 1811 moenia
263 1776 378 1811 etiam
394 1775 497 1811 urbis
513 1780 799 1824 prospectantes
818 1774 1064 1824 repleverant.
1090 1775 1220 1813 Quum

99 1838 182 1889 jam
212 1844 301 1875 ante
318 1838 508 1874 ferocibus
529 1839 638 1874 dictis
667 1851 745 1874 rem
771 1838 1051 1882 nobilitassent,
1072 1839 1220 1874 infestis

105 1902 224 1938 hastis
245 1902 486 1937 concitarunt
506 1914 646 1950 equos:
678 1902 764 1937 dein
785 1901 905 1938 libero
921 1902 1044 1951 spatio
1064 1902 1162 1938 inter
1181 1912 1221 1938 se

103 1967 355 2008 ludificantes,
377 1967 458 2002 sine
477 1966 630 2002 vulnere
645 1979 812 2016 pugnam
828 1967 1090 2003 extrahebant.
1120 1966 1221 2003 Tum

105 2030 320 2080 Campanus
339 2030 533 2073 Romano,
557 2032 754 2079 Equorum,
776 2031 913 2079 inquit,
935 2031 1012 2073 hoc,
1033 2043 1101 2066 non
1122 2033 1220 2078 equi-

104 2100 193 2136 tum,
215 2097 282 2130 erit
309 2100 500 2137 certamen,
520 2096 588 2130 nisi
615 2107 633 2131 e
651 2107 775 2143 campo
801 2097 838 2131 in
864 2108 988 2131 cavam
1008 2095 1100 2130 hanc
1123 2096 1221 2131 viam

103 2159 322 2195 demittimus
339 2170 466 2206 equos:
495 2159 543 2194 ibi
570 2160 669 2194 nullo
697 2160 745 2195 acl
771 2159 993 2206 evagandum
1018 2160 1135 2206 spatio
1160 2171 1219 2194 co-

102 2224 220 2258 minus
239 2227 465 2258 conserentur
485 2234 621 2258 manus,
676 2222 794 2279 Dic&
814 2234 932 2272 prope
953 2222 1062 2257 citius
1080 2234 1222 2269 equum

103 2286 142 2321 in
161 2285 260 2321 viam
291 2285 471 2322 Claudius
499 2285 649 2335 dejecit.
704 2286 867 2329 Taurea,
895 2285 1018 2321 verbis
1038 2285 1216 2328 ferocior,

105 2342 218 2398 quam
248 2362 302 2394 re,
330 2351 483 2387 Minime
510 2352 569 2393 sis,
602 2351 740 2398 inquit,
774 2350 997 2387 cantherimn
1026 2352 1063 2386 in
1085 2348 1220 2397 fossa:

614 2412 694 2451 R3
