1527 2661
285 159 365 199 104
754 163 800 191 τ.
822 163 956 192 mvn

91 250 128 278 U·
144 250 179 280 C·
196 254 382 289 4⁵6-duces
400 254 557 288 consules
574 253 639 288 illo
659 253 715 288 (lie
735 253 844 301 deligi
865 255 1099 291 meminissent
1113 272 1124 291 .·
1154 268 1202 299 se,
1224 258 1293 293 nisi
1312 269 1395 294 con-

88 295 128 323 A.
143 293 178 323 C'
195 300 268 327 296⁸
267 319 416 367 fideret,
443 330 524 353 eum
549 330 716 353 consensu
740 319 871 366 populi
891 318 1049 355 Romani
1076 321 1252 357 consulem
1276 323 1396 358 decla-

278 387 400 417 ratum
427 383 484 424 iri,
506 383 567 430 qui
592 382 689 417 haud
714 382 818 417 dubie
838 387 913 417 tum
937 384 1076 430 primus
1095 386 1252 420 omnium
1271 387 1397 422 ductor

281 446 464 487 habeatur,
487 447 697 481 dictatorem
708 444 827 494 fuisse
845 447 1022 494 extemplo
1043 448 1234 484 dicturum.

86 497 202 570 Ξέξὲξζ
221 507 268 528 ‘e'
334 509 472 545 XXII.
502 509 659 544 Nemini
679 509 835 544 dubium
859 516 953 553 erat,
975 511 1065 558 quin
1085 512 1134 551 Q.
1153 511 1294 549 Fabius
1315 525 1397 550 om-

85 592 149 612 cos.
167 583 223 613 eli-
279 574 385 624 nium
418 586 606 609 consensu
635 573 912 619 destinaretur3
946 587 1106 624 eumque
1137 583 1176 613 et
1206 589 1398 627 praeroga-

85 627 180 665 gitur.
277 638 379 680 tivae,
411 643 450 673 et
478 638 602 687 primo
639 644 783 673 vocatae
815 650 946 674 omnes
986 639 1166 676 centuriae
1202 640 1398 679 consulem

277 715 364 739 cum
383 702 429 739 L.
446 701 654 738 Volumnio
674 702 863 740 dicebant.
915 702 1026 739 Fabii
1053 705 1177 741 oratio
1196 703 1284 749 fuit,
1305 718 1400 755 qua·

274 765 320 802 h's
353 766 510 803 biennio
540 772 651 802 ante:
685 766 833 811 deinde,
868 773 910 803 ut
938 767 1163 804 vincebatur
1191 781 1395 815 consensu,

273 844 383 868 versa
401 837 595 881 postremo
615 831 662 868 ad
683 830 868 880 collegam
888 831 932 868 P.
952 831 1115 868 Decium
1137 833 1393 882 poscendum:

274 897 316 934 id
332 899 506 934 senectuti
523 909 595 933 suae
614 897 874 932 adminiculum
890 896 980 945 fore
992 913 1004 932 .-
1033 909 1180 933 censura
1199 898 1400 947 duobusque

276 962 517 999 consulatibus
535 961 642 996 simul
658 963 767 1008 gestis
788 967 976 1008 expertum
993 974 1042 1004 se,
1064 963 1116 998 nil
1141 964 1306 999 concordi
1324 964 1398 1000 col-

275 1026 368 1074 legio
375 1027 524 1075 firmius
548 1027 596 1061 ad
620 1026 875 1074 rempublicam
896 1025 1067 1061 tuendam
1092 1037 1188 1062 esse:
1217 1037 1307 1062 novo
1327 1028 1398 1063 im-

269 1093 366 1140 perii
390 1092 484 1127 socio
511 1092 570 1127 vir
589 1090 670 1137 jam
690 1091 896 1126 adsuescere
922 1090 1066 1126 senile-m
1096 1092 1257 1127 animum
1272 1104 1375 1139 posse
1387 1108 1401 1129 .·

274 1169 356 1193 cum
373 1157 529 1193 moribus
546 1158 639 1192 notis
647 1156 803 1205 facilius
820 1168 856 1192 se
875 1156 1221 1192 communicaturum
1240 1158 1399 1195 consilia.

274 1220 511 1270 Subscripsit
539 1221 707 1257 orationi
744 1219 824 1270 ejus
862 1219 1009 1263 consul,
1030 1232 1147 1269 quum
1182 1221 1326 1257 meritis
1355 1221 1400 1260 P.

272 1285 387 1322 Decii
405 1285 595 1329 laudibus,
615 1292 711 1329 tum,
730 1298 807 1334 quoe
826 1298 868 1322 ea:
887 1287 1077 1322 concord-ia
1095 1286 1278 1322 consulum
1294 1286 1398 1330 bona,

273 1365 419 1401 quaeque
437 1364 479 1388 ex
491 1353 670 1389 discordia
690 1353 788 1388 mala
807 1354 844 1388 z'n
863 1352 1172 1388 administratione
1190 1364 1308 1388 rerum
1330 1354 1399 1389 mi-

274 1418 438 1454 litarium
463 1419 652 1460 evenirent,
682 1417 942 1459 memorando,
965 1429 1071 1465 quam
1095 1429 1207 1465 prope
1232 1417 1401 1453 ultimum

273 1483 464 1519 discrimen
489 1484 562 1519 suis
591 1488 626 1519 et
655 1483 799 1530 collegae
831 1481 1081 1518 certaminibus
1113 1493 1227 1529 nuper
1257 1486 1402 1518 ventum

260 1546 392 1596 foret:
422 1547 662 1584 admonendo
693 1547 858 1583 Decium
877 1546 1128 1595 Fabiumque,
1152 1551 1192 1582 ut
1217 1558 1287 1582 uno
1314 1548 1397 1583 ani-

270 1624 343 1655 mo,
363 1625 438 1649 una
458 1619 573 1649 mente
591 1616 750 1650 viverent
764 1631 774 1650 .·
805 1626 876 1650 esse
890 1619 1069 1662 praeterea
1094 1614 1189 1648 viros
1207 1617 1311 1649 natos
1328 1613 1399 1649 mi·

275 1679 374 1722 litiae,
384 1679 504 1728 factis
522 1692 683 1727 magnos,
705 1682 752 1717 ad
774 1681 955 1716 verborum
977 1681 1176 1728 linguceque
1201 1681 1400 1716 certamina

272 1745 406 1780 rudes:
434 1757 477 1780 ea
493 1746 636 1792 ingenia
657 1746 858 1782 consularia
878 1758 960 1781 esse.
994 1745 1152 1781 Calliclos
1169 1746 1397 1793 solertesque,

265 1806 363 1854 juris
392 1814 499 1856 atque
526 1811 735 1858 eloquentiae
767 1811 956 1853 consultos,
988 1810 1106 1858 qualis
1131 1810 1202 1858 Ap.
1227 1809 1401 1846 Claudius

274 1877 373 1913 esset,
393 1873 474 1907 urbi
501 1885 545 1908 ac
562 1872 654 1921 foro
680 1875 851 1921 praesides
879 1874 1066 1916 habendos,
1085 1878 1323 1921 praetoresque
1351 1875 1401 1910 ad

272 1936 458 1972 reddenda
484 1934 574 1981 jura
605 1939 776 1973 creandos
808 1949 888 1973 esse.
937 1937 1010 1973 His
1045 1937 1200 1985 agendis
1235 1937 1311 1972 dies
1342 1943 1400 1973 est

273 2006 520 2037 consumtus:
561 2002 746 2049 postridie
783 2001 831 2038 ad
867 2002 1130 2051 praescriptum
1161 2000 1327 2037 consulis
1361 2008 1400 2037 et

274 2062 491 2100 consularia
528 2069 567 2099 et
603 2065 780 2114 praetoria
819 2066 975 2101 comitia
1010 2064 1154 2100 habita.
1214 2063 1400 2101 Consules

273 2127 396 2163 creati
425 2127 473 2166 Q.
490 2126 630 2163 Fabius
666 2135 703 2163 et
728 2128 770 2165 P.
797 2127 963 2164 Decius:
997 2130 1070 2178 Ap.
1092 2127 1272 2164 Claudius
1303 2140 1400 2177 prae-

271 2197 356 2236 tor3
390 2203 521 2228 omnes
550 2192 751 2229 absentes:
786 2199 823 2229 et
851 2193 896 2230 L.
915 2193 1124 2229 Volumnio
1155 2204 1201 2229 ex
1227 2201 1399 2228 senatus-

273 2254 449 2292 consulto
471 2262 508 2292 et
531 2257 629 2293 seito
653 2255 773 2307 plebis
804 2264 1055 2307 prorogatum
1084 2258 1124 2293 in
1155 2269 1299 2293 annum
1326 2257 1398 2293 im-

274 2320 418 2369 perium
438 2326 505 2357 est.
