1527 2661
322 139 402 194 528
784 148 831 177 Τ.
856 149 988 177 L1v11
1488 152 1490 166 ¹

128 245 171 276 U.
183 245 218 275 C.
232 250 304 275 541.
321 240 462 276 berinis
480 239 670 290 profectus
691 245 826 289 praeter
842 252 946 274 oram
966 238 1082 275 Tusci
1102 239 1228 282 maris,
1245 239 1361 290 Alpes
1381 246 1439 276 ate

124 289 212 319 A'C'
226 294 299 317 '²¹¹'
321 316 394 353 que
414 303 602 339 Gallicum
622 303 759 345 sinum,
780 309 819 338 et
837 302 971 339 deinde
990 302 1150 352 Pyrenei
1169 304 1439 339 circumvectus

126 372 272 403 venitin
321 368 639 418 promontorium,
672 367 865 416 Emporiis
900 366 992 402 urbe
1026 366 1160 403 Graeca
1196 367 1364 417 (oriundi
1400 373 1439 403 et

121 415 243 488 23³1&
321 432 393 482 ipsi
413 422 617 468 a'Phocaea
636 431 740 476 sunt)
760 431 887 480 copias
906 432 1081 480 exposuit
1097 448 1104 467 2
1137 431 1224 467 iude
1243 432 1349 480 sequi
1368 444 1438 467 na-

219 481 227 488 .
319 495 428 532 vibus
442 494 575 545 jussis,
592 494 848 531 Tarraconem
868 495 1026 544 pedibus
1047 494 1254 546 profectus,
1272 508 1436 531 conven-

319 566 398 595 tum
421 560 590 595 omnium
612 559 801 594 sociorum
824 559 983 605 (etenim
1001 558 1212 607 legationes
1232 559 1280 595 ad
1297 558 1438 595 famam

319 624 502 660 adventus
521 622 600 673 ejus
630 635 675 658 ex
697 623 802 658 omni
828 635 867 658 se
896 623 1093 672 provincia
1121 623 1346 670 effuderant)
1368 623 1436 659 ha·
1499 603 1501 646 i

316 688 423 724 buit:
456 700 568 723 naves
588 686 641 723 ibi
668 687 825 723 subduci
843 686 975 737 jussit,
996 688 1160 723 remissis
1181 694 1343 736 quatuor
1368 688 1437 723 tri-

318 752 481 788 remibus
511 751 823 794 Massiliensium,
844 765 926 800 quae
956 752 1070 788 officii
1092 765 1226 788 caussa
1253 751 1301 788 ab
1321 752 1435 788 domo

317 823 527 867 prosecutae
546 814 708 852 fuerant.
752 816 954 866 Responsa
972 817 1059 852 inde
1078 815 1333 864 legationibus
1354 828 1435 852 sus-

317 882 443 932 pensis
466 881 645 917 varietate
672 887 731 916 tot
750 893 903 916 casuum
925 881 1012 917 dare
1039 881 1168 930 coepit,
1191 881 1244 916 ita
1265 879 1366 916 elato
1386 880 1433 917 ab

317 945 464 994 ingenti
492 945 674 980 virtutum
703 957 854 980 suarum
881 943 1018 980 fiducia
1046 945 1188 987 animo,
1220 950 1262 979 ut
1288 943 1435 981 nullum

316 1009 427 1045 ferox
454 1008 610 1044 verbnm
647 1008 859 1052 excideret,
892 1009 1101 1057 ingensque
1130 1008 1321 1052 omnibus,
1351 1021 1434 1057 quae

316 1073 471 1115 diceret,
493 1085 607 1120 quum
628 1071 804 1121 majestas
826 1073 980 1115 inesset,
1001 1078 1083 1107 tum
1103 1071 1206 1107 fides.

368 1136 465 1172 XX.
495 1135 694 1171 Profectus
721 1136 768 1171 ab
788 1135 1020 1178 Tarracone,
1047 1142 1085 1171 et
1112 1135 1281 1172 civitates
1309 1136 1432 1172 socio—

317 1213 399 1236 rum
420 1206 458 1235 et
480 1199 639 1235 hiberna
665 1200 852 1235 exercitus
874 1199 988 1235 adiit:
1022 1198 1337 1248 conlaudavitque
1361 1200 1432 1235 mi·-

310 1263 412 1305 lites,
434 1263 549 1312 quod,
567 1263 710 1299 duabus
732 1264 848 1298 tantis
866 1262 1034 1299 cladibus
1051 1263 1226 1312 deinceps
1246 1263 1326 1306 icti,
1342 1276 1431 1313 pro-

312 1329 477 1365 vinciam
504 1328 782 1364 obtinuissent:
815 1341 885 1364 nec
908 1329 1073 1364 fructum
1100 1329 1347 1365 secundarum
1373 1341 1432 1365 re·

313 1405 395 1428 rum
416 1393 554 1428 sentire
574 1392 702 1428 hostes
730 1393 843 1441 passi,
866 1392 971 1428 omni
997 1392 1048 1427 cis
1070 1391 1224 1428 Iberum
1249 1405 1341 1441 agro
1367 1405 1430 1428 eos

314 1457 535 1499 arcuissent,
564 1457 762 1504 sociosque
789 1468 873 1491 cum
894 1455 964 1492 fide
990 1457 1104 1491 tutati
1132 1462 1268 1493 essent.
1324 1455 1431 1492 Blar-

314 1521 412 1556 cium
433 1532 558 1556 secum
578 1520 745 1556 habebat
764 1533 849 1556 cum
869 1526 979 1556 tanto
998 1520 1159 1563 honore,
1179 1526 1219 1556 ut
1234 1519 1344 1556 facile
1364 1521 1429 1557 ad·

312 1590 474 1633 pareret,
504 1584 599 1619 nihil
628 1585 766 1626 minus,
788 1596 898 1633 quan]
929 1584 1061 1627 vereri,
1092 1597 1139 1620 ne
1159 1585 1240 1633 quis
1261 1584 1431 1621 obstaret

313 1647 443 1696 gloriae
473 1661 560 1684 suae.
619 1648 807 1683 Successit
836 1648 923 1683 inde
951 1647 1100 1684 Neroni
1129 1648 1293 1692 Silanus,
1325 1656 1363 1684 et
1390 1649 1429 1685 in

312 1711 472 1747 hiberna
490 1712 579 1747 novi
599 1711 736 1747 milites
758 1711 922 1749 deducti.
971 1712 1113 1762 Scipio,
1135 1712 1325 1755 omnibus,
1346 1725 1429 1762 quae

314 1775 486 1811 adeunda
504 1776 726 1825 agendaque
743 1783 864 1819 erant,
882 1782 1029 1812 mature
1048 1776 1158 1812 aditis
1178 1776 1428 1827 peractisque,

312 1841 569 1879 Tarraconem
602 1843 802 1879 concessit.
859 1842 995 1878 Nihilo
1031 1844 1157 1879 minor
1193 1843 1294 1880 fama
1330 1843 1430 1894 apud

312 1906 440 1942 hostes
463 1907 650 1956 Scipionis
671 1913 765 1950 erat,
788 1921 899 1956 quam
920 1908 1020 1958 apud
1039 1909 1136 1944 cives
1159 1909 1371 1958 sociosque,
1392 1916 1430 1945 et

310 1969 495 2005 divinatio
526 1970 695 2018 quaedam
722 1970 863 2017 futuri3
897 1984 973 2020 quo
1002 1972 1125 2007 minus
1154 1973 1253 2008 ratio
1281 1973 1428 2009 timoris

310 2033 413 2069 reddi
441 2040 592 2083 poterat
611 2033 738 2070 oborti
769 2036 1127 2087 temere,‘majorem
1158 2036 1320 2073 inferens
1350 2050 1428 2073 me-

309 2103 403 2133 tum.
460 2096 507 2131 In
536 2097 696 2133 hiberna
724 2098 861 2135 diversi
890 2106 1178 2136 concesserant:
1211 2099 1429 2137 Hasdrubal

306 2159 491 2209 Gisgonis
526 2174 643 2210 usque
680 2163 726 2198 ad
763 2176 948 2200 oceanum
986 2170 1023 2200 et
1053 2164 1200 2200 Gades:
1231 2164 1351 2213 Mago
1388 2166 1428 2202 in

309 2225 597 2269 mediterranea,
615 2228 778 2263 maxime
797 2240 910 2278 supra
930 2229 1244 2265 Castulonensem
1264 2229 1426 2265 saltum:

310 2286 529 2325 Hasdrubal
545 2288 772 2327 Hamilcaris
786 2291 883 2328 filius
903 2294 1097 2344 proximus
1114 2293 1226 2330 Ibero
1244 2292 1342 2329 circa
1358 2293 1427 2329 Sa-
