1527 2661
306 146 389 191 522
763 146 809 174 Τ.
835 145 968 174 mvn

114 242 156 271 U.
170 241 206 270 C.
222 247 293 271 541.
306 238 370 273 Me
384 248 535 285 quoque,
553 235 689 284 inquit,
701 233 788 280 jube
805 236 931 277 occidi,
945 240 986 271 ut
1001 235 1156 284 gloriari
1169 237 1296 284 possis,
1309 237 1422 273 multo

113 285 151 314 Α·
165 284 200 314 C·
220 291 294 315 ²¹¹·
295 301 506 351 fortiorem,
542 313 650 348 quam
679 301 753 348 ipse
786 312 834 342 es,
862 301 978 336 virum
1007 300 1067 336 abs
1101 305 1133 335 te
1161 301 1311 336 occisum
1341 312 1423 337 esse.

308 366 439 403 Quum
455 364 612 400 Flaccus
633 370 804 412 negaret,
821 363 988 412 profecto
1006 365 1093 399 satis
1112 368 1308 413 compotem
1325 375 1423 401 men·

309 432 354 466 tis
368 441 457 465 esse:
477 429 606 471 modo,
623 428 807 476 prohiberi
826 420 936 464 etiam
954 440 1002 470 se,
1023 430 1053 463 si
1072 429 1109 463 id
1127 429 1245 472 vellet,
1264 433 1424 464 senatus-

309 495 481 536 consulto,
504 493 667 529 diceret:
710 499 791 529 tum
810 492 834 527 J
840 491 1012 535 ubellius,
1037 493 1347 541 Quandoquidem,
1367 494 1425 529 in-

309 558 406 607 quit,
428 562 537 605 capta
553 558 690 604 patria,
714 557 922 604 propinquis
941 558 1131 604 amicisque
1149 557 1297 598 amissis,
1319 569 1428 605 quum

307 624 384 670 ipse
411 633 521 657 manu
553 632 633 656 mea
665 618 848 667 conjugem
878 620 1067 668 liberosque
1100 619 1355 668 int-effecerim,
1384 632 1429 656 ne

310 686 395 733 quid
422 686 561 732 indigni
584 689 809 732 paterentur,
830 684 919 720 mihi
943 696 986 719 ne
1010 686 1136 719 mortis
1161 685 1304 732 quidem
1326 685 1430 732 copia

309 750 434 785 eadem
453 754 516 791 est,
537 761 615 797 quoe
640 749 694 784 his
720 749 850 785 civibus
876 750 962 784 meis
973 765 986 791 ,-
1014 753 1160 796 petatur
1179 760 1202 784 a
1219 749 1354 784 virtute
1372 750 1427 784 in-

308 815 390 849 visa:
410 812 512 860 hujus
529 815 611 849 vitae
624 814 785 849 vindicta
797 829 809 849 .·
832 818 945 862 atque
965 812 1020 848 ita
1039 812 1177 861 gladio,
1195 825 1306 861 quem
1324 818 1430 849 veste

310 884 472 920 texerat,
501 890 567 927 per
593 877 791 913 adversum
817 883 948 926 pectus
968 876 1186 920 transfixus,
1208 882 1296 913 ante
1314 876 1428 927 pedes

309 942 549 991 imperatoris
570 941 816 977 moribundus
837 940 1052 990 procubuit.

364 1005 476 1041 XVI.
506 1006 621 1048 Quia,
644 1012 681 1041 et
704 1005 805 1053 quod
832 1005 878 1040 ad
905 1004 1132 1054 supplicium
1151 1004 1297 1040 adtinet
1317 1004 1430 1041 Cam·-

310 1081 511 1119 panorum,
533 1074 571 1104 et
590 1068 768 1118 pleraque
789 1068 876 1111 alia,
898 1068 942 1103 de
965 1067 1092 1104 Flacci
1112 1068 1221 1104 unius
1243 1068 1432 1105 sententia

310 1139 398 1170 acta
419 1139 528 1170 erant
544 1149 555 1179 3
588 1140 781 1169 mortuum
799 1134 874 1183 Ap.
892 1133 1093 1168 Claudiurn
1112 1131 1180 1169 sub
1202 1132 1430 1169 deditionem

313 1198 468 1247 Capuae,
490 1197 641 1247 quidam
660 1198 842 1234 tradunt:
874 1198 977 1233 hune
1004 1209 1154 1246 quoque
1180 1197 1303 1247 ipsum
1328 1196 1431 1233 Tau-

313 1275 417 1300 ream
449 1275 572 1311 neque
606 1275 672 1298 sua
707 1268 843 1312 sponte
874 1263 1023 1298 venisse
1055 1261 1180 1304 Cales,
1212 1272 1333 1310 neque
1366 1273 1435 1297 sua

314 1339 429 1363 manu
449 1326 692 1362 interfectum
711 1341 718 1361 :
752 1326 830 1368 sed,
848 1326 937 1362 dum
956 1326 1055 1362 inter
1075 1332 1219 1362 ceteros
1240 1325 1288 1361 ad
1306 1324 1434 1374 palum
1488 1349 1493 1351 -

316 1391 517 1438 deligatur,
538 1390 626 1439 quia
656 1402 788 1439 parum
818 1391 917 1426 inter
946 1391 1123 1440 strepitus
1151 1389 1319 1425 exaudiri
1345 1401 1434 1439 pos-

317 1460 415 1497 sent,
433 1467 515 1503 quae
535 1453 830 1496 vociferabatur,
848 1453 1041 1489 silentium
1061 1454 1140 1489 fieri
1159 1453 1336 1489 Flaccum
1350 1452 1435 1503 jus-

318 1519 410 1554 sisse
428 1533 435 1554 :
467 1524 549 1553 tum
573 1516 762 1552 Tauream
788 1517 866 1559 illa,
887 1530 969 1565 quae
996 1524 1084 1553 ante
1104 1524 1313 1553 memorata
1332 1523 1434 1560 sunt,

318 1582 471 1625 dixisse,
493 1584 609 1618 virum
636 1594 672 1617 se
690 1581 933 1630 fortissimum
963 1582 1006 1617 ab
1034 1594 1259 1630 nequaquam
1282 1583 1366 1630 pori
1391 1583 1440 1617 ad

318 1649 488 1683 virtutem
518 1648 644 1682 occidi.
702 1646 779 1681 Sub
809 1646 890 1682 haec
921 1646 1036 1688 dicta,
1063 1645 1174 1695 jussu
1200 1645 1437 1695 proconsulis

319 1723 533 1760 praeconem
562 1711 614 1745 ita
638 1711 933 1759 pronunciasse:
967 1710 1105 1752 Lictor,
1126 1711 1201 1745 viro
1219 1708 1320 1758 forti
1347 1710 1440 1746 adde

320 1777 453 1821 virgas,
474 1779 509 1809 et
535 1776 570 1809 in
596 1787 673 1809 eum
699 1776 858 1821 primum
878 1774 953 1820 lege
971 1785 1049 1820 age.
1106 1772 1265 1808 Lectum
1290 1785 1440 1821 quoque

322 1837 708 1879 senatusconsultum,
732 1837 950 1886 priusquam
976 1837 1096 1871 securi
1122 1836 1265 1879 feriret,
1287 1836 1438 1885 quidam

323 1908 496 1937 auctores
518 1908 627 1936 sunt:
662 1901 738 1942 sed,
760 1901 847 1949 quia
870 1901 1101 1949 adscriptum
1127 1900 1165 1934 in
1191 1906 1437 1936 senatuscon-

323 1965 424 2015 sulto
443 1965 570 2007 fuerit,
591 1967 622 2001 si
648 1968 679 2001 ei
707 1967 900 2006 videretur,
923 1967 1099 2012 integram
1118 1976 1189 2000 rem
1211 1965 1260 2000 ad
1277 1970 1439 2000 senatum

323 2029 497 2075 rejiceret,
518 2029 808 2078 interpretatum
829 2041 922 2070 esse,
944 2028 1033 2076 quid
1053 2028 1172 2076 inagis
1199 2041 1218 2063 c
1247 2028 1439 2077 republica

325 2093 493 2135 duceret,
521 2094 810 2129 aestimationem
838 2093 909 2128 sibi
936 2093 1168 2142 permissam.
1226 2092 1394 2141 Capuam
1418 2106 1439 2128 a

323 2155 480 2192 Calibus
500 2157 661 2192 reditum
682 2163 751 2199 est,
773 2156 974 2204 Atellaque
994 2163 1029 2191 et
1051 2155 1199 2191 Calatia
1218 2156 1255 2190 in
1277 2155 1438 2191 deditio-

322 2233 409 2257 nem
435 2227 621 2270 acceptae:
656 2220 708 2256 ibi
735 2233 884 2269 quoque
911 2221 947 2256 in
977 2232 1054 2262 003,
1077 2221 1140 2268 qui
1166 2220 1289 2269 capita
1316 2232 1439 2256 rerum

325 2290 446 2328 erant,
469 2285 779 2322 aninmdversum
840 2285 898 2321 lta
919 2285 965 2321 ad
985 2285 1224 2335 septuaginta
1251 2284 1437 2334 principes
