1527 2661
155 277 195 307 U.
210 277 245 307 C.
261 285 332 311 ⁵34.

154 322 193 351 Α.
206 321 242 351 C.
260 329 332 354 218.

150 980 256 1019 Legati
267 980 329 1011 Ro-

148 1033 238 1054 mam
255 1033 287 1053 in

149 1065 268 1105 Hispa-

150 1109 238 1138 niam
255 1115 314 1139 tra-

146 1150 274 1187 jicium.

351 193 431 237 174
809 201 853 228 T.
878 200 1009 228 mvn

346 283 473 328 fuerit,
494 291 531 321 et
549 292 607 321 tot
625 299 809 322 annorum
830 287 980 322 silentio
1009 288 1062 322 ita
1081 287 1166 322 vivo
1195 299 1241 323 eo
1270 299 1443 336 compro-

345 346 474 383 batum
508 349 556 384 sit
588 349 724 391 foedus,
764 356 805 385 ut
840 362 887 385 ne
919 356 1070 386 mortuo
1108 350 1258 398 quidem
1291 355 1445 386 auctore

345 411 546 460 quidquam
572 418 789 448 mutaretur.
847 413 1099 461 Quamquam,
1126 415 1194 449 etsi
1225 414 1349 462 priore
1373 412 1446 450 foe-

337 474 430 509 -dere
460 481 634 517 staretur,
667 476 756 510 satis
788 483 940 510 cautum
966 482 1044 511 erat
1072 477 1305 524 Saguntinis,
1335 475 1446 511 sociis

344 544 588 586 utrorumque
616 539 780 587 exceptis
801 553 808 573 :
840 551 928 574 nam
948 551 1068 587 neque
1088 540 1256 575 additum
1275 545 1368 581 erat,
1389 541 1446 580 iis,

344 603 406 648 qui
425 606 508 636 tunc
532 606 665 637 essent:
693 614 776 644 nec,
796 614 840 637 ne
858 604 918 650 qui
941 607 1066 650 postea
1088 604 1381 638 acl-sumerentur.-
1409 607 1448 637 et

343 677 458 712 quum
487 666 680 701 adsumere
712 679 831 703 novos
860 667 990 703 liceret
1017 668 1154 710 socios,
1185 668 1266 716 quis
1298 679 1445 716 aequum

343 734 526 771 censeret,
553 735 618 764 aut
637 729 686 765 ob
706 730 809 766 nulla
837 744 1062 779 quemquam
1091 732 1226 767 merita
1250 731 1288 766 in
1315 729 1444 766 amici-

342 790 434 826 tiam
463 792 605 841 recipi?
641 799 706 828 aut
734 800 904 842 receptos
942 795 980 829 in
1017 794 1127 829 fidem
1160 806 1236 829 non
1271 792 1445 829 defendi?

342 859 505 897 tantum,
538 867 585 890 ue
622 855 1002 903 Karthaginiensium
1031 857 1124 893 socii
1162 863 1228 892 aut
1263 855 1444 892 sollicita-

343 923 475 953 rentur
505 918 550 954 ad
580 918 844 961 defectionem,
876 926 940 955 aut
973 932 1040 955 sua
1073 928 1207 970 sponte
1240 920 1447 955 desciscen-

342 987 398 1017 tes
427 982 693 1031 reciperentur.
748 982 886 1031 Legati
914 983 1081 1019 Romani
1111 983 1158 1019 ab
1188 983 1443 1031 Karthagine,

342 1045 438 1080 sicut
457 1046 514 1081 his
543 1044 678 1081 Romae
698 1046 923 1095 imperatum
952 1053 1045 1089 erat,
1072 1048 1110 1082 in
1131 1046 1372 1096 Hispaniam,
1402 1052 1446 1081 ut

341 1109 487 1145 adirent
510 1110 694 1152 civitates,
725 1115 767 1144 ut
791 1110 831 1145 in
860 1110 1080 1146 societatem
1109 1110 1348 1160 perlicerent,
1378 1115 1444 1144 aut

340 1179 551 1210 averterent
570 1186 591 1210 a
610 1173 754 1216 Poenis,
774 1172 1014 1223 trajecerunt.
1060 1174 1123 1209 Ad
1141 1173 1346 1221 Bargusios
1365 1172 1442 1221 pri-

339 1249 443 1272 mum
467 1243 672 1273 venerunt:
704 1251 727 1274 a
745 1237 879 1287 quibus
899 1238 1062 1286 benigne
1089 1237 1249 1286 excepti,
1270 1237 1358 1285 quia
1375 1241 1444 1271 tae-

339 1300 454 1337 debat
482 1301 629 1351 imperii
656 1302 804 1345 Punici,
825 1301 963 1338 multos
990 1307 1092 1337 trans
1115 1300 1264 1337 Iberum
1284 1299 1444 1350 populos

339 1363 387 1400 ad
406 1364 620 1414 cupidinem
638 1378 746 1402 novae
765 1364 927 1402 fortunae
944 1371 1154 1401 erexerunt.
1211 1364 1271 1400 Ad
1290 1363 1443 1399 Volcia-

339 1438 409 1462 nos
435 1427 522 1464 inde
551 1435 608 1464 est
635 1435 814 1464 ventum:
846 1441 1006 1477 quorum
1036 1427 1181 1463 celebre
1209 1439 1275 1476 per
1303 1425 1446 1475 Hispa·

340 1491 441 1526 niam
470 1504 692 1541 responsum
721 1498 865 1528 ceteros
895 1492 1054 1542 populos
1076 1491 1123 1527 ab
1153 1491 1333 1526 societate
1362 1489 1444 1525 Ro-

338 1566 450 1590 mana-
468 1555 625 1591 avertit:
656 1556 710 1591 ita
729 1556 829 1591 enim
848 1556 1032 1591 maximus
1053 1560 1145 1590 natu
1164 1566 1209 1589 ex
1229 1554 1273 1589 iis
1294 1554 1333 1588 in
1353 1565 1444 1588 con-

339 1617 427 1654 cilio
450 1618 665 1668 respondit:
701 1620 788 1659 Quae
811 1620 1021 1655 verecundia
1046 1624 1108 1661 est,
1132 1618 1300 1659 Romani,
1318 1621 1443 1664 postu-

342 1683 416 1718 lare
434 1694 505 1724 v08,
525 1684 582 1718 uti
604 1688 758 1718 vestram
776 1683 1133 1730 Karthaginiensium
1159 1682 1326 1717 amicitiae
1347 1691 1443 1728 prce-

339 1757 526 1793 ponamuS,
549 1758 670 1793 quum,
692 1749 751 1794 qui
770 1747 807 1782 z'd
816 1746 998 1794 fecerunt,
1020 1746 1237 1793 Saguntinos
1257 1744 1447 1784 crudelius,

345 1822 451 1857 qaam
470 1810 598 1845 Poenus
617 1810 726 1846 hostis
741 1812 915 1858 perdidit,
935 1822 994 1845 vos
1011 1811 1096 1844 socii
1110 1809 1341 1856 prodideritis
1355 1809 1374 1842 P
1403 1807 1450 1842 ibi

344 1875 511 1920 quoeratis
544 1876 668 1915 socios,
698 1886 829 1916 censeo,
860 1873 919 1909 ubi
948 1873 1150 1920 Saguntina
1181 1872 1298 1907 clades
1324 1872 1449 1917 ignota

344 1941 407 1972 est.
462 1937 634 1984 Hispanis
659 1939 814 1984 populis,
845 1939 934 1972 sicut
964 1936 1120 1983 lugubre,
1151 1937 1205 1971 ita
1232 1936 1366 1982 insigne
1384 1935 1448 1970 do-

346 2004 546 2035 cumentum
567 2000 721 2046 Sagunti
747 2003 857 2035 rainae
876 2004 992 2041 erunt,
1013 2011 1056 2033 ne
1075 2000 1151 2046 quis
1165 1999 1260 2046 fidel
1279 1997 1451 2037 Romana?

346 2067 410 2098 aut
437 2064 598 2098 societati
626 2064 791 2111 confidat.
848 2062 942 2097 Inde
962 2060 1151 2109 extemplo
1180 2059 1283 2096 abire
1311 2059 1447 2095 finibus

346 2125 616 2161 Volcianorum
639 2124 751 2174 jussi,
771 2126 817 2161 ab
838 2125 942 2161 nullo
963 2124 1095 2160 deinde
1125 2122 1286 2159 concilio
1306 2122 1447 2172 Hispa-

347 2190 418 2225 niae
450 2188 675 2237 benigniora
712 2189 825 2225 verba
862 2189 1003 2224 tulere:
1035 2188 1161 2236 itaque
1197 2186 1449 2235 nequidquam
1498 2186 1503 2189 ’

347 2259 545 2302 peragrata
563 2252 765 2302 Hispania,
788 2254 824 2288 in
846 2252 1009 2288 Galliam
1029 2258 1236 2288 transeunt.

399 2315 492 2353 XX.
523 2315 569 2351 In
595 2316 652 2351 his
683 2328 781 2351 nova
810 2315 1063 2362 terribilisque
1092 2314 1233 2365 species
1267 2312 1346 2348 visa
1378 2318 1447 2353 est,
