1527 2661
411 195 567 225 nima
593 194 664 223 Ιχ.
696 193 804 223 CAP.
829 194 936 222 xxi.
1177 194 1230 237 33

117 285 253 323 additae
278 285 414 328 tribus,
437 283 624 321 Ufentina
649 297 693 320 ac
719 283 906 320 Falerina.
947 281 1144 319 Inclinatis
1172 295 1230 319 se·
1243 288 1360 320 Tribus
1377 299 1434 320 no—

115 349 190 386 mel
219 350 257 385 in
277 349 417 399 Apulia
446 349 571 392 rebus,
601 348 740 385 Teates
761 361 912 397 quoque
938 346 1053 397 Apuli
1083 347 1129 383 ad
1159 359 1229 383 no-
1244 343 1303 363 νᾶ·

113 426 181 449 vos
215 412 403 456 consules,
436 413 478 450 C.
508 412 666 449 Junium
699 411 929 456 Bubulcum,
961 412 1009 451 Q.
1030 409 1228 448 AEmilium
1244 407 1285 437 U·
1297 406 1334 480 ἓ
1352 413 1426 441 43⁷·

115 477 337 521 Barbulam,
358 477 481 514 foedus
512 478 673 526 petitum
703 483 901 519 venerunt,
922 477 1024 526 pacis
1056 488 1123 525 per
1148 488 1230 512 om·
1244 451 1283 480 A'
1329 456 1427 481 ‚315.

114 555 201 578 nem
222 542 400 592 Apuliam
419 541 640 591 praestandae
662 541 803 591 populo
823 541 1003 577 Romano
1031 546 1204 576 auctores
1221 555 1229 576 ε

115 606 153 642 id
179 605 604 655 audacterspondendo
632 606 882 655 inpetravere,
915 611 956 641 ut
976 603 1100 641 foedus
1125 603 1232 640 dare-

115 674 199 704 tur:
232 681 353 717 neque
375 675 415 704 ut
438 682 545 717 aequo
566 675 692 704 tamen
712 668 869 711 foedere,
887 668 950 704 sed
969 673 1011 703 ut
1029 668 1068 703 in
1089 667 1235 703 ditione

113 732 245 782 populi
282 732 449 768 Romani
486 738 623 768 essent.
679 732 820 782 Apulia
857 732 1084 782 perdomita,
1127 732 1234 779 (nam

113 796 283 833 Forento
303 810 452 846 quoque
481 796 605 833 valido
635 797 776 847 oppido
802 796 939 832 Junius
968 795 1113 846 potitus
1133 796 1232 841 erat)

115 861 154 898 in
174 861 352 898 Lucanos
380 869 614 912 perrectum:
647 863 732 899 inde
752 862 952 912 repentino
979 861 1145 897 adventu
1163 860 1236 897 AE·

114 924 210 961 milii
244 925 409 962 consulis
439 925 628 962 Nerulum
658 927 694 962 vi
727 932 892 976 captum.
942 925 996 961 Et
1032 929 1236 975 postquam

113 1001 172 1024 res
204 989 344 1039 Capuae
374 989 561 1026 stabilitas
598 990 779 1026 Romana
807 989 1009 1040 disciplina
1035 988 1156 1036 fama!
1168 1000 1237 1038 per

114 1054 236 1090 socios
264 1054 430 1104 vulgavit
445 1071 454 1100 3
487 1055 709 1091 Antiatibus
730 1067 894 1103 quoque,
916 1053 981 1102 qui
1007 1065 1047 1089 se
1074 1053 1154 1088 sine
1179 1051 1235 1088 le-

114 1116 223 1166 gibus
249 1119 374 1161 certis,
403 1119 483 1155 sine
509 1118 795 1168 magistratibus
824 1130 936 1166 agere
963 1115 1233 1165 querebantur,

116 1181 193 1216 dati
213 1181 260 1217 ab
286 1188 421 1218 senatu
440 1182 485 1218 ad
509 1182 599 1232 jura
619 1182 821 1218 statuenda
840 1182 957 1230 ipsius
978 1179 1139 1216 coloniae
1166 1193 1234 1230 pa-

115 1245 242 1280 troni:
275 1257 343 1280 nec
364 1258 468 1281 arma
488 1246 615 1290 modo,
637 1246 702 1281 sed
717 1244 808 1295 jura
828 1245 943 1280 etiam
962 1242 1141 1280 Romana
1158 1243 1234 1280 late

113 1306 320 1357 pollebant.

164 1370 280 1407 XXI.
311 1371 354 1408 C.
383 1371 521 1407 Junius
550 1370 745 1407 Bubulcus
783 1375 821 1406 et
855 1370 904 1409 Q.
924 1368 1104 1406 AEmilius
1136 1369 1233 1408 Bar·
1247 1375 1289 1406 U.
1302 1376 1337 1407 C.
1356 1384 1431 1409 438.

111 1433 202 1470 bula
236 1434 408 1471 consules
447 1436 551 1471 exitu
596 1436 686 1471 anni
727 1448 807 1471 non
843 1433 1062 1471 consulibus
1100 1434 1148 1471 ab
1192 1420 1426 1472 seA‘C‘³¹⁴'

110 1499 259 1542 creatis,
281 1499 344 1549 Sp.
365 1498 512 1535 Nautio
533 1506 570 1535 et
588 1499 644 1536 M.
665 1499 846 1549 Popillio,
868 1506 1035 1535 ceterum
1051 1499 1229 1536 dictatori

110 1561 158 1598 L.
178 1561 338 1598 AEmilio
361 1562 531 1611 legiones
559 1563 807 1600 tradiderunt.
848 1563 901 1606 Is,
923 1576 1009 1599 cum
1026 1563 1073 1600 L.
1094 1563 1229 1601 Fulvio
1244 1565 1277 1594 L·
1292 1564 1399 1614 AEmi-

110 1627 295 1674 magistro
316 1627 485 1675 equitum
506 1627 714 1664 Saticulam
734 1628 956 1678 obpugnare
979 1627 1149 1671 adortus,
1170 1641 1227 1664 re-
1241 1607 1303 1684 ἔζεε
1319 1609 1415 1640 ‘hcm‘

111 1689 275 1726 bellandi
314 1702 486 1725 caussam
525 1690 758 1727 Samnitibus
789 1692 903 1727 dedit.
950 1690 1105 1741 Duplex
1141 1692 1229 1728 inde

109 1759 233 1789 terror
261 1754 400 1790 inlatus
431 1753 640 1791 Romanis:
673 1756 762 1791 hinc
798 1755 962 1798 Samnis,
992 1767 1133 1804 magno
1163 1769 1229 1792 ex-

110 1818 228 1853 ercitu
254 1823 388 1854 coacto
416 1818 459 1853 ad
489 1820 708 1856 eximendos
737 1819 936 1855 obsidione
967 1820 1106 1862 socios,
1128 1820 1229 1857 haud

107 1881 239 1931 procul
260 1883 390 1918 castris
418 1882 682 1919 Romanorum
710 1890 833 1920 castra
859 1884 1009 1933 posuit:
1042 1884 1131 1921 hinc
1159 1885 1226 1920 Sa-

106 1944 264 1981 ticulani
301 1958 441 1994 magno
479 1959 564 1982 cum
607 1947 786 1990 tumultu,
824 1947 1024 1997 patefactis
1069 1955 1226 1998 repente

105 2010 239 2058 portis,
259 2010 298 2045 in
319 2011 501 2046 stationes
527 2011 693 2047 hostium
721 2012 973 2048 incuh·e1·unt.
1014 2011 1108 2047 Inde
1136 2025 1221 2061 pars

107 2078 277 2122 utraque,
299 2086 364 2123 spe
384 2074 497 2111 alieni
517 2077 636 2124 magis
657 2076 802 2118 auxilii,
824 2089 937 2125 quam
963 2076 1104 2111 viribus
1124 2075 1224 2112 freta

109 2136 198 2179 suis,
213 2136 322 2186 justo
352 2150 442 2174 mox
470 2138 605 2188 proelio
626 2140 722 2175 inito
751 2139 949 2175 Romanos
980 2145 1138 2187 urgent:
1173 2146 1225 2183 et,

107 2211 333 2248 quamquam
363 2213 500 2251 anceps
531 2202 725 2239 dimicatio
756 2210 850 2246 erat,
875 2209 1003 2238 tamen
1034 2203 1223 2250 utrimque

110 2268 231 2299 tutam
262 2264 389 2301 aciem.
411 2266 576 2304 dictator
603 2266 761 2312 habuit3
795 2268 884 2316 quia
908 2274 944 2302 et
974 2266 1100 2302 locum
1126 2266 1226 2302 haud

108 2326 258 2365 facilem
279 2330 714 2367 adtcircumveniendum
735 2333 849 2382 cepit,
871 2338 909 2368 et
929 2331 1072 2368 diversa
1092 2332 1236 2369 statuit.

628 2395 658 2430 C
678 2396 700 2431 5
