1527 2661
165 287 254 316 ΗΟ.
275 293 347 318 534.

164 329 203 359 Δ.
221 329 256 360 C.
273 336 346 360 218.

168 1180 294 1208 Locum

168 1222 288 1251 insidiis

169 1264 334 1294 Hannibal

169 1307 308 1337 circum-

169 1356 299 1388 spectat.

175 2286 288 2323 Pugna
303 2286 341 2315 ad

173 2329 336 2359 Trebiam.

362 192 441 222 212
816 192 860 221 T.
884 193 1016 222 LIV11

361 292 430 328 ret,
452 287 514 322 vix
536 286 650 322 ullam
676 299 780 335 spem
809 285 989 328 habebat,
1020 291 1160 321 temere
1193 293 1304 334 atque
1334 288 1473 337 inpro*

360 350 443 385 vide
463 351 663 399 quidquam
685 350 856 386 consules
885 356 1034 385 acturos
1052 366 1058 385 z
1093 363 1207 398 quum
1235 349 1386 386 alterius
1407 352 1466 387 in-

361 414 527 461 genium,
549 414 650 449 sama
676 414 793 462 prius,
815 413 948 448 deinde
978 425 1017 448 re
1045 414 1254 461 cognitum,
1282 415 1468 464 percitum

361 490 403 512 ac
430 477 537 512 ferox
575 477 687 512 sciret
724 489 817 519 esse,
849 476 1084 525 ferociusque
1113 477 1255 513 factum
1288 490 1469 527 prospero

361 553 446 576 cum
475 540 747 589 praedatoribus
776 541 851 576 suis
883 540 1087 584 certamine
1118 541 1308 585 crederet3
1341 542 1470 577 adesse

361 605 533 652 gerenda:
550 606 603 641 rei
619 605 812 641 fortunam
825 605 927 640 haud
947 605 1160 641 diffidebat:
1183 604 1288 655 cujus
1309 618 1357 641 ne
1371 606 1472 654 quod

360 670 666 717 praetermitteret
695 675 858 718 tempus,
890 669 1072 705 sollicitus
1104 670 1346 718 intentusque
1376 675 1469 711 erat,

361 733 448 768 dum
464 734 541 769 tiro
560 734 728 769 hostium
752 741 848 769 esset
868 733 988 776 miles,
1010 734 1098 769 dum
1124 732 1318 769 meliorem
1338 745 1383 769 ex
1403 733 1473 769 du·

361 796 466 832 cibus
494 797 666 833 inutilem
691 796 826 833 vulnus
846 796 1001 839 faceret,
1024 797 1111 832 dum
1133 795 1330 832 Gallorum
1355 796 1473 832 animi

360 861 554 908 vigerent:
588 873 746 908 quorum
784 861 978 908 ingentem
1011 859 1291 895 multitudinem
1328 858 1472 895 sciebat

362 925 513 973 segnius
542 930 768 967 secuturam,
790 931 933 973 quanto
961 924 1111 971 longius
1139 924 1185 959 ab
1207 923 1320 958 domo
1341 923 1470 958 trahe-

361 994 503 1024 rentur.
543 989 671 1028 Quum
688 989 736 1025 ob
751 990 833 1024 haec
848 988 1014 1036 taliaque
1030 994 1195 1036 speraret
1216 987 1471 1036 propinquum

363 1058 567 1095 certamen,
590 1060 627 1088 et
642 1054 780 1095 facere,
797 1054 827 1088 si
848 1058 1070 1094 cessaretur,
1092 1058 1267 1101 cuperet3
1301 1050 1472 1101 specula-

363 1122 539 1165 toresque
556 1116 656 1152 Galli
673 1117 719 1152 ad
735 1129 778 1152 ea
793 1115 1036 1165 exploranda,
1053 1128 1134 1164 quae
1152 1114 1276 1157 vellet,
1294 1115 1472 1157 tutiores,

365 1177 453 1226 quia
479 1178 518 1213 in
545 1179 711 1227 utrisque
739 1180 869 1214 castris
896 1177 1126 1220 militabant,
1153 1182 1305 1226 paratos
1335 1189 1473 1226 pugnae

367 1253 446 1277 esse
479 1241 676 1278 Romanos
709 1242 949 1287 retulissent3
981 1241 1108 1277 locum
1135 1240 1280 1276 insidiis
1314 1240 1476 1276 circum-

363 1312 533 1359 spectare
552 1307 693 1343 Poenus
715 1308 843 1358 coepit.

389 1360 520 1409 ‘L1V.
558 1372 653 1409 Erat
688 1372 728 1409 in
764 1371 889 1409 medio
925 1370 1040 1415 rivus,
1078 1370 1242 1421 praeaitis
1285 1370 1481 1419 utrimque

362 1436 510 1472 clausus
537 1437 643 1486 ripiS,
665 1443 702 1472 et
729 1438 829 1472 circa
848 1436 992 1472 obsitus
1020 1436 1249 1486 palustribus
1275 1435 1401 1472 herbis
1422 1441 1479 1478 et,

361 1500 496 1549 quibus
523 1500 666 1537 inculta
685 1501 803 1537 ferme
827 1502 1052 1543 vestiuntur,
1080 1499 1251 1548 virgultis
1279 1499 1474 1550 vepribus·

361 1577 457 1613 que:
490 1578 601 1613 quem
636 1566 700 1601 ubi
731 1566 778 1602 ad
808 1566 952 1614 equites
986 1577 1136 1614 quoque
1166 1565 1349 1613 tegendos
1380 1565 1477 1600 satis*

360 1628 593 1664 latebrosum
624 1629 750 1665 locum
782 1631 1053 1666 circumvectus
1087 1631 1166 1678 ipse
1193 1628 1312 1664 oculis
1346 1628 1475 1677 perlu-

362 1693 518 1737 stravit;
552 1694 624 1729 Hic
642 1695 711 1729 erit
740 1694 848 1735 Iocus,
880 1693 1041 1741 Magoni
1067 1692 1173 1727 fratri
1201 1692 1267 1733 ait,
1295 1704 1397 1739 quem
1424 1696 1474 1727 te-

360 1769 456 1793 neas.
514 1758 648 1805 Delige
681 1763 843 1794 centenos
878 1759 972 1792 viros
1008 1769 1050 1792 ex
1086 1758 1182 1791 omni
1215 1757 1334 1803 pedite
1371 1760 1477 1803 atque

362 1824 479 1869 equite
491 1839 502 1865 ,-
533 1835 611 1857 cum
632 1823 755 1870 quibus
774 1824 821 1858 acl
840 1834 895 1857 me
912 1823 1037 1868 vigilia
1054 1822 1172 1868 prima
1190 1822 1320 1855 venias.
1370 1820 1477 1855 Nunc

364 1898 514 1933 corpora
533 1899 658 1922 curare
685 1892 822 1934 tempus
848 1891 908 1922 est,
968 1885 1029 1920 Ita
1048 1885 1266 1934 praetorium
1292 1884 1470 1919 missum:

362 1961 453 1984 mox
473 1962 557 1984 cum
574 1949 726 1984 delectis
742 1949 862 1996 BIago
883 1949 1024 1984 aderat.
1067 1948 1210 1983 Robora
1226 1949 1378 1982 virorum
1400 1959 1474 1982 cer-
1518 1985 1523 1993 Ι

362 2024 422 2054 no,
444 2012 565 2060 inquit
592 2011 812 2048 Hannibal:
845 2013 917 2052 sed,
948 2017 989 2046 ut
1016 2016 1050 2046 et
1079 2022 1224 2045 numero
1253 2012 1375 2051 etiam,
1408 2022 1477 2045 non

363 2079 493 2113 animis
517 2079 632 2119 modo,
653 2079 814 2119 valeatis,
834 2077 982 2123 singulis
1007 2076 1101 2111 vobis
1119 2086 1266 2109 novenos
1291 2085 1333 2108 ex
1353 2075 1478 2108 turmis

362 2142 624 2188 manipulisque
649 2144 754 2177 vestra·
779 2142 911 2176 similes
929 2141 1073 2186 eligite:
1103 2138 1215 2185 IlIago
1237 2139 1351 2173 locum
1376 2149 1474 2172 mon-

365 2205 505 2247 strabit,
528 2217 629 2252 quem
661 2206 853 2240 insidentis,
912 2205 1060 2239 Hostem
1087 2215 1213 2239 caecum
1241 2203 1291 2236 ad·
1313 2201 1377 2236 has
1394 2201 1476 2236 belli

368 2274 461 2305 artes
490 2269 667 2304 habebitis.
726 2268 786 2304 Ita
809 2268 910 2303 mille
941 2267 1128 2316 equitibus
1161 2265 1338 2313 Blagoni‚
1372 2263 1474 2299 mille

369 2331 557 2383 peditibus
588 2331 763 2374 dimissis,
799 2330 996 2369 Hannibal
1025 2331 1145 2381 prima
1174 2329 1257 2367 luce
1289 2327 1480 2365 Numidas
