1527 2661
28 296 213 327 U...c444

29 340 212 370 A...C308

11 812 72 843 Res
90 812 122 843 in

12 857 135 886 Etruria

11 899 92 930 bene
108 906 214 940 gestae.
226 910 249 931 a

223 191 278 232 60
684 205 728 234 T.
754 205 886 235 L1v11

225 298 287 341 tis,
309 296 464 348 pertulit
483 296 629 347 legem:
663 306 713 342 et,
730 299 923 349 profectus
940 311 1023 335 cum
1045 297 1274 348 legionibus,
1295 297 1343 335 ad

224 368 408 399 terrorem
434 363 598 399 traducti
629 362 761 399 silvam
782 363 986 400 Ciminiam
1006 364 1193 400 exercitus
1219 376 1341 413 nuper

225 429 389 479 scriptis,
412 429 458 464 ad
476 427 695 477 Longulam
710 430 904 479 pervenit:
938 430 1177 479 acceptisque
1192 443 1215 466 a
1232 428 1340 465 Mar-

225 493 285 530 cio
323 492 478 530 consule
514 493 702 530 veteribus
740 493 939 537 militibus,
978 494 1017 530 in
1054 493 1173 530 aciem
1211 494 1339 543 copias

225 558 377 595 eduxit:
418 570 489 593 nec
524 558 654 593 hostes
692 558 903 595 detractare
939 558 1010 594 visi
1051 569 1242 608 pugnam:
1282 558 1341 593 in-

226 628 390 658 structos
411 622 545 658 deinde
575 628 816 672 armatosque
839 623 973 672 (quum
993 622 1040 659 ab
1070 621 1214 658 neutlis
1240 634 1342 671 ploe-

224 686 317 722 lium
346 686 548 736 inciperet)
581 699 660 723 nox
692 687 892 737 obpressit.
935 686 1067 726 Quieti
1096 685 1342 735 aliquamdiu,

225 764 295 789 nec
322 752 398 788 suis
419 751 630 788 diffidentes
657 752 814 796 viribus,
835 765 905 788 nec
929 753 1080 788 hostem
1106 757 1341 801 spernentes,

226 817 363 853 stativa
379 817 417 852 in
437 816 652 867 propinquo
671 816 851 853 habuere.
884 817 1037 853 Interea
1057 830 1114 852 res
1135 817 1174 852 in
1189 816 1345 851 Etruria

227 887 342 918 ‹restae
358 895 365 916 :
397 894 486 918 nam
506 888 544 917 et
559 894 645 917 cum
663 881 895 918 Umbrorum
916 882 1084 918 exercitu
1103 881 1183 917 acie
1199 880 1342 930 depug-

227 953 360 983 natum
388 952 468 991 est3
504 946 596 994 (fusi
622 953 750 983 tamen
779 947 915 995 magis,
937 959 1051 996 quam
1077 945 1177 988 caesi,
1197 945 1342 988 hostes,

226 1011 316 1060 quia
335 1016 501 1060 coeptam
527 1011 664 1047 acriter
682 1023 760 1047 non
790 1010 1003 1047 tolerarunt
1028 1010 1211 1060 pugnam)
1234 1015 1272 1045 et
1297 1009 1345 1045 ad

226 1074 450 1111 Vadimonis
481 1074 605 1111 lacum
630 1075 797 1118 Etrusci,
819 1075 901 1124 lege
935 1081 1081 1111 sacrata
1111 1081 1249 1110 coacto
1280 1087 1345 1111 ex-

228 1139 361 1183 ercitu,
388 1152 503 1189 quum
529 1140 586 1176 vir
617 1140 738 1176 virum
767 1140 935 1188 legisset,
960 1140 1110 1188 quantis
1139 1152 1347 1188 numquam

228 1203 320 1239 alias
348 1210 461 1239 antea
491 1204 602 1239 simul
630 1204 763 1253 copiis,
786 1203 897 1239 simul
922 1203 1072 1245 animis,
1094 1203 1344 1239 dimicarunt:

227 1274 413 1316 tantoque
433 1268 574 1303 irarum
595 1268 800 1304 certamine
821 1276 929 1316 gesta
954 1280 1010 1303 res
1034 1273 1104 1310 est,
1126 1275 1167 1303 ut
1187 1266 1234 1303 ab
1254 1280 1347 1304 neu-

230 1338 290 1366 tra
309 1337 416 1381 parte
443 1332 580 1367 emissa
603 1332 679 1369 sint
698 1329 796 1367 tela:
830 1331 963 1380 gladiis
995 1344 1122 1381 pugna
1142 1332 1273 1381 coepit,
1295 1338 1346 1374 et,

232 1395 410 1431 acerrime
427 1396 641 1439 commissa,
658 1396 742 1446 ipso
762 1397 981 1439 certamine,
997 1396 1097 1445 quod
1117 1395 1347 1445 aliquamdiu

232 1472 369 1510 anceps
395 1459 481 1503 fuit,
512 1473 670 1496 accensa
698 1467 776 1496 est:
809 1467 850 1496 ut
877 1473 956 1496 non
982 1473 1067 1496 cum
1092 1460 1263 1496 Etruscis
1287 1467 1348 1496 to-

231 1525 302 1560 ties
330 1524 453 1568 victis,
475 1524 539 1561 sed
560 1538 645 1561 cum
665 1525 790 1574 aliqua
815 1538 913 1561 nova
935 1532 1062 1574 gente,
1083 1525 1272 1561 videretur
1291 1525 1348 1561 di-

232 1588 387 1625 micatio
415 1601 506 1625 esse.
550 1589 660 1625 Nihil
692 1589 739 1626 ab
770 1590 847 1625 ulla
878 1596 984 1640 parte
1017 1597 1190 1626 movetur
1221 1590 1345 1639 fugae:

234 1653 371 1688 cadunt
392 1653 656 1702 antesignani:
691 1660 741 1695 et,
764 1666 811 1689 ne
836 1654 1026 1689 nudentur
1051 1655 1346 1704 propugnatori-

233 1717 300 1753 bus
329 1718 450 1765 signa,
478 1717 520 1753 fit
550 1730 596 1753 ex
628 1718 791 1753 secunda
817 1719 938 1768 prima
964 1719 1074 1755 acies.
1115 1718 1176 1754 Ab
1208 1718 1349 1754 ultimis

232 1783 366 1819 deinde
387 1783 562 1820 subsidiis
589 1784 709 1819 cietur
734 1783 866 1828 miles3
899 1783 1068 1832 adeoque
1097 1782 1144 1818 ad
1174 1783 1349 1820 ultimum

233 1848 373 1883 laboris
401 1860 444 1884 ac
471 1848 627 1897 periculi
654 1857 808 1884 ventum
836 1855 906 1891 est,
928 1854 969 1883 ut
996 1848 1140 1896 equites
1166 1847 1348 1891 Romani,

237 1912 383 1947 omissis
405 1913 524 1961 equiS‚
546 1912 592 1948 ad
616 1914 757 1962 primos
779 1912 929 1948 ordines
949 1912 1119 1962 peditum
1144 1924 1211 1962 per
1229 1925 1347 1956 arma,

238 1989 301 2025 per
321 1989 481 2026 corpora
498 1978 683 2014 evaserint
699 1992 706 2013 :
740 1990 783 2014 ea
798 1977 899 2013 velut
915 1990 1016 2013 nova
1034 1977 1133 2012 inter
1146 1976 1266 2012 fessos
1283 1990 1348 2013 ex-

237 2047 321 2075 orta
340 2041 437 2076 acies
457 2041 624 2077 turbavit
645 2042 754 2090 signa
769 2041 1031 2078 Etruscorum.
1062 2041 1201 2077 Secuta
1215 2040 1350 2077 deinde

238 2106 408 2154 inpetum
429 2117 574 2149 eorum,
596 2113 799 2155 utcumque
827 2106 975 2143 adfecta
995 2112 1089 2149 erat,
1110 2112 1235 2141 cetera
1253 2105 1350 2141 mul—

236 2169 361 2204 titudo
397 2169 550 2205 tandem
587 2172 796 2221 perrumpit
831 2171 982 2207 ordines
1018 2171 1199 2207 hostium.
1241 2169 1351 2206 Tunc

238 2233 334 2267 vinci
362 2233 570 2282 pertinacia
597 2242 737 2284 coepta,
762 2240 797 2270 et
825 2235 943 2270 averti
969 2232 1152 2283 manipuli
1172 2233 1347 2282 quidam:

239 2302 290 2339 ct,
312 2302 350 2331 nt
372 2296 486 2332 semel
506 2297 640 2334 dedere
660 2305 782 2347 terga„
804 2300 917 2336 etiam
939 2299 1138 2336 certiorem
1158 2309 1350 2349 capessere
