1527 2661
15 1199 22 1254 ἰ

352 205 506 234 LIBER
531 203 674 231 xxvl.
708 202 814 230 CAP.
838 202 1017 230 XXXIV.
1160 199 1244 244 547

128 293 231 341 idque
249 298 283 329 et
302 294 402 341 apud
420 291 570 338 majores
588 296 725 327 nostros
743 293 780 326 in
800 291 1002 327 Satricanis
1009 289 1160 339 factum
1178 296 1242 335 est,

127 370 236 405 quum
254 357 475 407 defecissent,
498 362 538 393 ut
557 358 611 394 M.
627 358 806 393 Antistius
826 357 985 391 tribunus
1006 357 1121 404 plebis
1142 358 1246 404 prius

124 423 344 468 rogationem
352 421 488 470 ferret,
508 422 682 469 sciretque
697 421 808 469 pleb8‚
829 421 882 455 uti
899 421 1040 456 senatui
1059 421 1103 455 de
1123 421 1243 456 Satri·

124 487 224 522 canis
240 488 423 522 sententia>
448 487 608 522 clicendoe
623 484 687 531 jus
707 489 804 520 esset.
863 484 992 533 Itaque
1011 496 1141 527 censeO,
1163 497 1242 520 cum

124 549 275 586 tribunis
298 550 414 598 plebis
441 551 620 597 agendum
646 561 730 591 esse,
751 553 793 584 ut
820 560 941 583 eorum
966 560 1056 584 unus
1078 549 1244 596 pluresve

122 616 345 662 rogationem
363 614 497 663 serant
523 615 572 650 ad
596 614 749 662 plebem,
771 625 842 661 qua
870 613 968 648 nobis
994 614 1176 649 statuendi
1201 614 1244 649 de

126 680 320 728 Campanis
329 679 393 726 jus
398 681 487 730 fiat.
534 679 580 716 L.
597 678 738 715 Atilius
758 677 932 714 tribunus
953 677 1073 728 plebis
1091 691 1134 714 ex
1153 686 1241 715 aue—

122 745 279 792 toritate
305 752 457 782 senatus
485 745 634 795 plebem
655 745 693 780 in
713 744 793 780 haec
813 742 928 779 verba
946 742 1095 791 rogavit
1113 758 1120 777 z
1156 744 1242 778 Om-

121 820 184 845 nes
204 808 393 858 Campani,
413 810 592 852 Atellani,
615 809 787 850 Calatini,
809 807 988 848 Sabatini,
1009 808 1070 854 qui
1086 818 1122 842 se
1141 807 1242 842 cledi-

121 873 249 909 derunt
266 873 303 909 in
322 873 510 909 arbitrium
530 874 769 919 ditionemque
791 871 922 918 populi
941 869 1098 905 Romani
1117 870 1242 906 Fulvio

116 939 336 985 proconsuli,
364 949 510 986 quaeque
532 949 606 973 una
629 948 747 971 secum
773 935 998 976 dediderunt,
1026 947 1155 981 agrum
1180 947 1242 970 ur-

121 1001 278 1050 bemque,
312 1003 447 1044 divina,
486 1001 727 1049 humanaque,
766 999 1014 1046 utfflsiliaque,
1047 1000 1120 1034 sive
1156 1000 1244 1047 quid

122 1066 227 1101 aliud
256 1067 497 1110 dediderunt‚·
527 1067 571 1101 de
600 1066 643 1101 iis
671 1064 773 1100 rebus
801 1064 888 1111 quid
905 1063 994 1112 fieri
1021 1063 1152 1106 velitis,
1182 1075 1243 1099 vos

120 1141 222 1177 rogo,
246 1130 414 1171 Quirites.
461 1129 596 1166 Plebes
616 1129 670 1164 sic
682 1127 812 1178 jussit.
858 1128 964 1169 Quod
981 1132 1124 1163 senatus
1131 1126 1240 1174 jura-

122 1198 191 1236 tus,
212 1196 372 1230 maxima
396 1207 496 1243 pars,
528 1198 681 1236 censeat,
712 1194 774 1241 qui
802 1194 983 1236 adsidetis,
1014 1193 1053 1228 id
1079 1193 1242 1228 volumus

109 1255 355 1306 jubemusque.

1257 297 1300 327 U.
1313 298 1348 328 C.
1365 305 1437 329 549,

1257 341 1347 372 A.C.
1363 348 1437 372 210,

173 1321 370 1359 XXXIV.
400 1321 461 1357 Ex
490 1321 564 1357 hoc
594 1320 818 1372 plebeiscito
847 1327 999 1357 senatus
1026 1320 1237 1362 consultus,
1252 1327 1403 1358 Senatus-

121 1388 247 1436 Oppias
267 1388 471 1437 Cluviaeque
484 1389 644 1436 primum
663 1388 754 1424 bona
772 1401 816 1424 ac
835 1389 1035 1424 libertatem
1054 1389 1211 1424 restituit
1233 1404 1238 1410 ·

1251 1370 1439 1401 consultum

1226 1417 1233 1423 ”
1250 1415 1289 1444 de
1303 1413 1441 1454 Campa-

116 1453 147 1487 si
166 1465 238 1500 qua
256 1454 332 1489 alia
347 1454 500 1501 praemia
524 1458 648 1501 petere
670 1454 714 1489 ab
731 1459 855 1489 senatu
875 1454 1020 1495 vellent,
1040 1453 1160 1488 venire
1178 1465 1238 1488 eas
1250 1460 1309 1490 nis.

118 1515 287 1553 Romam.
332 1516 536 1565 Campanis
557 1516 596 1551 in
615 1515 777 1552 familias
799 1516 965 1564 singulas
987 1516 1137 1552 decreta
1154 1515 1235 1552 fac-

116 1584 171 1622 ta,
195 1592 278 1628 quae
306 1592 385 1616 non
414 1592 538 1629 operae
567 1581 731 1629 pretium
761 1587 817 1616 est
846 1581 976 1616 omnia
1001 1592 1234 1616 enumerare.

117 1644 284 1680 Aliorum
312 1644 402 1680 bona
426 1644 677 1692 publicanda:
706 1646 798 1692 ipsos
827 1645 1021 1692 liberosque
1049 1656 1169 1680 eorum
1200 1649 1236 1680 et

118 1705 281 1754 conjuges
304 1708 519 1750 vendendas,
540 1713 641 1743 extra
653 1708 769 1756 filias,
794 1721 870 1757 quoe
887 1710 1103 1756 enupsissent
1118 1709 1233 1756 prius,

117 1782 222 1818 quam
243 1772 279 1806 in
295 1771 425 1818 populi
443 1769 601 1806 Romani
624 1776 839 1818 potestatem
858 1774 1029 1808 venirent.
1076 1772 1180 1807 Alios
1198 1773 1235 1807 in

116 1836 258 1870 vincula
289 1836 498 1877 condendos,
532 1848 576 1871 ac
608 1836 651 1871 de
682 1836 735 1871 his
762 1838 940 1884 posterius
968 1837 1234 1873 consulendum.

116 1898 291 1935 Aliorum
322 1899 602 1949 Campanorum
634 1913 817 1936 summam
848 1901 962 1937 etiam
992 1912 1125 1936 census
1156 1900 1232 1936 dis-

116 1962 327 2004 tinxerunt,
344 1962 572 2012 publicanda
587 1976 706 1999 necne
726 1963 828 2000 bona
847 1970 991 2009 essent5
1012 1976 1126 2012 pecua
1145 1977 1232 2012 cap-

117 2028 205 2069 tiva,
223 2032 356 2074 praeter
374 2039 493 2075 equos,
513 2032 548 2063 et
569 2028 762 2076 mancipia,
790 2033 922 2076 praeter
946 2028 1094 2076 puberes
1118 2030 1234 2064 virilis

113 2102 226 2132 sexus,
248 2095 283 2125 et
302 2092 434 2133 omnia,
456 2103 532 2138 quae
552 2092 626 2126 solo
650 2104 721 2127 non
748 2093 1023 2134 continerentur,
1044 2094 1231 2128 restituen-

114 2155 176 2196 da,
198 2161 438 2198 censuerunt,
461 2157 623 2191 dominis.
657 2156 857 2204 Campanos
875 2169 1006 2199 omnes,
1027 2158 1230 2199 Atellanos,

117 2217 315 2260 Calatinos,
337 2218 541 2261 Sabatinos,
562 2224 663 2255 extra
689 2232 810 2267 quam,
835 2222 894 2268 qui
919 2232 1053 2262 eorum,
1075 2225 1138 2256 aut
1165 2222 1233 2268 ipsi

114 2286 180 2318 aut
208 2287 376 2329 parentes
400 2295 534 2326 eorum,
565 2285 664 2332 apud
695 2284 809 2320 hostes
838 2290 962 2328 essent,
995 2285 1121 2320 liberos
1148 2297 1231 2327 esse,

108 2343 319 2395 jusserunt,
342 2348 395 2382 ita
413 2352 455 2383 ut
473 2359 573 2383 nemo
595 2360 716 2384 eorum
742 2350 826 2385 civis
851 2349 1051 2393 Romanus,
1073 2354 1138 2386 aut
1158 2350 1231 2386 La¹²
