<?xml version="1.0" encoding="UTF-8"?>
<!DOCTYPE html PUBLIC "-//W3C//DTD XHTML 1.0 Transitional//EN"
    "http://www.w3.org/TR/xhtml1/DTD/xhtml1-transitional.dtd">
<html xmlns="http://www.w3.org/1999/xhtml" xml:lang="en" lang="en">
 <head>
  <title>
</title>
<meta http-equiv="Content-Type" content="text/html;charset=utf-8" />
  <meta name='ocr-system' content='tesseract 3.04.00' />
  <meta name='ocr-capabilities' content='ocr_page ocr_carea ocr_par ocr_line ocrx_word'/>
</head>
<body>
  <div class='ocr_page' id='page_1' title='image "./historiarumquaes02livyuoft/historiarumquaes02livyuoft_0545.png"; bbox 0 0 1527 2661; ppageno 0'>
   <div class='ocr_carea' id='block_1_1' title="bbox 329 214 1199 259">
    <p class='ocr_par' dir='ltr' id='par_1_1' title="bbox 329 214 1199 259">
     <span class='ocr_line' id='line_1_1' title="bbox 329 214 1199 259; baseline -0.005 -12"><span class='ocrx_word' id='word_1_1' title='bbox 329 218 481 247; x_wconf 77' lang='lat' dir='ltr'><strong>LIBER</strong></span> <span class='ocrx_word' id='word_1_2' title='bbox 507 216 650 245; x_wconf 77' lang='lat' dir='ltr'>XXVI.</span> <span class='ocrx_word' id='word_1_3' title='bbox 683 215 789 245; x_wconf 80' lang='lat' dir='ltr'><strong>CAP.</strong></span> <span class='ocrx_word' id='word_1_4' title='bbox 813 216 956 244; x_wconf 76' lang='lat' dir='ltr'><strong>xxlv.</strong></span> <span class='ocrx_word' id='word_1_5' title='bbox 1117 214 1199 259; x_wconf 76' lang='grc'>533</span> 
     </span>
    </p>
   </div>
   <div class='ocr_carea' id='block_1_2' title="bbox 79 303 1417 2463">
    <p class='ocr_par' dir='ltr' id='par_1_2' title="bbox 79 303 1395 1769">
     <span class='ocr_line' id='line_1_2' title="bbox 81 303 1395 356; baseline -0.004 -12"><span class='ocrx_word' id='word_1_6' title='bbox 81 314 194 350; x_wconf 76' lang='lat' dir='ltr'>esset,</span> <span class='ocrx_word' id='word_1_7' title='bbox 225 306 410 356; x_wconf 88' lang='lat' dir='ltr'>collegam</span> <span class='ocrx_word' id='word_1_8' title='bbox 447 305 645 342; x_wconf 83' lang='lat' dir='ltr'>absentem</span> <span class='ocrx_word' id='word_1_9' title='bbox 674 304 829 341; x_wconf 87' lang='lat' dir='ltr'>daturus</span> <span class='ocrx_word' id='word_1_10' title='bbox 858 304 974 340; x_wconf 83' lang='lat' dir='ltr'>fuisse</span> <span class='ocrx_word' id='word_1_11' title='bbox 1003 303 1200 341; x_wconf 87' lang='lat' dir='ltr'>videbatur</span> <span class='ocrx_word' id='word_1_12' title='bbox 1214 308 1304 339; x_wconf 83' lang='lat' dir='ltr'><strong>U.C.</strong></span> <span class='ocrx_word' id='word_1_13' title='bbox 1323 316 1395 339; x_wconf 72' lang='lat'>541.</span> 
     </span>
     <span class='ocr_line' id='line_1_3' title="bbox 79 352 1394 422; baseline -0.002 -14"><span class='ocrx_word' id='word_1_14' title='bbox 79 371 255 422; x_wconf 86' lang='lat' dir='ltr'>populus,</span> <span class='ocrx_word' id='word_1_15' title='bbox 269 378 460 408; x_wconf 90' lang='lat' dir='ltr'>mortuum</span> <span class='ocrx_word' id='word_1_16' title='bbox 480 371 520 407; x_wconf 89' lang='lat' dir='ltr'>in</span> <span class='ocrx_word' id='word_1_17' title='bbox 540 369 670 406; x_wconf 83' lang='lat' dir='ltr'>Sicilia</span> <span class='ocrx_word' id='word_1_18' title='bbox 689 382 782 406; x_wconf 83' lang='lat' dir='ltr'>esse.</span> <span class='ocrx_word' id='word_1_19' title='bbox 840 368 939 405; x_wconf 85' lang='lat' dir='ltr'>Ludi</span> <span class='ocrx_word' id='word_1_20' title='bbox 957 369 1198 419; x_wconf 82' lang='lat' dir='ltr'>Apollinares</span> <span class='ocrx_word' id='word_1_21' title='bbox 1212 353 1248 382; x_wconf 69' lang='lat' dir='ltr'>A·</span> <span class='ocrx_word' id='word_1_22' title='bbox 1267 352 1304 382; x_wconf 76' lang='lat' dir='ltr'>C·</span> <span class='ocrx_word' id='word_1_23' title='bbox 1322 359 1394 383; x_wconf 68' lang='lat'>‘²¹¹‘</span> 
     </span>
     <span class='ocr_line' id='line_1_4' title="bbox 79 433 1201 485; baseline -0.003 -13"><span class='ocrx_word' id='word_1_24' title='bbox 79 442 119 473; x_wconf 88' lang='lat' dir='ltr'>et</span> <span class='ocrx_word' id='word_1_25' title='bbox 136 436 261 485; x_wconf 87' lang='lat' dir='ltr'>priore</span> <span class='ocrx_word' id='word_1_26' title='bbox 287 448 388 471; x_wconf 89' lang='lat' dir='ltr'>anno</span> <span class='ocrx_word' id='word_1_27' title='bbox 407 435 573 477; x_wconf 84' lang='lat' dir='ltr'>fuerant,</span> <span class='ocrx_word' id='word_1_28' title='bbox 595 441 646 478; x_wconf 86' lang='lat' dir='ltr'>et,</span> <span class='ocrx_word' id='word_1_29' title='bbox 668 447 714 470; x_wconf 90' lang='lat' dir='ltr'>eo</span> <span class='ocrx_word' id='word_1_30' title='bbox 742 446 845 470; x_wconf 90' lang='lat' dir='ltr'>anno</span> <span class='ocrx_word' id='word_1_31' title='bbox 873 440 915 470; x_wconf 86' lang='lat' dir='ltr'>ut</span> <span class='ocrx_word' id='word_1_32' title='bbox 935 433 1082 476; x_wconf 82' lang='lat' dir='ltr'>fierent,</span> <span class='ocrx_word' id='word_1_33' title='bbox 1103 433 1201 469; x_wconf 87' lang='lat' dir='ltr'>refe—</span> 
     </span>
     <span class='ocr_line' id='line_1_5' title="bbox 79 498 1201 550; baseline -0.003 -14"><span class='ocrx_word' id='word_1_34' title='bbox 79 506 186 537; x_wconf 85' lang='lat' dir='ltr'>rente</span> <span class='ocrx_word' id='word_1_35' title='bbox 206 499 414 549; x_wconf 90' lang='lat' dir='ltr'>Calpurnio</span> <span class='ocrx_word' id='word_1_36' title='bbox 433 506 610 550; x_wconf 80' lang='lat' dir='ltr'>praetore,</span> <span class='ocrx_word' id='word_1_37' title='bbox 629 506 782 535; x_wconf 84' lang='lat' dir='ltr'>senatus</span> <span class='ocrx_word' id='word_1_38' title='bbox 800 498 979 541; x_wconf 83' lang='lat' dir='ltr'>decrevit,</span> <span class='ocrx_word' id='word_1_39' title='bbox 997 505 1039 534; x_wconf 88' lang='lat' dir='ltr'>ut</span> <span class='ocrx_word' id='word_1_40' title='bbox 1058 498 1097 534; x_wconf 89' lang='lat' dir='ltr'>in</span> <span class='ocrx_word' id='word_1_41' title='bbox 1116 510 1201 548; x_wconf 90' lang='lat' dir='ltr'>per-</span> 
     </span>
     <span class='ocr_line' id='line_1_6' title="bbox 81 563 1203 615; baseline -0.002 -15"><span class='ocrx_word' id='word_1_42' title='bbox 81 570 236 615; x_wconf 84' lang='lat' dir='ltr'>petuum</span> <span class='ocrx_word' id='word_1_43' title='bbox 256 571 494 601; x_wconf 84' lang='lat' dir='ltr'>voverentur.</span> <span class='ocrx_word' id='word_1_44' title='bbox 552 563 701 600; x_wconf 83' lang='lat' dir='ltr'>Eodem</span> <span class='ocrx_word' id='word_1_45' title='bbox 730 576 831 599; x_wconf 87' lang='lat' dir='ltr'>anno</span> <span class='ocrx_word' id='word_1_46' title='bbox 858 563 1031 613; x_wconf 84' lang='lat' dir='ltr'>prodigia</span> <span class='ocrx_word' id='word_1_47' title='bbox 1057 563 1203 612; x_wconf 88' lang='lat' dir='ltr'>aliquot</span> 
     </span>
     <span class='ocr_line' id='line_1_7' title="bbox 83 627 1201 677; baseline -0.003 -12"><span class='ocrx_word' id='word_1_48' title='bbox 83 628 162 665; x_wconf 90' lang='lat' dir='ltr'>visa</span> <span class='ocrx_word' id='word_1_49' title='bbox 179 628 434 677; x_wconf 83' lang='lat' dir='ltr'>nunciataque</span> <span class='ocrx_word' id='word_1_50' title='bbox 455 635 555 663; x_wconf 91' lang='lat' dir='ltr'>sunt.</span> <span class='ocrx_word' id='word_1_51' title='bbox 612 627 659 664; x_wconf 88' lang='lat' dir='ltr'>In</span> <span class='ocrx_word' id='word_1_52' title='bbox 681 628 758 664; x_wconf 87' lang='lat' dir='ltr'>aede</span> <span class='ocrx_word' id='word_1_53' title='bbox 775 628 999 664; x_wconf 84' lang='lat' dir='ltr'>Concordiae</span> <span class='ocrx_word' id='word_1_54' title='bbox 1018 627 1201 668; x_wconf 86' lang='lat' dir='ltr'>Victoria,</span> 
     </span>
     <span class='ocr_line' id='line_1_8' title="bbox 81 690 1204 742; baseline -0.001 -14"><span class='ocrx_word' id='word_1_55' title='bbox 81 705 164 742; x_wconf 85' lang='lat' dir='ltr'>quae</span> <span class='ocrx_word' id='word_1_56' title='bbox 194 693 234 729; x_wconf 90' lang='lat' dir='ltr'>in</span> <span class='ocrx_word' id='word_1_57' title='bbox 271 692 433 729; x_wconf 89' lang='lat' dir='ltr'>culmine</span> <span class='ocrx_word' id='word_1_58' title='bbox 463 698 556 735; x_wconf 80' lang='lat' dir='ltr'>erat,</span> <span class='ocrx_word' id='word_1_59' title='bbox 587 692 747 728; x_wconf 85' lang='lat' dir='ltr'>fulmine</span> <span class='ocrx_word' id='word_1_60' title='bbox 777 693 853 728; x_wconf 90' lang='lat' dir='ltr'>icta</span> <span class='ocrx_word' id='word_1_61' title='bbox 881 692 1126 741; x_wconf 83' lang='lat' dir='ltr'>decussaque,</span> <span class='ocrx_word' id='word_1_62' title='bbox 1156 690 1204 727; x_wconf 85' lang='lat' dir='ltr'>ad</span> 
     </span>
     <span class='ocr_line' id='line_1_9' title="bbox 81 754 1204 807; baseline -0.002 -14"><span class='ocrx_word' id='word_1_63' title='bbox 81 758 286 802; x_wconf 71' lang='lat' dir='ltr'>Victorias,</span> <span class='ocrx_word' id='word_1_64' title='bbox 308 771 390 807; x_wconf 84' lang='lat' dir='ltr'>quae</span> <span class='ocrx_word' id='word_1_65' title='bbox 413 759 452 794; x_wconf 88' lang='lat' dir='ltr'>in</span> <span class='ocrx_word' id='word_1_66' title='bbox 473 757 647 795; x_wconf 85' lang='lat' dir='ltr'>antefixis</span> <span class='ocrx_word' id='word_1_67' title='bbox 678 763 800 801; x_wconf 86' lang='lat' dir='ltr'>erant,</span> <span class='ocrx_word' id='word_1_68' title='bbox 820 758 944 801; x_wconf 83' lang='lat' dir='ltr'>haesit,</span> <span class='ocrx_word' id='word_1_69' title='bbox 964 769 1087 806; x_wconf 87' lang='lat' dir='ltr'>neque</span> <span class='ocrx_word' id='word_1_70' title='bbox 1117 754 1204 792; x_wconf 84' lang='lat' dir='ltr'>inde</span> 
     </span>
     <span class='ocr_line' id='line_1_10' title="bbox 80 822 1202 873; baseline -0.003 -14"><span class='ocrx_word' id='word_1_71' title='bbox 80 823 256 873; x_wconf 86' lang='lat' dir='ltr'>procidit.</span> <span class='ocrx_word' id='word_1_72' title='bbox 313 824 367 859; x_wconf 91' lang='lat' dir='ltr'>Et</span> <span class='ocrx_word' id='word_1_73' title='bbox 395 824 573 872; x_wconf 82' lang='lat' dir='ltr'>Anagnia</span> <span class='ocrx_word' id='word_1_74' title='bbox 602 831 639 858; x_wconf 91' lang='lat' dir='ltr'>et</span> <span class='ocrx_word' id='word_1_75' title='bbox 668 822 849 872; x_wconf 82' lang='lat' dir='ltr'>Fregellis</span> <span class='ocrx_word' id='word_1_76' title='bbox 880 822 1102 858; x_wconf 86' lang='lat' dir='ltr'>nunciatum</span> <span class='ocrx_word' id='word_1_77' title='bbox 1131 826 1202 863; x_wconf 86' lang='lat' dir='ltr'>est,</span> 
     </span>
     <span class='ocr_line' id='line_1_11' title="bbox 81 885 1205 937; baseline -0.003 -14"><span class='ocrx_word' id='word_1_78' title='bbox 81 899 229 924; x_wconf 90' lang='lat' dir='ltr'>murum</span> <span class='ocrx_word' id='word_1_79' title='bbox 248 894 453 937; x_wconf 88' lang='lat' dir='ltr'>portasque</span> <span class='ocrx_word' id='word_1_80' title='bbox 473 887 517 922; x_wconf 89' lang='lat' dir='ltr'>de</span> <span class='ocrx_word' id='word_1_81' title='bbox 538 886 637 922; x_wconf 86' lang='lat' dir='ltr'>coelo</span> <span class='ocrx_word' id='word_1_82' title='bbox 663 893 807 922; x_wconf 87' lang='lat' dir='ltr'>tactas:</span> <span class='ocrx_word' id='word_1_83' title='bbox 841 892 880 922; x_wconf 91' lang='lat' dir='ltr'>et</span> <span class='ocrx_word' id='word_1_84' title='bbox 898 887 939 921; x_wconf 91' lang='lat' dir='ltr'>in</span> <span class='ocrx_word' id='word_1_85' title='bbox 957 885 1045 922; x_wconf 91' lang='lat' dir='ltr'>foro</span> <span class='ocrx_word' id='word_1_86' title='bbox 1067 885 1205 921; x_wconf 83' lang='lat' dir='ltr'>Suder-</span> 
     </span>
     <span class='ocr_line' id='line_1_12' title="bbox 83 949 1205 1000; baseline -0.002 -14"><span class='ocrx_word' id='word_1_87' title='bbox 83 956 177 986; x_wconf 89' lang='lat' dir='ltr'>tano</span> <span class='ocrx_word' id='word_1_88' title='bbox 206 950 401 999; x_wconf 85' lang='lat' dir='ltr'>sanguinis</span> <span class='ocrx_word' id='word_1_89' title='bbox 439 951 539 986; x_wconf 89' lang='lat' dir='ltr'>rivos</span> <span class='ocrx_word' id='word_1_90' title='bbox 576 962 643 1000; x_wconf 88' lang='lat' dir='ltr'>per</span> <span class='ocrx_word' id='word_1_91' title='bbox 672 950 772 986; x_wconf 89' lang='lat' dir='ltr'>diem</span> <span class='ocrx_word' id='word_1_92' title='bbox 809 956 934 986; x_wconf 88' lang='lat' dir='ltr'>totum</span> <span class='ocrx_word' id='word_1_93' title='bbox 963 949 1129 991; x_wconf 78' lang='lat' dir='ltr'>fluxisse,</span> <span class='ocrx_word' id='word_1_94' title='bbox 1168 955 1205 984; x_wconf 87' lang='lat' dir='ltr'>et</span> 
     </span>
     <span class='ocr_line' id='line_1_13' title="bbox 83 1013 1205 1064; baseline 0 -15"><span class='ocrx_word' id='word_1_95' title='bbox 83 1014 190 1050; x_wconf 90' lang='lat' dir='ltr'>Ereti</span> <span class='ocrx_word' id='word_1_96' title='bbox 218 1013 405 1064; x_wconf 88' lang='lat' dir='ltr'>lapidibus</span> <span class='ocrx_word' id='word_1_97' title='bbox 435 1013 590 1064; x_wconf 87' lang='lat' dir='ltr'>pluisse,</span> <span class='ocrx_word' id='word_1_98' title='bbox 613 1020 650 1049; x_wconf 91' lang='lat' dir='ltr'>et</span> <span class='ocrx_word' id='word_1_99' title='bbox 678 1013 803 1050; x_wconf 85' lang='lat' dir='ltr'>Reate</span> <span class='ocrx_word' id='word_1_100' title='bbox 832 1013 974 1050; x_wconf 88' lang='lat' dir='ltr'>mulam</span> <span class='ocrx_word' id='word_1_101' title='bbox 1003 1013 1205 1063; x_wconf 84' lang='lat' dir='ltr'>peperisse.</span> 
     </span>
     <span class='ocr_line' id='line_1_14' title="bbox 83 1076 1206 1128; baseline -0.001 -14"><span class='ocrx_word' id='word_1_102' title='bbox 83 1078 143 1114; x_wconf 91' lang='lat' dir='ltr'>Ea</span> <span class='ocrx_word' id='word_1_103' title='bbox 161 1078 336 1128; x_wconf 83' lang='lat' dir='ltr'>prodigia</span> <span class='ocrx_word' id='word_1_104' title='bbox 353 1079 489 1114; x_wconf 86' lang='lat' dir='ltr'>hostiis</span> <span class='ocrx_word' id='word_1_105' title='bbox 507 1077 717 1128; x_wconf 88' lang='lat' dir='ltr'>majoribus</span> <span class='ocrx_word' id='word_1_106' title='bbox 738 1084 827 1114; x_wconf 85' lang='lat' dir='ltr'>sunt</span> <span class='ocrx_word' id='word_1_107' title='bbox 846 1084 1062 1128; x_wconf 86' lang='lat' dir='ltr'>procurata,</span> <span class='ocrx_word' id='word_1_108' title='bbox 1080 1084 1118 1113; x_wconf 88' lang='lat' dir='ltr'>et</span> <span class='ocrx_word' id='word_1_109' title='bbox 1138 1076 1206 1118; x_wconf 82' lang='lat' dir='ltr'>ob-</span> 
     </span>
     <span class='ocr_line' id='line_1_15' title="bbox 86 1140 1208 1194; baseline -0.001 -16"><span class='ocrx_word' id='word_1_110' title='bbox 86 1143 248 1179; x_wconf 88' lang='lat' dir='ltr'>secratio</span> <span class='ocrx_word' id='word_1_111' title='bbox 266 1144 305 1179; x_wconf 93' lang='lat' dir='ltr'>in</span> <span class='ocrx_word' id='word_1_112' title='bbox 327 1155 443 1179; x_wconf 89' lang='lat' dir='ltr'>unum</span> <span class='ocrx_word' id='word_1_113' title='bbox 460 1143 558 1179; x_wconf 87' lang='lat' dir='ltr'>diem</span> <span class='ocrx_word' id='word_1_114' title='bbox 578 1143 722 1194; x_wconf 90' lang='lat' dir='ltr'>populo</span> <span class='ocrx_word' id='word_1_115' title='bbox 738 1143 895 1186; x_wconf 82' lang='lat' dir='ltr'>indicta,</span> <span class='ocrx_word' id='word_1_116' title='bbox 913 1151 951 1179; x_wconf 81' lang='lat' dir='ltr'>et</span> <span class='ocrx_word' id='word_1_117' title='bbox 971 1140 1208 1178; x_wconf 84' lang='lat' dir='ltr'>novemdiale</span> 
     </span>
     <span class='ocr_line' id='line_1_16' title="bbox 84 1206 1205 1257; baseline 0 -15"><span class='ocrx_word' id='word_1_118' title='bbox 84 1219 246 1243; x_wconf 87' lang='lat' dir='ltr'>sacrum.</span> <span class='ocrx_word' id='word_1_119' title='bbox 304 1206 526 1243; x_wconf 89' lang='lat' dir='ltr'>Sacerdotes</span> <span class='ocrx_word' id='word_1_120' title='bbox 546 1206 688 1256; x_wconf 89' lang='lat' dir='ltr'>publici</span> <span class='ocrx_word' id='word_1_121' title='bbox 708 1206 856 1257; x_wconf 87' lang='lat' dir='ltr'>aliquot</span> <span class='ocrx_word' id='word_1_122' title='bbox 871 1220 916 1243; x_wconf 89' lang='lat' dir='ltr'>eo</span> <span class='ocrx_word' id='word_1_123' title='bbox 937 1220 1038 1242; x_wconf 81' lang='lat' dir='ltr'>anno</span> <span class='ocrx_word' id='word_1_124' title='bbox 1059 1207 1205 1242; x_wconf 83' lang='lat' dir='ltr'>‹lemor-</span> 
     </span>
     <span class='ocr_line' id='line_1_17' title="bbox 84 1270 1206 1320; baseline 0 -14"><span class='ocrx_word' id='word_1_125' title='bbox 84 1271 141 1306; x_wconf 82' lang='lat' dir='ltr'>tui</span> <span class='ocrx_word' id='word_1_126' title='bbox 171 1277 272 1314; x_wconf 80' lang='lat' dir='ltr'>sunt,</span> <span class='ocrx_word' id='word_1_127' title='bbox 303 1271 467 1320; x_wconf 80' lang='lat' dir='ltr'>novique</span> <span class='ocrx_word' id='word_1_128' title='bbox 503 1271 688 1308; x_wconf 85' lang='lat' dir='ltr'>subfecti:</span> <span class='ocrx_word' id='word_1_129' title='bbox 721 1272 761 1307; x_wconf 92' lang='lat' dir='ltr'>in</span> <span class='ocrx_word' id='word_1_130' title='bbox 798 1271 923 1307; x_wconf 86' lang='lat' dir='ltr'>locum</span> <span class='ocrx_word' id='word_1_131' title='bbox 959 1271 1028 1307; x_wconf 79' lang='grc' dir='ltr'>Μ’.</span> <span class='ocrx_word' id='word_1_132' title='bbox 1059 1270 1206 1306; x_wconf 87' lang='lat' dir='ltr'>AEmilii</span> 
     </span>
     <span class='ocr_line' id='line_1_18' title="bbox 85 1334 1204 1385; baseline -0.002 -14"><span class='ocrx_word' id='word_1_133' title='bbox 85 1334 265 1371; x_wconf 83' lang='lat' dir='ltr'>Numidae</span> <span class='ocrx_word' id='word_1_134' title='bbox 284 1335 485 1371; x_wconf 88' lang='lat' dir='ltr'>decemviri</span> <span class='ocrx_word' id='word_1_135' title='bbox 514 1348 706 1372; x_wconf 83' lang='lat' dir='ltr'>sacrorum</span> <span class='ocrx_word' id='word_1_136' title='bbox 732 1335 788 1373; x_wconf 92' lang='lat' dir='ltr'>M.</span> <span class='ocrx_word' id='word_1_137' title='bbox 802 1335 982 1372; x_wconf 87' lang='lat' dir='ltr'>AEmilius</span> <span class='ocrx_word' id='word_1_138' title='bbox 1013 1335 1204 1385; x_wconf 80' lang='lat' dir='ltr'>Lepidus:</span> 
     </span>
     <span class='ocr_line' id='line_1_19' title="bbox 86 1398 1207 1451; baseline 0.001 -17"><span class='ocrx_word' id='word_1_139' title='bbox 86 1399 126 1434; x_wconf 89' lang='lat' dir='ltr'>in</span> <span class='ocrx_word' id='word_1_140' title='bbox 155 1398 281 1435; x_wconf 87' lang='lat' dir='ltr'>locum</span> <span class='ocrx_word' id='word_1_141' title='bbox 308 1399 596 1450; x_wconf 79' lang='lat' dir='ltr'>M².Pomp0nii</span> <span class='ocrx_word' id='word_1_142' title='bbox 623 1400 823 1437; x_wconf 88' lang='lat' dir='ltr'>Mathonis</span> <span class='ocrx_word' id='word_1_143' title='bbox 862 1399 1052 1451; x_wconf 89' lang='lat' dir='ltr'>pontificis</span> <span class='ocrx_word' id='word_1_144' title='bbox 1085 1399 1207 1436; x_wconf 67' lang='lat' dir='ltr'>QLi-</span> 
     </span>
     <span class='ocr_line' id='line_1_20' title="bbox 86 1463 1208 1514; baseline 0.002 -17"><span class='ocrx_word' id='word_1_145' title='bbox 86 1463 167 1498; x_wconf 82' lang='lat' dir='ltr'>vius</span> <span class='ocrx_word' id='word_1_146' title='bbox 185 1478 190 1499; x_wconf 95' lang='lat'>:</span> <span class='ocrx_word' id='word_1_147' title='bbox 225 1464 263 1499; x_wconf 91' lang='lat' dir='ltr'>in</span> <span class='ocrx_word' id='word_1_148' title='bbox 286 1463 414 1500; x_wconf 91' lang='lat' dir='ltr'>locum</span> <span class='ocrx_word' id='word_1_149' title='bbox 435 1465 497 1514; x_wconf 87' lang='lat' dir='ltr'>Sp.</span> <span class='ocrx_word' id='word_1_150' title='bbox 513 1465 668 1501; x_wconf 83' lang='lat' dir='ltr'>Carvilii</span> <span class='ocrx_word' id='word_1_151' title='bbox 687 1465 850 1502; x_wconf 83' lang='lat' dir='ltr'>Maximi</span> <span class='ocrx_word' id='word_1_152' title='bbox 877 1465 1028 1513; x_wconf 77' lang='lat' dir='ltr'>auguris</span> <span class='ocrx_word' id='word_1_153' title='bbox 1048 1464 1104 1501; x_wconf 89' lang='lat' dir='ltr'>M.</span> <span class='ocrx_word' id='word_1_154' title='bbox 1123 1464 1208 1499; x_wconf 85' lang='lat' dir='ltr'>Scr-</span> 
     </span>
     <span class='ocr_line' id='line_1_21' title="bbox 86 1526 1208 1579; baseline 0.002 -17"><span class='ocrx_word' id='word_1_155' title='bbox 86 1526 207 1564; x_wconf 65' lang='lat' dir='ltr'>vilius</span> <span class='ocrx_word' id='word_1_156' title='bbox 263 1527 310 1564; x_wconf 90' lang='lat' dir='ltr'>T.</span> <span class='ocrx_word' id='word_1_157' title='bbox 349 1527 534 1564; x_wconf 87' lang='lat' dir='ltr'>Otacilius</span> <span class='ocrx_word' id='word_1_158' title='bbox 566 1529 723 1565; x_wconf 90' lang='lat' dir='ltr'>Crassus</span> <span class='ocrx_word' id='word_1_159' title='bbox 752 1528 927 1579; x_wconf 82' lang='lat' dir='ltr'>pontifex</span> <span class='ocrx_word' id='word_1_160' title='bbox 956 1528 1045 1578; x_wconf 87' lang='lat' dir='ltr'>quia</span> <span class='ocrx_word' id='word_1_161' title='bbox 1073 1536 1208 1565; x_wconf 84' lang='lat' dir='ltr'>exacto</span> 
     </span>
     <span class='ocr_line' id='line_1_22' title="bbox 88 1592 1207 1643; baseline 0.001 -16"><span class='ocrx_word' id='word_1_162' title='bbox 88 1603 190 1628; x_wconf 84' lang='lat' dir='ltr'>anno</span> <span class='ocrx_word' id='word_1_163' title='bbox 218 1599 390 1629; x_wconf 86' lang='lat' dir='ltr'>mortuus</span> <span class='ocrx_word' id='word_1_164' title='bbox 421 1601 515 1635; x_wconf 87' lang='lat' dir='ltr'>erat,</span> <span class='ocrx_word' id='word_1_165' title='bbox 541 1593 628 1630; x_wconf 88' lang='lat' dir='ltr'>ideo</span> <span class='ocrx_word' id='word_1_166' title='bbox 659 1594 874 1630; x_wconf 89' lang='lat' dir='ltr'>nominatio</span> <span class='ocrx_word' id='word_1_167' title='bbox 904 1594 942 1629; x_wconf 89' lang='lat' dir='ltr'>in</span> <span class='ocrx_word' id='word_1_168' title='bbox 972 1593 1098 1629; x_wconf 86' lang='lat' dir='ltr'>locum</span> <span class='ocrx_word' id='word_1_169' title='bbox 1128 1592 1207 1643; x_wconf 79' lang='lat' dir='ltr'>ejus</span> 
     </span>
     <span class='ocr_line' id='line_1_23' title="bbox 88 1656 1210 1706; baseline 0.002 -15"><span class='ocrx_word' id='word_1_170' title='bbox 88 1668 166 1691; x_wconf 92' lang='lat' dir='ltr'>non</span> <span class='ocrx_word' id='word_1_171' title='bbox 187 1662 244 1691; x_wconf 90' lang='lat' dir='ltr'>est</span> <span class='ocrx_word' id='word_1_172' title='bbox 259 1656 373 1693; x_wconf 83' lang='lat' dir='ltr'>facta.</span> <span class='ocrx_word' id='word_1_173' title='bbox 422 1657 464 1693; x_wconf 94' lang='lat' dir='ltr'>C.</span> <span class='ocrx_word' id='word_1_174' title='bbox 480 1657 661 1693; x_wconf 89' lang='lat' dir='ltr'>Claudius</span> <span class='ocrx_word' id='word_1_175' title='bbox 681 1657 819 1694; x_wconf 88' lang='lat' dir='ltr'>flamen</span> <span class='ocrx_word' id='word_1_176' title='bbox 839 1657 977 1701; x_wconf 86' lang='lat' dir='ltr'>Dialis,</span> <span class='ocrx_word' id='word_1_177' title='bbox 1000 1658 1100 1706; x_wconf 87' lang='lat' dir='ltr'>quod</span> <span class='ocrx_word' id='word_1_178' title='bbox 1122 1664 1210 1694; x_wconf 83' lang='lat' dir='ltr'>exta</span> 
     </span>
     <span class='ocr_line' id='line_1_24' title="bbox 88 1720 787 1769; baseline 0.004 -15"><span class='ocrx_word' id='word_1_179' title='bbox 88 1731 286 1769; x_wconf 86' lang='lat' dir='ltr'>perperam</span> <span class='ocrx_word' id='word_1_180' title='bbox 304 1720 471 1764; x_wconf 84' lang='lat' dir='ltr'>dederat,</span> <span class='ocrx_word' id='word_1_181' title='bbox 492 1721 661 1757; x_wconf 88' lang='lat' dir='ltr'>flaminio</span> <span class='ocrx_word' id='word_1_182' title='bbox 681 1721 787 1758; x_wconf 91' lang='lat' dir='ltr'>abiit.</span> 
     </span>
    </p>

    <p class='ocr_par' dir='ltr' id='par_1_3' title="bbox 89 1783 1417 2411">
     <span class='ocr_line' id='line_1_25' title="bbox 142 1783 1207 1834; baseline 0.002 -16"><span class='ocrx_word' id='word_1_183' title='bbox 142 1783 295 1820; x_wconf 89' lang='lat' dir='ltr'>XXIV.</span> <span class='ocrx_word' id='word_1_184' title='bbox 326 1783 399 1819; x_wconf 88' lang='lat' dir='ltr'>Per</span> <span class='ocrx_word' id='word_1_185' title='bbox 435 1785 533 1820; x_wconf 85' lang='lat' dir='ltr'>idem</span> <span class='ocrx_word' id='word_1_186' title='bbox 562 1791 710 1834; x_wconf 88' lang='lat' dir='ltr'>tempus</span> <span class='ocrx_word' id='word_1_187' title='bbox 740 1784 797 1822; x_wconf 90' lang='lat' dir='ltr'>M.</span> <span class='ocrx_word' id='word_1_188' title='bbox 811 1785 983 1821; x_wconf 83' lang='lat' dir='ltr'>Valerius</span> <span class='ocrx_word' id='word_1_189' title='bbox 1013 1784 1207 1828; x_wconf 65' lang='lat' dir='ltr'>Laevinus,</span> 
     </span>
     <span class='ocr_line' id='line_1_26' title="bbox 89 1846 1208 1899; baseline 0.003 -18"><span class='ocrx_word' id='word_1_190' title='bbox 89 1846 245 1882; x_wconf 86' lang='lat' dir='ltr'>tentatis</span> <span class='ocrx_word' id='word_1_191' title='bbox 275 1848 377 1896; x_wconf 87' lang='lat' dir='ltr'>prius</span> <span class='ocrx_word' id='word_1_192' title='bbox 397 1860 463 1897; x_wconf 88' lang='lat' dir='ltr'>per</span> <span class='ocrx_word' id='word_1_193' title='bbox 493 1855 637 1884; x_wconf 85' lang='lat' dir='ltr'>secreta</span> <span class='ocrx_word' id='word_1_194' title='bbox 657 1847 862 1898; x_wconf 84' lang='lat' dir='ltr'>conloqui-a</span> <span class='ocrx_word' id='word_1_195' title='bbox 890 1849 1103 1899; x_wconf 81' lang='lat' dir='ltr'>principum</span> <span class='ocrx_word' id='word_1_196' title='bbox 1127 1850 1208 1885; x_wconf 89' lang='lat' dir='ltr'>ani-</span> 
     </span>
     <span class='ocr_line' id='line_1_27' title="bbox 91 1911 1210 1963; baseline 0.003 -17"><span class='ocrx_word' id='word_1_197' title='bbox 91 1911 176 1953; x_wconf 83' lang='lat' dir='ltr'>mis,</span> <span class='ocrx_word' id='word_1_198' title='bbox 198 1911 244 1946; x_wconf 89' lang='lat' dir='ltr'>ad</span> <span class='ocrx_word' id='word_1_199' title='bbox 271 1911 452 1948; x_wconf 84' lang='lat' dir='ltr'>indictum</span> <span class='ocrx_word' id='word_1_200' title='bbox 480 1919 569 1948; x_wconf 86' lang='lat' dir='ltr'>ante</span> <span class='ocrx_word' id='word_1_201' title='bbox 589 1912 635 1948; x_wconf 86' lang='lat' dir='ltr'>ad</span> <span class='ocrx_word' id='word_1_202' title='bbox 662 1912 700 1948; x_wconf 85' lang='lat' dir='ltr'>id</span> <span class='ocrx_word' id='word_1_203' title='bbox 720 1914 841 1963; x_wconf 85' lang='lat' dir='ltr'>ipsum</span> <span class='ocrx_word' id='word_1_204' title='bbox 871 1913 1074 1949; x_wconf 88' lang='lat' dir='ltr'>concilium</span> <span class='ocrx_word' id='word_1_205' title='bbox 1094 1913 1210 1949; x_wconf 84' lang='lat' dir='ltr'>AEto-</span> 
     </span>
     <span class='ocr_line' id='line_1_28' title="bbox 89 1973 1209 2027; baseline 0.004 -18"><span class='ocrx_word' id='word_1_206' title='bbox 89 1973 212 2010; x_wconf 91' lang='lat' dir='ltr'>lorum</span> <span class='ocrx_word' id='word_1_207' title='bbox 237 1975 355 2012; x_wconf 86' lang='lat' dir='ltr'>classe</span> <span class='ocrx_word' id='word_1_208' title='bbox 384 1977 560 2026; x_wconf 83' lang='lat' dir='ltr'>expedita</span> <span class='ocrx_word' id='word_1_209' title='bbox 589 1978 704 2014; x_wconf 74' lang='lat' dir='ltr'>venit.</span> <span class='ocrx_word' id='word_1_210' title='bbox 763 1977 840 2014; x_wconf 90' lang='lat' dir='ltr'>Ubi</span> <span class='ocrx_word' id='word_1_211' title='bbox 861 1991 976 2027; x_wconf 89' lang='lat' dir='ltr'>quum</span> <span class='ocrx_word' id='word_1_212' title='bbox 1007 1980 1209 2027; x_wconf 82' lang='lat' dir='ltr'>Syracusas</span> 
     </span>
     <span class='ocr_line' id='line_1_29' title="bbox 91 2038 1210 2092; baseline 0.004 -18"><span class='ocrx_word' id='word_1_213' title='bbox 91 2038 336 2088; x_wconf 85' lang='lat' dir='ltr'>Capuamque</span> <span class='ocrx_word' id='word_1_214' title='bbox 356 2047 520 2090; x_wconf 86' lang='lat' dir='ltr'>captam,</span> <span class='ocrx_word' id='word_1_215' title='bbox 541 2041 579 2076; x_wconf 92' lang='lat' dir='ltr'>in</span> <span class='ocrx_word' id='word_1_216' title='bbox 601 2041 710 2077; x_wconf 87' lang='lat' dir='ltr'>fidem</span> <span class='ocrx_word' id='word_1_217' title='bbox 731 2042 770 2077; x_wconf 90' lang='lat' dir='ltr'>in</span> <span class='ocrx_word' id='word_1_218' title='bbox 792 2042 922 2078; x_wconf 81' lang='lat' dir='ltr'>Sicilia</span> <span class='ocrx_word' id='word_1_219' title='bbox 942 2042 1129 2092; x_wconf 82' lang='lat' dir='ltr'>Italiaque</span> <span class='ocrx_word' id='word_1_220' title='bbox 1152 2055 1210 2078; x_wconf 86' lang='lat' dir='ltr'>re-</span> 
     </span>
     <span class='ocr_line' id='line_1_30' title="bbox 89 2103 1417 2156; baseline 0.002 -19"><span class='ocrx_word' id='word_1_221' title='bbox 89 2114 173 2138; x_wconf 87' lang='lat' dir='ltr'>rum</span> <span class='ocrx_word' id='word_1_222' title='bbox 189 2103 450 2147; x_wconf 89' lang='lat' dir='ltr'>secundarum,</span> <span class='ocrx_word' id='word_1_223' title='bbox 469 2110 711 2149; x_wconf 85' lang='lat' dir='ltr'>ostentasset,</span> <span class='ocrx_word' id='word_1_224' title='bbox 729 2104 1016 2156; x_wconf 87' lang='lat' dir='ltr'>adjecissetque,</span> <span class='ocrx_word' id='word_1_225' title='bbox 1028 2105 1109 2152; x_wconf 81' lang='lat' dir='ltr'>jam</span> <span class='ocrx_word' id='word_1_226' title='bbox 1128 2108 1212 2142; x_wconf 72' lang='lat' dir='ltr'>inde</span> <span class='ocrx_word' id='word_1_227' title='bbox 1224 2116 1337 2146; x_wconf 76' lang='lat' dir='ltr'>Valerii</span> <span class='ocrx_word' id='word_1_228' title='bbox 1349 2125 1417 2146; x_wconf 85' lang='lat' dir='ltr'>ora-</span> 
     </span>
     <span class='ocr_line' id='line_1_31' title="bbox 91 2159 1367 2233; baseline 0.004 -31"><span class='ocrx_word' id='word_1_229' title='bbox 91 2179 115 2202; x_wconf 85' lang='lat' dir='ltr'>a</span> <span class='ocrx_word' id='word_1_230' title='bbox 135 2165 328 2212; x_wconf 74' lang='lat' dir='ltr'>majoribus</span> <span class='ocrx_word' id='word_1_231' title='bbox 357 2170 529 2204; x_wconf 77' lang='lat' dir='ltr'>traditum</span> <span class='ocrx_word' id='word_1_232' title='bbox 559 2181 690 2205; x_wconf 86' lang='lat' dir='ltr'>morem</span> <span class='ocrx_word' id='word_1_233' title='bbox 717 2169 892 2206; x_wconf 77' lang='lat' dir='ltr'>Romanis</span> <span class='ocrx_word' id='word_1_234' title='bbox 919 2171 1059 2206; x_wconf 82' lang='lat' dir='ltr'>colendi</span> <span class='ocrx_word' id='word_1_235' title='bbox 1086 2173 1210 2214; x_wconf 72' lang='lat' dir='ltr'>socios,</span> <span class='ocrx_word' id='word_1_236' title='bbox 1223 2159 1367 2233; x_wconf 47' lang='lat' dir='ltr'>ffitgffisd</span> 
     </span>
     <span class='ocr_line' id='line_1_32' title="bbox 92 2231 1211 2282; baseline 0.004 -16"><span class='ocrx_word' id='word_1_237' title='bbox 92 2242 135 2266; x_wconf 71' lang='lat' dir='ltr'>ex</span> <span class='ocrx_word' id='word_1_238' title='bbox 153 2231 275 2279; x_wconf 78' lang='lat' dir='ltr'>quibus</span> <span class='ocrx_word' id='word_1_239' title='bbox 293 2233 384 2267; x_wconf 82' lang='lat' dir='ltr'>alios</span> <span class='ocrx_word' id='word_1_240' title='bbox 405 2235 440 2268; x_wconf 77' lang='lat' dir='ltr'>in</span> <span class='ocrx_word' id='word_1_241' title='bbox 461 2234 641 2269; x_wconf 72' lang='lat' dir='ltr'>civitatem</span> <span class='ocrx_word' id='word_1_242' title='bbox 660 2238 766 2282; x_wconf 80' lang='lat' dir='ltr'>atque</span> <span class='ocrx_word' id='word_1_243' title='bbox 784 2246 923 2282; x_wconf 77' lang='lat' dir='ltr'>aequum</span> <span class='ocrx_word' id='word_1_244' title='bbox 941 2233 1131 2280; x_wconf 76' lang='lat' dir='ltr'>secumjus</span> <span class='ocrx_word' id='word_1_245' title='bbox 1150 2247 1211 2271; x_wconf 86' lang='lat' dir='ltr'>ac-</span> 
     </span>
     <span class='ocr_line' id='line_1_33' title="bbox 92 2297 1211 2347; baseline 0.004 -17"><span class='ocrx_word' id='word_1_246' title='bbox 92 2297 274 2343; x_wconf 76' lang='lat' dir='ltr'>cepissent,</span> <span class='ocrx_word' id='word_1_247' title='bbox 304 2297 395 2332; x_wconf 71' lang='lat' dir='ltr'>alios</span> <span class='ocrx_word' id='word_1_248' title='bbox 423 2299 460 2332; x_wconf 75' lang='lat' dir='ltr'>in</span> <span class='ocrx_word' id='word_1_249' title='bbox 489 2310 530 2333; x_wconf 85' lang='lat' dir='ltr'>ea</span> <span class='ocrx_word' id='word_1_250' title='bbox 553 2297 713 2347; x_wconf 76' lang='lat' dir='ltr'>fortuna</span> <span class='ocrx_word' id='word_1_251' title='bbox 741 2299 921 2341; x_wconf 79' lang='lat' dir='ltr'>haberent,</span> <span class='ocrx_word' id='word_1_252' title='bbox 945 2304 986 2334; x_wconf 85' lang='lat' dir='ltr'>ut</span> <span class='ocrx_word' id='word_1_253' title='bbox 1013 2300 1100 2335; x_wconf 79' lang='lat' dir='ltr'>socii</span> <span class='ocrx_word' id='word_1_254' title='bbox 1128 2312 1211 2342; x_wconf 79' lang='lat' dir='ltr'>esse,</span> 
     </span>
     <span class='ocr_line' id='line_1_34' title="bbox 92 2360 1214 2411; baseline 0.004 -17"><span class='ocrx_word' id='word_1_255' title='bbox 92 2370 200 2407; x_wconf 84' lang='lat' dir='ltr'>quam</span> <span class='ocrx_word' id='word_1_256' title='bbox 219 2360 322 2402; x_wconf 78' lang='lat' dir='ltr'>cives,</span> <span class='ocrx_word' id='word_1_257' title='bbox 344 2361 502 2398; x_wconf 79' lang='lat' dir='ltr'>mallent.</span> <span class='ocrx_word' id='word_1_258' title='bbox 559 2362 707 2397; x_wconf 81' lang='lat' dir='ltr'>AEtolos</span> <span class='ocrx_word' id='word_1_259' title='bbox 723 2374 763 2398; x_wconf 82' lang='lat' dir='ltr'>eo</span> <span class='ocrx_word' id='word_1_260' title='bbox 784 2364 819 2399; x_wconf 83' lang='lat' dir='ltr'>in</span> <span class='ocrx_word' id='word_1_261' title='bbox 840 2361 974 2409; x_wconf 82' lang='lat' dir='ltr'>majore</span> <span class='ocrx_word' id='word_1_262' title='bbox 982 2362 1134 2411; x_wconf 77' lang='lat' dir='ltr'>futuros</span> <span class='ocrx_word' id='word_1_263' title='bbox 1150 2363 1214 2399; x_wconf 80' lang='lat' dir='ltr'>ho·</span> 
     </span>
    </p>

    <p class='ocr_par' dir='ltr' id='par_1_4' title="bbox 595 2426 714 2463">
     <span class='ocr_line' id='line_1_35' title="bbox 595 2426 714 2463; baseline 0.008 -1"><span class='ocrx_word' id='word_1_264' title='bbox 595 2426 631 2462; x_wconf 93' lang='lat' dir='ltr'>A</span> <span class='ocrx_word' id='word_1_265' title='bbox 651 2439 672 2462; x_wconf 87' lang='lat' dir='ltr'>a</span> <span class='ocrx_word' id='word_1_266' title='bbox 691 2427 714 2463; x_wconf 88' lang='lat'><strong>3</strong></span> 
     </span>
    </p>
   </div>
  </div>
 </body>
</html>
