1527 2661
345 202 433 248 454
805 206 850 234 T.
875 205 956 235 mv
969 205 1007 234 11

150 297 242 328 U.C.
261 306 335 330 540.
348 296 508 333 Bruttiis
535 295 726 347 profectus
756 308 840 332 cum
871 296 1053 339 exercitu,
1082 293 1311 332 vitabundus
1338 302 1462 333 castra

147 342 241 373 A'C'
259 349 515 398 2¹2'hostium
545 359 807 409 consulesque,
838 361 902 409 qui
939 361 978 396 in
1009 361 1164 397 Samnio
1194 366 1315 403 erant,
1345 372 1461 409 quum

147 395 271 427 Hanno
286 398 318 428 in

146 438 286 479 Campa-

345 425 568 463 Benevento
581 424 665 475 jam
694 425 1028 475 adpropinquaret,
1049 425 1123 461 tria
1146 437 1326 476 passuum
1343 423 1463 460 millia

145 483 237 513 ”iam
254 493 332 515 cum
345 489 392 526 ab
413 491 494 540 ipsa
513 488 606 526 urbe
625 488 712 525 loco
732 488 835 525 edito
855 496 979 525 castra
998 488 1147 538 posuit:
1180 488 1266 524 inde
1284 500 1331 524 ex
1347 487 1460 524 sociis

145 527 290 557 exercitu

144 570 245 601 venit.

343 555 444 591 circa
462 553 628 605 populiS,
649 566 725 603 quo
753 559 883 590 aestate
906 558 1187 604 comportatum
1212 559 1307 595 erat,
1328 551 1461 588 devehi

340 617 573 654 frumentum
612 617 651 653 in
688 623 812 654 castra
837 615 980 667 jussit,
1012 616 1196 668 praesidiis
1229 615 1342 659 datis,
1376 627 1460 665 quae

340 687 574 718 commeatus
591 693 655 717 eos
676 686 1008 731 prosequerentur.
1065 680 1238 730 Capuam
1252 678 1341 715 inde
1359 690 1459 715 nun·

339 747 441 782 cium
460 745 578 789 misit,
609 758 683 796 qua
702 746 763 782 die
792 746 830 782 in
860 746 992 782 castris
1022 744 1071 781 ad
1099 743 1361 794 accipiendum
1379 742 1460 779 sru-

339 815 511 847 mentum
539 816 679 861 praesto
708 816 848 854 essent,
878 810 985 846 omni
1014 809 1179 859 undique
1198 818 1336 857 genere
1354 807 1461 843 vehi-

339 873 512 912 culorum
524 872 865 925 jumentorumque
880 886 926 910 ex
942 874 1041 923 agris
1059 878 1270 910 contracto.
1327 870 1371 907 Id
1387 882 1459 921 pro

337 944 467 974 cetera
495 938 670 975 socordia
697 937 1007 987 negligentiaque
1035 950 1058 973 a
1078 935 1283 987 Campanis
1304 940 1455 971 actum:

337 1000 466 1052 paullo
495 1001 579 1052 plus
604 1002 882 1051 quadringenta
910 1001 1085 1039 vehicula
1112 1002 1240 1045 missa,
1271 1007 1310 1037 et
1336 1013 1460 1051 pauca

337 1070 523 1116 praeterea
551 1064 752 1115 jumenta:
784 1065 834 1102 ob
862 1065 900 1101 id
936 1066 1131 1114 castigatis
1170 1064 1217 1101 ab
1247 1063 1456 1108 Hannone,

339 1129 443 1179 quod
468 1141 517 1166 ne
536 1129 653 1166 fames
677 1129 842 1179 quidem,
863 1143 947 1179 quae
973 1136 1096 1166 mutas
1124 1129 1346 1166 accenderet
1369 1127 1457 1164 bes-

338 1194 428 1238 tias,
449 1207 578 1231 curam
598 1206 729 1231 eorum
749 1182 943 1232 stimulare
962 1201 1105 1246 posset,
1123 1194 1198 1232 alia
1215 1193 1365 1245 prodita
1377 1193 1454 1230 dies

338 1259 387 1296 ad
405 1259 640 1296 frumentum
659 1257 804 1310 majore
823 1260 1008 1311 adparatu
1026 1260 1245 1312 petendum.
1299 1258 1360 1295 Ea
1373 1269 1456 1295 om-

337 1324 415 1368 nia,
437 1324 536 1361 sicut
555 1330 641 1360 acta
666 1331 788 1368 erant,
809 1338 923 1374 quum
951 1326 1155 1362 enunciata
1172 1323 1454 1361 Beneventanis

337 1395 478 1433 essent,
505 1388 651 1438 legatos
680 1389 808 1426 decem
840 1389 1032 1440 extemplo
1062 1390 1109 1426 ad
1140 1388 1312 1426 consules
1335 1388 1455 1438 (circa

335 1452 552 1490 Bovianum
572 1460 697 1490 castra
715 1453 980 1491 Romanorum
1001 1454 1126 1501 erant)
1149 1453 1344 1490 miserunt.
1373 1451 1452 1492 Qui

336 1530 467 1567 quum,
495 1518 647 1561 auditis,
669 1531 752 1567 quae
779 1518 826 1554 ad
853 1518 1024 1569 Capuam
1050 1524 1267 1567 agerentur,
1286 1518 1387 1554 inter
1412 1529 1453 1553 se

335 1588 634 1632 comparassent,
652 1588 693 1617 ut
713 1581 808 1618 alter
826 1583 865 1618 in
884 1582 1133 1633 Campaniam
1153 1581 1361 1617 exercitum
1380 1580 1450 1616 du-

334 1652 460 1693 cei-et,
492 1645 661 1689 Fulvius,
683 1647 743 1682 cui
770 1659 814 1683 ea
839 1647 1034 1697 provincia
1059 1646 1280 1688 obvenerat,
1301 1643 1451 1695 profec-

333 1718 409 1754 tus,
429 1717 544 1747 nocte
564 1710 776 1747 Beneventi
795 1712 938 1748 moenia
957 1717 1014 1748 est
1033 1711 1236 1760 ingressus.
1280 1710 1341 1747 Ex
1360 1722 1450 1760 pro·

332 1775 477 1825 pinquo
506 1776 719 1825 cognoscit,
751 1775 985 1813 Hannonem
1014 1788 1100 1812 cum
1129 1774 1316 1811 exercitus
1342 1780 1450 1825 parte

330 1839 544 1890 profectum
570 1839 867 1877 frumentatum:
899 1852 966 1891 per
992 1845 1220 1889 quaestorem
1244 1838 1448 1889 Campanis

330 1904 461 1940 datum
487 1903 744 1941 frumentum:
776 1904 851 1941 duo
879 1904 998 1940 millia
1022 1904 1292 1954 plaustrorum,
1312 1904 1447 1940 incon·

327 1968 447 2005 ditam
462 1970 719 2018 inermemque
735 1969 848 2006 aliam
867 1968 1033 2013 turbam,
1050 1969 1245 2006 advenisse
1260 1983 1268 2004 t
1300 1980 1367 2018 per
1385 1975 1446 2004 tu-

329 2032 492 2070 multum
519 2046 562 2070 ac
582 2034 874 2083 trepidationem
894 2034 1023 2070 omnia
1042 2034 1127 2083 agi:
1161 2038 1445 2082 castrorumque

326 2097 489 2135 formam
518 2104 557 2134 et
586 2098 789 2135 militarem
818 2098 1004 2142 ordinem,
1035 2098 1205 2135 inmixtis
1232 2097 1443 2147 agrestibus

326 2161 373 2197 iis
395 2174 442 2198 ex
460 2162 585 2204 terris,
606 2161 809 2199 sublatum.
866 2161 940 2199 His
961 2163 1051 2199 satis
1072 2162 1289 2212 compertis,
1310 2160 1445 2198 consul

325 2224 511 2262 militibus
532 2225 660 2269 edicit,
678 2226 787 2275 signa
806 2232 958 2263 tantum
977 2239 1155 2276 armaque
1171 2226 1211 2262 in
1228 2226 1443 2277 proximam

322 2296 477 2326 noctem
494 2289 717 2340 expedirent
733 2305 739 2326 :
773 2297 897 2328 castra
912 2291 1059 2329 Punica
1075 2290 1333 2342 obpugnanda
1350 2302 1443 2328 esse.

318 2353 471 2394 Quarta
489 2354 619 2404 vigilia
636 2355 815 2406 profecti,
832 2356 990 2394 sarcinis
1010 2355 1186 2393 omnibus
1205 2354 1443 2406 inpedimen-
