1527 2661
352 186 507 214 LIBER
533 185 580 212 X.
617 180 725 212 CAP.
758 183 950 211 XXXIII.
1130 183 1207 223 119

83 277 234 320 finibus,
264 276 366 312 fama
402 280 493 311 erat.
550 273 789 309 Postumium
827 272 1003 308 valetudo
1040 272 1197 307 adversa
1210 288 1300 318 [χρ.
1317 295 1390 320 458υ

80 342 216 378 Romae
243 340 392 376 tenuit:
433 338 572 374 Atilius
617 336 807 387 extemplo
844 336 1051 386 profectus,
1083 341 1123 371 ut
1157 336 1196 371 in
1210 331 1298 361 A·C-
1317 338 1390 363 *294-

82 406 237 441 Samnio
265 404 394 439 hostes
419 403 489 449 (ita
520 402 621 437 enim
650 400 843 451 placuerat
872 398 1068 445 Patribus)
1098 411 1196 434 non-

80 469 169 505 dum
188 479 357 516 egressos
384 465 628 515 obprimeret.
688 463 803 499 Velut
825 478 869 499 ex
901 463 1114 512 composito
1143 463 1198 498 ibi

80 532 233 568 obvium
254 529 419 566 habuere
442 529 615 573 hostem3
649 527 712 563 ubi
733 533 771 562 et
797 528 952 569 intrare,
974 526 1112 562 nedum
1131 539 1197 562 va-

81 603 194 637 stare,
211 595 282 645 ipsi
304 594 530 630 Samnitium
546 604 678 640 agrum
699 591 990 641 prohiberentur
1005 606 1012 627 :
1036 599 1074 626 et
1090 604 1197 639 egre-

80 662 116 697 di
135 661 222 696 inde
242 661 279 695 in
310 664 446 708 pacata
472 658 737 704 sociorumque
765 656 896 705 populi
916 655 1083 691 Romani
1104 656 1195 692 fines

79 724 286 761 Samnitem
316 721 574 771 prohiberent.
630 721 758 759 Quum
789 728 913 756 castra
942 721 1072 756 castris
1103 733 1194 756 con·
1210 729 1370 760 Samnites

77 789 155 826 lata
174 793 312 829 essent,
334 787 435 835 quod
455 787 516 822 vix
532 786 730 821 Romanus
751 786 865 821 toties
886 786 1007 821 victor
1026 786 1193 829 auderet,
1209 780 1307 846 ΞΞΞΞ
1322 773 1390 846 ἐξ·

78 854 159 891 ausi
179 853 367 888 Samnites
389 857 477 886 sunt
499 853 666 898 (tantum
686 850 899 900 desperatio
926 849 1059 886 ultima
1077 857 1194 886 teme·
1208 861 1406 899 grediumur,

78 918 200 955 ritatis
229 916 338 963 facit)
362 922 486 952 castra
515 915 694 950 Romana
723 914 968 963 obpugnare:
1002 920 1038 950 et
1063 928 1194 963 quam-

78 995 191 1032 quam
209 994 287 1018 non
312 981 416 1016 venit
443 980 488 1016 ad
510 979 623 1015 finem
651 986 727 1015 tam
754 979 878 1015 audax
905 979 1115 1028 inceptum,
1136 986 1207 1023 taio,

77 1060 165 1084 men
193 1046 294 1082 haud
330 1045 488 1080 omniuo
526 1057 664 1094 vanum
701 1043 786 1080 fuit.
842 1043 997 1079 Nebula
1034 1050 1115 1079 erat
1148 1044 1192 1080 ad

76 1110 237 1147 multum
257 1109 330 1145 diei
350 1109 466 1144 densa
485 1109 594 1151 adeo,
613 1115 655 1144 ut
674 1108 767 1144 lucis
789 1121 898 1144 usum
918 1109 1093 1159 eriperet,
1114 1122 1194 1145 non

75 1182 279 1225 prospectu
293 1173 407 1209 inodo
428 1180 534 1209 extra
550 1173 689 1209 vallum
709 1173 875 1215 ademto,
892 1173 956 1208 sed
977 1175 1192 1223 propinquo

76 1239 190 1275 etiam
209 1236 534 1285 congredientium
551 1237 648 1271 inter
668 1249 707 1271 se
724 1242 942 1285 conspectu.
986 1236 1072 1272 Hac
1090 1236 1193 1273 velut

74 1301 220 1338 latebra
239 1300 459 1335 insidiarum
479 1299 563 1335 freti
586 1299 790 1342 Samnites,
808 1300 960 1335 vixdum
982 1301 1072 1335 satis
1090 1308 1193 1336 certa

73 1365 170 1408 luce,
192 1371 229 1400 et
249 1377 330 1400 eam
350 1365 471 1414 ipsam
497 1371 691 1414 premente
718 1364 892 1412 caligine,
914 1364 961 1400 ad
987 1365 1192 1401 stationem

74 1433 288 1470 Romanam
309 1432 345 1466 in
367 1437 477 1481 porta
500 1432 666 1479 segniter
693 1438 866 1479 agentem
887 1431 1033 1479 vigilias
1060 1445 1191 1481 perve-

71 1499 192 1535 niunt.
250 1497 450 1547 Inproviso
479 1496 668 1545 obpressis
697 1508 766 1532 nec
796 1497 911 1532 animi
939 1497 1028 1532 satis
1056 1497 1102 1532 ad
1131 1510 1189 1533 re-

74 1562 292 1604 sistendum,
326 1573 395 1596 nec
432 1561 568 1596 virium
597 1560 683 1597 fuit.
739 1561 800 1597 Ab
839 1567 948 1609 tergo
979 1567 1188 1598 castrorum

73 1627 279 1662 decumana
297 1632 408 1675 porta
428 1626 577 1674 inpetus
593 1624 715 1660 factus
732 1640 738 1659 :
772 1626 900 1673 itaque
916 1632 1068 1674 captum
1085 1639 1186 1674 quae-

72 1690 253 1734 storium3
284 1696 522 1738 quaestorque
539 1689 591 1724 ibi
611 1688 658 1725 L.
672 1688 846 1738 Opimius
868 1689 993 1724 Pansa
1012 1690 1158 1725 occisus
1175 1705 1182 1726 :

73 1754 351 1790 conclamatum
371 1753 457 1788 inde
477 1753 524 1789 ad
544 1765 658 1789 arma.

124 1817 325 1853 XXXIII.
356 1817 514 1859 Consul,
535 1817 700 1853 tumultu
720 1818 878 1861 excitus,
897 1819 1073 1854 cohortes
1092 1819 1183 1855 duas

71 1882 274 1923 sociorum,
304 1880 498 1916 Lucanam
535 1881 848 1930 Suessanamque,
884 1895 966 1930 quae
1002 1884 1184 1932 proximae

13 1965 15 1967 ·
65 1952 170 1989 forte
197 1951 317 1987 erant,
349 1946 445 1981 tueri
474 1946 692 1995 praetorium
718 1945 853 1996 jubet:
886 1947 1099 1996 manipulos
1133 1948 1185 1984 le-

69 2011 223 2058 gionum
242 2009 441 2059 principali
462 2011 522 2046 via
542 2011 699 2047 inducit.
748 2011 913 2047 Vixdum
934 2013 1024 2047 satis
1046 2014 1185 2062 aptatis

68 2075 193 2117 armis,
224 2074 263 2110 in
293 2074 442 2110 ordines
481 2081 593 2110 eunt:
626 2082 663 2111 et
700 2075 864 2112 clamore
902 2077 1036 2124 magis,
1072 2090 1184 2125 quam

67 2137 200 2180 oculis,
225 2137 373 2174 hostem
401 2144 587 2175 noscunt:
620 2151 704 2182 nec,
726 2145 888 2187 quantus
915 2152 1092 2175 numerus
1119 2142 1182 2183 sit,

69 2203 245 2239 aestimari
265 2210 403 2253 potest.
439 2204 591 2239 Cedunt
610 2205 732 2253 primo
753 2204 886 2240 incerti
908 2204 1071 2240 fortunae
1093 2217 1183 2248 suae,

70 2272 108 2301 et
125 2266 274 2302 hostem
291 2268 497 2303 introrsum
516 2268 555 2302 in
576 2267 700 2303 media
720 2274 843 2303 castra
859 2268 1051 2317 accipiunt
1067 2283 1073 2303 :
1098 2269 1184 2304 inde

65 2342 183 2379 quum
213 2331 343 2368 consul
377 2332 662 2376 vociferaretur,
693 2333 873 2380 expulsine
902 2337 1004 2368 extra
1036 2334 1183 2376 vallum,
