1527 2661
272 213 424 242 LIBER
449 211 555 240 XXI.
590 210 695 238 CAP.
719 209 908 237 XXVIII.
1067 195 1141 249 183

45 302 144 338 dum.
200 301 285 337 Jam
313 305 461 350 paratas
491 304 710 348 aptatasque
737 295 904 332 habebat
932 294 1042 344 pedes
1071 293 1143 331 lin·
1157 304 1198 333 U.
1213 305 1248 334 C.
1264 311 1336 337 534.

48 370 122 399 tres
139 379 146 399 :
179 364 320 412 equites
340 362 418 398 fere
438 366 592 411 propter
611 371 726 407 equos
746 364 878 393 nantes
898 358 1050 393 navium
1078 370 1144 406 ag·
1159 348 1196 377 A·
1211 348 1247 377 C·
1262 354 1335 405 2¹⁸²

47 439 146 469 men,
167 427 214 462 ad
232 425 491 475 excipiendum
508 423 652 459 adversi
672 423 841 471 inpetum
857 421 1020 457 fluminis
1040 427 1145 470 parte
1158 401 1289 473 {gagg-⁸

47 490 238 539 superiore
266 488 540 529 transmittens,
570 484 882 534 tranquillitatem
911 483 1009 519 infra
1040 482 1146 532 traji·
1161 495 1253 516 num.

50 553 236 588 cientibus
262 551 437 587 lintribus
457 549 660 599 praebebat.
717 548 912 596 Equorum
937 559 1022 597 pars
1042 559 1148 596 mag·

49 627 101 650 na
118 620 250 650 nantes
270 614 360 650 loris
389 626 410 648 a
429 612 614 662 puppibus
635 611 894 653 trahebantur,
915 616 1050 660 praeter
1069 623 1148 654 eos,

52 689 145 724 quos
165 677 368 712 instructos
387 675 644 722 frenatosque,
666 680 707 709 ut
726 673 914 722 extemplo
935 685 1086 721 egresso
1111 674 1151 709 in

51 740 170 789 ripam
190 739 305 786 equiti
326 738 406 772 usui
428 743 566 778 essent,
587 737 832 785 inposuerant
851 736 890 770 in
908 747 1034 771 naves.

104 800 299 837 XXVIII.
330 799 429 835 Galli
466 799 671 834 obcursant
701 799 742 833 in
775 799 895 846 ripam
928 810 1012 832 cum
1040 799 1151 834 variis

53 864 255 900 ululatibus
276 870 463 911 cantuque
488 863 601 898 moris
629 862 700 904 sui,
721 861 931 909 quatientes
961 866 1067 897 scuta
1091 874 1151 897 su-

52 939 118 977 per
137 927 274 976 capita,
293 926 558 973 vibrantesque
576 925 716 960 dextris
741 923 840 959 tela:
872 929 1097 972 quamquam
1118 930 1155 960 et

53 1003 100 1026 ex
128 990 282 1025 adverso
310 988 476 1024 terrebat
503 994 610 1023 tanta
638 988 692 1022 vis
720 987 871 1022 navium
897 999 981 1022 cum
1010 987 1156 1035 ingenti

57 1064 152 1088 sono
177 1052 341 1088 fluminis
368 1058 406 1087 et
435 1051 599 1086 clamore
629 1051 733 1086 vario
761 1057 961 1086 nautarum
991 1056 1028 1085 et
1057 1049 1155 1085 mili-

55 1122 149 1158 tum,
174 1116 238 1164 qui
265 1114 484 1150 nitebantur
513 1125 751 1163 perrumpere
779 1113 948 1162 inpetum
977 1113 1155 1155 fluminis,

61 1184 99 1213 et
117 1179 181 1227 qui
200 1191 246 1214 ex
275 1177 392 1213 altera
416 1178 498 1226 ripa
522 1175 752 1225 trajicientes
782 1188 867 1210 suos
895 1175 1156 1210 hortabantur.

59 1240 146 1291 Jam
174 1241 264 1276 satis
293 1246 470 1289 paventes
501 1239 653 1274 adverso
682 1237 846 1273 tumultu
878 1237 1083 1273 terribilior
1110 1238 1156 1273 ab

59 1309 167 1351 tergo
197 1303 348 1339 adortus
379 1302 533 1345 clamor,
564 1303 694 1337 castris
714 1301 761 1337 ab
790 1301 983 1336 Hannone
1013 1302 1155 1350 captis:

60 1379 151 1403 mox
170 1373 208 1403 et
226 1367 305 1416 ipse
332 1367 473 1408 aderat,
495 1377 706 1413 ancepsque
731 1371 852 1400 terror
878 1365 1161 1407 circumstabat,

62 1435 100 1466 et
118 1443 138 1466 e
157 1430 313 1466 navibus
332 1436 441 1465 tanta
461 1430 494 1464 vi
509 1435 739 1464 armatorum
755 1428 791 1463 in
811 1435 948 1463 terram
966 1429 1159 1471 evadente,

63 1501 101 1528 et
126 1492 172 1528 ab
199 1499 306 1540 tergo
336 1492 525 1541 inprovisa
553 1497 745 1540 premente
775 1491 865 1525 acie.
923 1490 1036 1533 Galli,
1057 1497 1161 1540 post-

63 1567 188 1603 quam,
209 1555 308 1591 ultro
332 1556 407 1590 vim
425 1554 548 1590 facere
568 1554 708 1595 conati,
729 1552 978 1602 pellebantur,
999 1566 1071 1601 qua
1097 1566 1162 1603 pa-

63 1625 142 1653 tere
161 1619 281 1654 visum
306 1619 468 1654 maxime
493 1619 577 1659 iter,
605 1623 863 1665 perrumpunt,
891 1617 1099 1664 trepidique
1124 1618 1163 1652 in

64 1682 165 1717 vicos
202 1683 341 1731 passim
385 1694 471 1716 suos
509 1681 720 1729 diffugiunt.
777 1679 986 1721 Hannibal,
1031 1680 1162 1714 ceteris

67 1746 183 1794 copiis
217 1759 283 1794 per
314 1748 434 1782 otium
467 1746 649 1795 trajectis,
681 1757 858 1794 spernens
887 1744 966 1794 jam
997 1745 1162 1780 Gallicos

67 1807 264 1850 tumultus,
285 1815 407 1843 castra
432 1808 543 1843 locat.
599 1807 898 1856 Elephantorum
922 1806 1162 1856 trajiciendo·
1179 1809 1346 1882 Elephagti

1178 1862 1298 1890 quomo
1321 1861 1341 1880 ο

70 1883 151 1906 rum
174 1871 276 1906 varia
308 1870 464 1906 consilia
486 1871 600 1906 fuisse
631 1871 763 1905 credo:
797 1875 896 1904 certe
921 1871 1064 1905 variata
1088 1883 1165 1905 me·
1178 1896 1308 1933 trajecti.

71 1934 192 1968 moria
217 1940 308 1968 actae
328 1934 404 1968 rei:
437 1934 600 1981 qnidam,
623 1933 860 1980 congregatis
886 1932 932 1967 ad
955 1933 1072 1981 ripam
1093 1933 1167 1968 ele-

70 1997 237 2046 phantis,
265 1997 431 2039 tradunt,
460 1997 733 2032 ferocissimum
762 2008 806 2030 ex
833 1996 876 2030 iis
906 1996 1091 2031 irritatum
1122 1996 1167 2031 ab

74 2067 219 2096 rectore
245 2073 327 2103 suo,
358 2073 470 2108 quum
502 2060 747 2107 refugientem
782 2060 819 2094 in
853 2071 987 2106 aquam
1020 2065 1170 2095 nantem

76 2130 304 2171 sequeretur,
331 2124 488 2158 traxisse
509 2136 673 2171 gregem,
704 2129 743 2157 ut
768 2134 951 2170 quemque
976 2122 1171 2157 timentem

76 2187 311 2222 altitudinem
337 2187 557 2222 destituerat
582 2186 729 2227 vadum,
754 2186 882 2234 inpetu
909 2185 990 2233 ipso
1010 2184 1170 2220 fluminis

75 2251 114 2285 in
133 2249 288 2285 alteram
306 2251 425 2299 ripam
445 2250 624 2298 rapiente.
665 2249 849 2283 'Ceterum
871 2248 988 2294 magis
1009 2253 1170 2289 constat,

79 2312 218 2348 ratibus
245 2312 445 2363 trajectos·
479 2313 514 2348 id
538 2319 577 2348 ut
603 2313 721 2348 tutius
749 2311 946 2348 consilium
978 2316 1065 2345 ante
1096 2322 1173 2346 rem
